1988 3256
263 377 359 422 226

463 388 565 422 THE
600 388 846 424 REGISTER
881 389 941 423 OF
976 389 1154 423 BISHOP
1188 388 1592 423 BRANTYNGHAM.

267 492 345 554 lAss'ss'
377 494 531 534 Thomas,
549 496 623 534 etc„
641 494 816 536 Religiosis
831 494 929 535 Viris,
954 495 1143 536 Bodmynie
1165 498 1201 528 et
1224 495 1430 528 Launstonie
1454 495 1669 527 Prioratuum
1686 491 1808 524 Priori-

269 547 375 588 v01.'1.

267 621 320 649 fol.
332 622 357 648 3.

422 538 495 578 bus,
513 548 550 570 ac
565 538 711 570 discreto
724 538 804 578 viro,
817 539 950 570 Rectori
966 539 1112 570 Ecclesie
1126 539 1326 571 Parochialis
1339 539 1454 571 Sancti
1470 538 1637 579 Maugani,
1653 537 1809 574 salutem,

422 582 620 615 etc.-Cum
636 592 706 622 nos,
725 583 824 614 certis
840 593 881 614 ex
897 583 1004 614 causis
1027 586 1062 614 et
1083 583 1243 623 legitimis
1265 594 1326 615 nos
1341 583 1374 614 in
1391 583 1453 615 hac
1469 586 1564 624 parte
1581 580 1807 617 moventibus,

422 625 465 657 de
481 626 638 665 moribus,
655 626 733 664 vita,
751 629 787 657 et
802 626 1054 658 conversacione
1070 627 1225 667 Hugonis
1241 627 1399 667 Filberte,
1417 627 1592 658 Rectorem
1612 623 1755 656 Ecclesie
1767 622 1810 654 de

423 669 456 701 la
471 669 584 701 Roche
607 680 641 700 se
663 670 815 709 dicentis,
839 680 882 701 au
906 670 1036 711 prefate
1058 670 1204 702 Ecclesie
1226 671 1436 702 deserviatur
1458 669 1672 702 laudabiliter
1693 667 1728 698 in
1751 666 1808 698 Di-

428 713 527 753 vinis,
546 716 580 744 et
595 713 784 745 animarum
800 724 878 745 eura
894 714 928 744 in
945 713 1017 754 ipsa
1029 714 1142 746 debite
1157 717 1378 755 supportetur
1392 725 1434 746 an
1451 724 1504 752 ne,
1524 715 1660 754 propter
1675 710 1812 742 sinistra

424 756 535 798 aliqua
557 756 839 789 incontinenciam
863 758 1100 789 concernencia
1122 769 1188 799 que
1211 758 1365 790 dolenter
1387 757 1579 789 audivimus
1609 756 1651 787 de
1680 754 1811 792 eodem,

425 800 598 832 cerciorari
613 800 732 832 intime
749 803 782 832 et
799 801 1018 832 effectualiter
1033 801 1228 833 affectemus
1242 812 1251 841 ;
1273 802 1377 841 vobis,
1391 800 1600 842 conjunctim
1615 802 1651 830 et
1666 797 1812 836 divisim,

426 844 672 876 committimus
695 848 731 876 et
754 845 963 884 mandamus,
987 844 1131 876 firmiter
1151 845 1380 887 injungentes,
1398 845 1559 886 quatinus
1575 844 1617 875 de
1633 841 1812 884 premissis,

426 891 462 919 et
477 890 621 929 gestura,
637 898 765 919 necnon
781 888 1037 925 incontinencia‚
1051 889 1204 930 Hugonis
1220 889 1372 931 predicti,
1387 889 1487 930 juxta
1503 887 1671 930 publicam
1686 885 1812 917 famam

427 931 462 963 in
479 932 558 963 villa
573 932 615 963 de
630 931 663 963 la
678 931 792 963 Roche
814 932 963 974 predicta
986 935 1022 964 et
1043 932 1116 964 aliis
1138 933 1218 972 locis
1241 932 1495 972 circumvicinis,
1513 935 1553 963 ut
1568 931 1704 969 dicitur,
1721 929 1811 961 labo-

430 980 572 1014 rantem,
589 986 648 1016 per
662 975 751 1007 viros
766 975 962 1017 fidedignos,
976 976 1108 1018 plenam
1123 977 1158 1008 in
1174 977 1236 1008 hac
1252 980 1346 1018 parte
1356 977 1514 1008 noticiam
1526 975 1727 1013 obtinentes,
1739 982 1813 1015 pre-

428 1019 500 1051 fato
517 1018 655 1059 Hugoni
670 1019 809 1051 minime
824 1023 1005 1061 suspectos,
1021 1020 1121 1062 juxta
1136 1020 1373 1052 discrecionem
1389 1020 1482 1052 vobis
1498 1031 1517 1050 a
1532 1019 1603 1051 Deo
1618 1018 1744 1055 datam,
1756 1026 1811 1047 vo-

427 1066 503 1094 cato
518 1063 560 1094 ad
577 1063 639 1095 hoc
655 1063 813 1104 primitus
831 1063 974 1105 Hugone
989 1064 1149 1105 predicto,
1165 1064 1228 1096 viis
1250 1068 1285 1096 et
1307 1064 1415 1096 modis
1438 1063 1561 1105 quibus
1577 1062 1697 1094 melius
1713 1070 1812 1102 expe-

428 1106 499 1138 dire
515 1106 676 1147 videritis,
693 1107 881 1149 inquiratis.
930 1108 975 1139 Et
990 1107 1153 1149 quicquid
1175 1108 1370 1140 inveneritis
1385 1108 1420 1139 in
1435 1108 1498 1139 hac
1514 1109 1618 1148 parte,
1634 1115 1763 1137 necnon
1786 1103 1816 1135 si

429 1150 540 1182 dictus
565 1150 664 1191 Hugo
687 1160 788 1192 super
811 1151 981 1192 premissis
1003 1152 1133 1183 notorie
1157 1152 1261 1183 fuerit
1283 1155 1468 1190 accusatus,
1485 1154 1520 1182 et
1535 1149 1693 1191 precipue
1715 1158 1816 1189 super

429 1194 687 1233 incontinencia,
703 1205 782 1226 cum
805 1205 872 1236 qua
895 1195 948 1227 vel
971 1195 1105 1236 quibus,
1127 1206 1166 1227 ac
1188 1199 1272 1237 quot
1295 1199 1331 1227 et
1353 1195 1469 1237 quales
1491 1195 1570 1234 sint,
1587 1193 1615 1225 si
1630 1193 1741 1225 solute
1763 1191 1817 1223 vel

430 1237 619 1279 conjugate,
635 1241 697 1270 aut
711 1238 817 1279 ipsius
834 1239 988 1280 Hugonis
1004 1239 1072 1271 filie
1095 1239 1296 1280 spirituales,
1311 1250 1382 1278 nos,
1399 1238 1483 1270 citra
1498 1238 1637 1270 Festum
1654 1236 1817 1276 Assump-

429 1281 532 1313 cionis
547 1282 650 1313 Beate
667 1282 771 1314 Marie
786 1283 938 1323 proximo
954 1283 1122 1321 futurum,
1139 1283 1225 1314 clare
1241 1286 1276 1315 et
1291 1283 1452 1315 distincte
1474 1280 1665 1314 certificetis
1688 1290 1746 1321 per
1763 1278 1827 1321 Li·-

428 1328 517 1357 teras
533 1332 670 1366 vestras,
687 1326 907 1360 etc—Dated
925 1326 1075 1366 London,
1094 1328 1113 1358 2
1129 1327 1150 1359 J
1154 1327 1223 1368 uly-

383 1391 715 1443 Testamentar53
746 1391 1078 1442 Gertvficatorium
1106 1392 1367 1440 Probacionis,
1389 1399 1467 1439 etc„
1494 1392 1819 1430 Testamentorum

438 1446 473 1495 ij
492 1446 777 1485 Canonicorum
796 1447 959 1486 Ecclesie
978 1447 1219 1495 Exoniensis,
1241 1447 1471 1486 auctoritate
1490 1445 1724 1492 Domini,—

386 1510 586 1551 Venerabili,
600 1514 662 1543 etc.
671 1536 679 1551 ,
692 1512 830 1552 Thome,
844 1513 1060 1554 permissione
1074 1513 1196 1544 Divina
1209 1513 1391 1545 Exoniensi
1403 1512 1576 1553 Episcopo,
1589 1521 1672 1542 suus
1682 1508 1821 1542 humilis

293 2861 344 2889 sol.
359 2861 406 2889 ab.

430 1554 494 1595 [et]
509 1555 653 1587 devotus
666 1555 822 1587 Officialis
837 1567 898 1587 sne
911 1557 1089 1588 Peculiaris
1105 1557 1127 1588 J
1129 1557 1358 1588 urisdiccionis
1369 1556 1404 1588 in
1417 1555 1577 1595 Devonia,
1591 1553 1820 1586 obedienciam

431 1602 529 1631 tanto
546 1599 639 1631 Patri
655 1600 803 1631 debitam
819 1610 895 1632 cum
914 1601 1005 1632 omni
1020 1601 1209 1632 reverencia
1223 1604 1259 1632 et
1270 1599 1652 1633 honora—Mandatum
1670 1600 1820 1630 vestrum

432 1643 664 1680 reverendum,
681 1643 746 1675 sub
761 1654 801 1675 eo
816 1644 875 1684 qui
894 1645 1049 1685 sequitur
1071 1647 1187 1676 tenore
1203 1645 1393 1683 verborum,
1409 1642 1729 1685 recepi,—Thomas,
1745 1643 1820 1681 etc„

433 1690 471 1718 ut
501 1697 603 1728 supra
626 1689 663 1719 in
685 1687 823 1719 secundo
838 1687 925 1728 folio
943 1689 1127 1729 precedente
1149 1688 1210 1728 [see
1232 1698 1315 1730 page
1338 1687 1426 1727 2221.
1483 1686 1696 1719 Auctoritate
1726 1685 1819 1716 Man·

433 1730 506 1762 dati
522 1730 626 1763 vestri
641 1731 826 1771 reverendi,
846 1732 1066 1773 Sequestrum
1083 1732 1118 1763 in
1134 1732 1230 1764 bonis
1246 1733 1507 1764 reverendorum
1524 1730 1681 1768 virorum,
1700 1728 1819 1770 Magis-

433 1774 480 1806 tri
505 1773 580 1806 Ade
609 1774 652 1806 de
679 1775 908 1816 Myrimouthe
935 1778 970 1807 et
994 1776 1148 1807 Nicholai
1179 1776 1380 1817 Bagthorpe,
1406 1775 1652 1808 Canonicorum
1677 1771 1822 1804 Ecclesia

434 1820 546 1850 vestre
561 1817 721 1859 predicte,
737 1818 772 1850 in
797 1818 943 1851 Civitate
966 1822 1002 1851 et
1024 1819 1155 1851 Diocesi
1177 1819 1335 1860 predictis
1357 1819 1592 1858 existentibus,
1608 1817 1668 1859 per
1690 1826 1758 1856 vos,
1781 1819 1823 1848 ut

434 1861 613 1902 prefertur,
629 1872 668 1893 ac
683 1872 742 1903 per
757 1872 821 1902 me,
838 1862 922 1895 citra
937 1863 1163 1904 recepcionem
1180 1863 1405 1903 Presencium,
1421 1862 1624 1894 auctoritate
1646 1862 1759 1892 vestra
1781 1869 1823 1891 ex

435 1905 648 1937 habundanti
662 1905 911 1947 interpositum,
927 1906 962 1938 in
987 1907 1134 1938 Ecclesia
1149 1910 1260 1939 vestra
1276 1906 1470 1939 Oathedrali
1486 1909 1521 1937 et
1537 1905 1683 1938 Civitate
1699 1903 1822 1936 Exoni-

436 1948 519 1987 ensi,
538 1959 576 1980 ac
590 1948 663 1980 aliis
679 1949 758 1981 locis
774 1950 929 1990 congruis
945 1953 980 1981 et
994 1950 1170 1991 oportunis
1186 1950 1353 1992 publicavi
1368 1953 1404 1982 et
1426 1949 1589 1991 publicari
1611 1948 1676 1980 feci
1690 1957 1698 1987 ;
1720 1957 1759 1979 ac
1780 1947 1824 1979 ad

437 1992 596 2024 noticiam
613 1993 765 2024 omnium
781 1996 816 2025 et
831 1993 1041 2034 singulorum
1057 2004 1202 2036 quorum
1225 1993 1384 2025 interfuit
1400 1993 1525 2025 deduxi
1541 2003 1550 2031 ;
1574 1993 1727 2033 bonaque
1750 2000 1822 2032 pre·

436 2035 538 2075 dicta,
554 2036 667 2068 omnia
682 2039 718 2068 et
733 2037 874 2077 singula,
891 2037 956 2069 sub
970 2040 1044 2069 arto
1060 2041 1095 2069 et
1110 2038 1202 2069 salvo
1217 2038 1259 2069 ad
1282 2040 1418 2079 tempus
1441 2035 1607 2068 custodivi
1630 2035 1823 2077 Sequestro.

440 2079 570 2111 Deinde
578 2080 781 2112 Executores
787 2081 1080 2113 Testamentorum
1093 2081 1320 2122 predictorum
1331 2081 1571 2112 defunctorum
1580 2079 1622 2111 ad
1632 2088 1823 2120 comparen-

440 2123 524 2155 dum
537 2133 648 2155 coram
663 2134 726 2163 me,
738 2124 883 2156 termino
898 2125 1114 2166 competenti,
1127 2125 1344 2157 Testamenta
1355 2124 1416 2166 huj
1421 2123 1554 2156 usmodi
1563 2122 1775 2155 exhibituros
1790 2124 1827 2153 et

440 2166 476 2198 in
490 2166 605 2199 debita
615 2166 702 2208 juris
713 2167 822 2199 forma
832 2167 1041 2209 probaturos,
1053 2168 1118 2200 feci
1127 2168 1276 2208 legitime
1286 2168 1424 2200 evocari.
1457 2168 1532 2207 Quo
1541 2167 1687 2199 termino
1698 2166 1824 2198 Execu-

440 2213 530 2242 tores
546 2211 840 2243 Testamentorum
856 2212 1084 2253 predictorum
1101 2212 1340 2244 defunctorum
1361 2222 1471 2244 coram
1495 2221 1550 2243 me
1565 2211 1827 2251 comparuerunt

440 2256 476 2286 et
487 2254 704 2287 Testamenta
716 2254 916 2296 hujusmodi
927 2255 1164 2288 exhibuerunt.
1196 2257 1409 2294 Executores,
1422 2265 1511 2295 vero,
1523 2253 1733 2287 Testamenti
1743 2252 1828 2285 dieti

442 2297 595 2338 Magistri
614 2298 685 2330 Ade
700 2299 927 2331 exhibuerunt
942 2299 1199 2332 Testamentum
1215 2299 1378 2341 ejusdem,
1392 2309 1502 2331 coram
1518 2297 1649 2331 Vicario
1667 2296 1828 2331 Custodia

442 2344 478 2373 et
508 2341 664 2374 Officialis
695 2341 952 2384 Spiritualitatis
983 2343 1204 2385 Episcopatus
1234 2343 1431 2375 Exoniensis
1460 2345 1612 2385 tempore
1643 2340 1828 2374 vacacionis

442 2387 542 2418 antea
567 2386 759 2427 probatum,
782 2386 846 2418 sub
869 2387 949 2418 data
971 2391 1063 2419 xxmo
1088 2387 1154 2429 vij⁰
1176 2387 1230 2419 die
1260 2387 1384 2419 mensis
1406 2386 1543 2428 Aprilis,
1568 2386 1667 2417 Anno
1691 2383 1828 2416 Domini

443 2428 666 2471 infrascripto,
697 2432 731 2462 et
755 2441 816 2471 pro
838 2431 955 2462 eodem
977 2441 1038 2472 per
1067 2431 1210 2463 eundem
1234 2430 1505 2472 pronunciatum.
1551 2430 1606 2470 Et,
1630 2428 1745 2468 eciam,
1771 2437 1826 2461 ex·

443 2472 631 2505 hibuerunt
646 2473 880 2506 Inventarium
896 2474 939 2506 de
954 2474 1049 2506 bonis
1064 2474 1227 2515 ejusdem,
1244 2474 1287 2506 ad
1302 2474 1365 2506 hoc
1380 2476 1478 2506 antea
1501 2484 1561 2515 per
1582 2473 1728 2505 eundem
1745 2472 1827 2504 Cus-

445 2516 561 2548 todem
583 2517 715 2549 onerati
737 2520 772 2549 et
793 2517 907 2559 jurati,
924 2521 966 2550 ut
988 2518 1140 2560 liquebat
1162 2518 1344 2550 evidenter.
1390 2517 1634 2558 Petieruntque
1658 2515 1829 2548 Adminis-

446 2560 630 2592 tracionem
655 2561 821 2593 bonorum
838 2561 1064 2602 predictorum
1081 2572 1140 2603 per
1154 2571 1218 2602 me,
1242 2561 1443 2594 auctoritate
1457 2563 1579 2600 vestra,
1595 2560 1642 2592 eis
1664 2560 1700 2592 in
1722 2559 1831 2592 forma

446 2603 533 2645 juris
549 2604 718 2636 committi
734 2615 742 2644 ;
765 2605 889 2646 quibus
905 2605 952 2637 sic
967 2605 1170 2647 petentibus,
1189 2605 1345 2647 primitus
1360 2605 1396 2636 in
1419 2605 1528 2636 forma
1549 2604 1636 2646 juris
1658 2603 1773 2635 debita
1795 2605 1832 2634 et

449 2650 610 2680 consueta
624 2647 758 2689 juratis,
775 2648 1113 2681 Administracionem
1130 2649 1296 2681 bonorum
1319 2648 1527 2690 hujusmodi,
1543 2647 1745 2679 auctoritate
1760 2656 1831 2678 ves-

448 2694 512 2731 tra,
528 2691 690 2724 commisi.
730 2692 947 2731 Executores,
971 2703 1060 2732 vero,
1081 2693 1204 2734 prefati
1226 2692 1379 2734 Magistri
1399 2691 1553 2724 Nicholai
1575 2691 1831 2724 Testamentum

450 2734 602 2776 ejusdem
618 2735 654 2767 in
669 2735 779 2767 forma
794 2735 888 2777 juris,
906 2738 944 2768 ut
961 2736 1181 2778 premittitur,
1199 2736 1409 2778 probandum
1425 2735 1661 2774 exhibuerunt,
1675 2737 1711 2766 et
1721 2743 1833 2767 coram

448 2788 512 2818 me,
539 2778 742 2811 auctoritate
771 2782 891 2819 vestra,
923 2780 1110 2820 probarunt
1125 2791 1133 2820 ;
1163 2790 1224 2821 pro
1253 2779 1352 2821 cujus
1380 2779 1582 2811 Probacione
1604 2777 1833 2820 pronunciavi.

450 2821 664 2863 Eosdemque
691 2823 896 2855 Executores
920 2823 961 2854 de
986 2823 1076 2855 fideli
1101 2823 1294 2856 Inventario
1320 2823 1362 2854 de
1388 2822 1530 2864 singulis
1551 2822 1653 2854 rebus
1675 2824 1711 2853 et
1736 2821 1834 2853 bonis

450 2865 603 2906 ejusdem
619 2865 654 2896 in
679 2866 810 2898 Diocesi
826 2869 938 2898 vestra
954 2867 1136 2899 Exoniensi
1159 2866 1383 2899 existentibus
1405 2866 1610 2898 conficiendo
1630 2864 1737 2908 jurari
1758 2863 1834 2905 feei,

450 2911 491 2940 ut
506 2911 559 2940 est
575 2909 687 2949 moris,
704 2910 958 2952 terminumque
973 2913 1222 2952 competentem
1237 2910 1281 2942 ad
1302 2909 1394 2942 idem
1418 2909 1650 2942 Inventarium
1674 2907 1832 2941 exhiben-

447 2951 531 2983 dum
554 2951 680 2984 eisdem
703 2953 895 2994 assignavi3
918 2964 995 2996 quo,
1019 2954 1168 2995 quidem,
1192 2953 1337 2987 termino
1359 2953 1461 2986 iidem
1485 2953 1690 2986 Executores
1711 2951 1832 2985 Inven-

445 2995 572 3027 tarium
588 2994 796 3039 hujusmodi,
814 3007 874 3040 per
888 3008 944 3030 eos
961 2998 1164 3039 confectum,
1179 3008 1291 3030 coram
1315 3007 1370 3030 me
1391 2996 1630 3037 exhibuerunt,
1647 2995 1833 3041 petierunt·
