1988 3256
485 375 772 411 REGISTRUM
814 351 1272 412 conuulsa—Anno
1305 365 1400 412 12⁰.
1609 366 1701 411 451

156 477 234 506 ΑΒ·
268 480 367 520 Item,
384 480 475 522 apud
493 480 598 523 Clyst,
616 481 763 513 secundo
779 481 833 513 die
849 482 871 514 J
875 481 943 520 ulii,
960 481 1132 514 emanavit
1147 481 1348 514 Mandatum
1371 480 1541 513 directum
1565 481 1701 513 Decano

157 514 256 573 {33¹¹}
310 525 354 556 de
384 525 587 564 Dunsforde,
618 528 654 556 et
687 526 884 557 Rectoribus
915 525 1139 558 Ecclesiarum
1168 526 1211 557 de
1241 525 1562 566 Dodiscombeleghe
1588 531 1626 557 et
1659 526 1702 557 de

217 566 224 573 '
256 565 264 574 ⁶
310 568 515 600 Asshertone
530 567 690 610 [Ashton]‚
707 570 931 601 communiter
953 573 988 601 et
1003 569 1149 608 divisim,
1165 570 1209 601 ad
1230 569 1512 611 sequestrandum
1528 568 1641 600 omnia
1664 573 1700 600 et

309 612 441 653 singula
464 612 550 643 bona
573 613 711 644 Domini
734 613 887 645 Nicholai
911 614 1076 650 Bursetre,
1095 623 1203 654 nuper
1226 613 1384 654 Perpetui
1406 613 1530 644 Vicarii
1554 612 1700 644 Ecclesia

311 655 511 687 Parochialis
533 656 575 688 de
599 656 768 695 Cristowe,
792 657 835 688 ab
857 657 1028 696 intestato,
1064 660 1104 688 ut
1137 657 1271 696 dicitur,
1295 657 1497 695 decedentis,
1521 667 1699 698 quousque

310 700 568 731 Testamentum
590 700 708 740 ipsius,
733 701 761 732 si
784 701 886 742 qnod,
903 704 978 740 etc,
995 701 1100 732 fuerit
1122 701 1313 742 probatum,
1330 703 1366 732 et
1387 701 1430 732 ad
1453 700 1697 742 inquirendum

308 743 351 774 de
373 744 566 784 quantitate
590 744 756 775 bonorum
779 744 884 786 ipsius
907 744 1086 783 defuncti;
1122 754 1263 784 necnon,
1287 745 1330 776 ad
1353 744 1615 776 custodiendum
1639 744 1697 775 Se-

310 791 497 828 questrum,
522 790 597 826 etc.‚
628 798 814 830 quousque,
841 792 931 826 etc.;
962 791 998 820 et
1027 789 1070 819 ad
1102 789 1326 820 ordinandum
1358 799 1420 830 pro
1442 798 1521 820 cura
1543 787 1697 829 ejusdem

308 831 454 862 Ecclesie
471 842 479 871 ;
502 834 538 863 et
552 831 595 862 ad
611 831 873 872 certificandum,
890 832 975 864 citra
992 832 1130 864 Festum
1147 831 1263 864 Sancti
1285 832 1403 864 Jacobi
1426 831 1578 874 proximo
1601 831 1697 863 futu-

309 885 395 914 rum,
412 875 455 906 de
470 885 602 907 summa
617 879 654 906 et
668 876 860 916 quantitate
877 876 1050 908 bonorum.

268 918 367 957 Item,
383 918 519 958 ibidem,
533 919 636 950 tercio
651 919 706 950 die
720 919 814 959 Julii,
832 920 1002 951 emanavit
1018 919 1217 951 Mandatum
1239 919 1405 951 directum
1419 919 1567 961 personis
1581 929 1697 960 supra·

309 962 451 1003 scriptis,
468 963 511 993 ad
526 963 732 994 mouendum
757 963 987 995 Baldewinum
1003 964 1120 1003 Aeshe,
1136 964 1200 995 sub
1223 974 1309 1004 pena
1331 963 1699 995 Excommunicacionis

310 1005 458 1047 Majoris,
481 1007 572 1047 quod
595 1007 752 1038 liberaret
774 1010 865 1038 certa
887 1007 974 1039 bona
995 1017 1062 1048 que
1083 1007 1226 1039 fuerunt
1242 1007 1362 1038 Vicarii
1384 1008 1427 1038 de
1451 1007 1621 1046 Cristowe,
1638 1007 1696 1038 de-

310 1049 430 1091 functi,
447 1050 610 1089 intestati,
627 1053 697 1082 tam
716 1050 749 1082 in
767 1050 908 1092 pecunia
923 1054 1100 1082 numerata
1122 1061 1226 1092 quam
1248 1051 1322 1082 aliis
1344 1051 1446 1083 rebus
1468 1061 1535 1092 que
1556 1055 1698 1092 occupat

310 1093 513 1125 anctoritate
543 1094 678 1135 propria
707 1097 742 1125 et
771 1094 900 1135 injuste
930 1095 1072 1134 detinet,
1097 1094 1237 1136 prefatis
1268 1094 1444 1136 personis;
1473 1094 1622 1136 alioquin
1652 1094 1696 1127 ad

309 1137 484 1168 citandum
497 1137 617 1178 ipsum,
631 1138 862 1178 peremptorie,
875 1138 966 1179 quod
982 1141 1174 1179 compareat
1185 1139 1405 1179 personaliter
1416 1148 1527 1170 coram
1541 1139 1696 1177 Domino,

308 1180 344 1211 in
363 1180 496 1222 Capella
510 1181 652 1213 Manerii
667 1182 709 1212 de
732 1181 839 1224 Clyst,
856 1181 910 1213 die
933 1182 1072 1214 sabbati
1095 1182 1247 1223 proximo
1270 1181 1306 1222 [a
1329 1182 1426 1214 blank
1447 1192 1547 1223 space,
1563 1181 1622 1222 lefl
1637 1181 1699 1223 sffl‘

308 1228 384 1265 post
399 1235 437 1255 or
451 1224 544 1265 ante]
555 1225 694 1256 Festum
710 1225 954 1257 Translacionis
970 1226 1086 1258 Sancti
1101 1226 1240 1258 Martini
1256 1226 1409 1267 proximo
1422 1236 1512 1258 nunc
1527 1226 1696 1265 fut-urum,

309 1278 410 1309 super
425 1268 623 1300 detencione
638 1268 837 1310 hujusmodi
851 1280 1074 1311 responsurus
1091 1279 1100 1308 ;
1122 1280 1262 1309 necnon,
1279 1269 1322 1301 de
1337 1270 1479 1301 veritate
1501 1270 1652 1309 dicenda,
1669 1270 1698 1301 si

310 1315 473 1353 oporteat,
505 1313 723 1353 personaliter
751 1313 928 1354 juraturus
945 1324 954 1353 ;
992 1313 1203 1355 ulteriusque
1233 1314 1396 1351 facturus,
1428 1317 1501 1353 etc,
1533 1313 1622 1354 quod
1654 1313 1698 1344 ad

311 1366 437 1387 meram
460 1356 571 1387 anime
593 1366 653 1388 sue
676 1357 916 1388 correccionem
939 1357 1125 1388 dinoscitur
1148 1357 1322 1398 pertinere.
1370 1357 1463 1397 Vult,
1487 1361 1613 1396 antem,
1630 1357 1696 1388 Do-

310 1399 423 1430 minus
448 1400 539 1440 quod
562 1400 651 1431 dicte
674 1411 814 1441 persone
836 1411 956 1442 corpus
979 1401 1062 1432 dicti
1085 1401 1248 1440 defuncti,
1273 1401 1454 1432 moderatis
1478 1401 1632 1442 expensis
1654 1400 1698 1432 de

309 1442 406 1474 bonis
422 1453 481 1474 seu
497 1443 665 1475 fructibus
680 1444 796 1484 ipsius,
812 1444 927 1476 debite
943 1444 1074 1485 sepeliri
1092 1444 1175 1484 (sic).
1226 1445 1273 1476 Et
1296 1445 1423 1477 habent
1445 1445 1488 1476 ad
1511 1444 1695 1476 certifican-

310 1486 404 1526 dum,
421 1487 520 1518 dictis
536 1487 590 1519 die
606 1492 642 1519 et
656 1487 737 1527 loco,
755 1487 837 1529 qnid
853 1488 982 1520 factum
998 1488 1104 1520 fuerit
1118 1488 1152 1520 in
1170 1488 1349 1530 premissis.

268 1546 573 1598 Testamentary
588 1560 599 1595 3
631 1547 873 1596 Approbacio
903 1548 1135 1586 Testamenti
1152 1548 1345 1586 Jolzanm's
1363 1548 1535 1595 Beck,—

266 1600 364 1639 Item,
381 1601 469 1641 apud
488 1601 593 1642 Clyst,
610 1601 731 1642 quinto
747 1602 802 1633 die
816 1602 836 1633 J
842 1602 910 1641 ulii,
927 1602 1042 1641 Alicia,
1059 1602 1175 1634 relicta
1197 1603 1218 1634 J
1222 1602 1363 1634 ohannis
1380 1603 1481 1642 Rede,
1497 1603 1540 1634 de
1556 1603 1694 1643 Exonia,

309 1644 471 1683 defuncti,
488 1648 524 1676 et
540 1645 698 1683 Andreas,
717 1645 805 1677 filius
821 1646 1015 1684 eorundem,
1033 1646 1237 1678 Executores
1253 1646 1417 1687 ejusdem,
1434 1650 1696 1687 comparuerunt

309 1698 420 1719 corum
437 1688 582 1720 Domino
605 1689 832 1729 personaliter,
856 1692 892 1721 et
914 1690 1144 1721 exhibuerunt
1167 1690 1400 1721 lnveutarium
1426 1691 1589 1722 bonorum
1613 1690 1696 1722 dicti

307 1731 461 1763 defuncti
476 1732 517 1763 ad
534 1742 703 1764 summam
727 1732 926 1774 DCvaijli.
946 1733 1013 1774 ijs„
1030 1736 1066 1765 et
1088 1733 1263 1775 petierunt
1278 1733 1453 1765 humiliter
1469 1734 1693 1766 Administra-

306 1775 436 1806 cionem
460 1776 624 1807 bonorum
649 1776 846 1818 hujusmodi
862 1777 1120 1808 Testamentum
1143 1777 1446 1817 concerneucium3
1469 1777 1605 1819 quibus,
1621 1778 1694 1819 qui-

307 1819 395 1858 dem,
411 1819 517 1851 Alicie
533 1823 567 1850 et
583 1820 716 1851 Andree
733 1820 900 1852 Dominus
915 1820 1022 1862 ipsam
1038 1820 1390 1860 Administracionem,
1404 1831 1471 1852 nna
1486 1831 1564 1853 cum
1580 1832 1694 1863 super-

306 1863 433 1894 visioue
450 1864 523 1894 Ade
539 1863 631 1902 Scut,
648 1863 812 1895 ,Iohannis
829 1864 966 1905 Nymet,
984 1868 1020 1896 et
1043 1865 1063 1896 J
1068 1864 1207 1896 ohannis
1232 1865 1401 1904 Powtone,
1418 1865 1453 1897 in
1476 1865 1585 1897 forma
1606 1865 1694 1906 juris

306 1906 438 1947 juratis,
455 1907 624 1939 commisit
641 1910 723 1939 tunc
738 1907 875 1939 ibidem.

261 1965 455 2005 Christow
476 1965 547 2018 (see
565 1966 764 2016 above),—

261 2020 362 2060 Item,
383 2021 520 2060 ibidem,
543 2025 640 2053 sexto
662 2022 716 2053 die
739 2022 760 2053 J
766 2020 834 2061 ulii,
859 2021 1025 2054 Dominus
1049 2022 1128 2054 fecit
1152 2023 1353 2064 preconizari
1375 2023 1487 2065 sepius
1518 2024 1692 2056 Decanum

305 2064 348 2095 de
366 2065 558 2096 Dunsforde
574 2069 609 2096 et
626 2066 782 2097 Rectores
799 2065 1023 2097 Ecclesiarum
1040 2066 1082 2098 de
1099 2067 1421 2108 Dodiscombeleghe
1443 2071 1480 2099 et
1494 2068 1537 2100 de
1554 2068 1692 2100 Assher·

305 2111 394 2148 tone,
418 2119 519 2150 super
541 2119 581 2140 eo
604 2110 694 2150 quod
719 2119 787 2141 nou
810 2109 1040 2141 certificarunt
1063 2110 1105 2141 de
1128 2110 1290 2142 Mandato
1321 2112 1378 2151 eis,
1409 2111 1635 2143 communiter
1657 2115 1692 2143 et

303 2152 448 2191 divisim,
464 2153 601 2191 directo,
617 2157 652 2184 et
674 2152 823 2184 Johanni
846 2153 984 2192 Brooke,
1008 2153 1138 2192 clei-im,
1156 2154 1198 2185 de
1222 2155 1405 2196 Honytone
1429 2155 1536 2196 Clyst,
1553 2155 1689 2194 tradito,

302 2195 346 2226 ad
369 2196 576 2228 monendum
598 2207 656 2228 seu
680 2197 761 2228 alias
783 2197 958 2228 citandum
982 2197 1224 2238 Baldewynum
1241 2199 1358 2239 Asshe,
1375 2203 1477 2240 prout
1499 2199 1690 2240 prefertur-3

303 2249 388 2280 quos
403 2250 520 2271 omnes
535 2243 570 2271 et
585 2240 743 2281 singulos,
760 2240 807 2272 sic
821 2241 1049 2282 preconizatos
1064 2251 1102 2273 ac
1117 2241 1249 2273 diucius
1272 2246 1475 2284 expectatOS,
1493 2243 1688 2284 pronuncia-

304 2282 355 2314 vit
371 2287 584 2315 contumaces
601 2294 609 2322 3
632 2294 718 2325 pena
732 2284 796 2316 sibi
811 2284 1000 2325 specialiter
1015 2288 1192 2317 reservata.

258 2341 715 2395 Letters-Dimissory‚——

258 2396 385 2428 Master
409 2398 553 2430 Richard
577 2398 720 2438 Broune,
738 2397 838 2438 clerk,
859 2398 934 2431 “ad
956 2409 1072 2431 omncs
1096 2402 1167 2432 tam
1192 2400 1337 2432 Minores
1360 2410 1463 2443 quam
1486 2401 1603 2434 Sacros
1627 2401 1687 2433 Or·

302 2440 398 2472 dines
409 2442 427 2454 ’¹
444 2441 591 2484 (Ottery,
608 2442 627 2473 8
642 2441 749 2483 Ju15).

147 2496 202 2557 31¹5
260 2501 539 2552 Collumpton3
574 2501 724 2540 Lz'cence
743 2508 780 2540 to
793 2502 1038 2551 celeb-ate,—

205 2551 211 2557 '
259 2556 358 2594 Item,
389 2556 516 2587 eisdem
545 2555 600 2587 die
622 2559 658 2587 et
679 2556 760 2595 loco,
783 2556 949 2588 Dominus
972 2558 1135 2602 concessit
1158 2558 1345 2590 Lieeneiam
1368 2559 1515 2591 Domino
1537 2559 1686 2592 Johanni

301 2597 470 2641 [ΒΜ-ΜΠ,
495 2599 662 2640 Perpetuo
684 2599 815 2631 Vicario
837 2600 879 2631 de
902 2600 1139 2642 Columptone,
1154 2602 1245 2643 quod
1269 2602 1384 2643 possit,
1401 2606 1475 2642 etc,
1491 2603 1527 2634 in
1551 2603 1686 2645 Capella

299 2643 415 2674 Sancti
430 2642 548 2674 Jacobi
562 2643 664 2674 semel
680 2643 715 2675 in
731 2653 828 2683 ann0,
842 2646 877 2675 et
892 2643 926 2675 in
945 2645 1078 2686 Capella
1094 2646 1209 2677 Sancti
1226 2646 1368 2687 Georgii,
1384 2646 1473 2678 infra
1490 2647 1684 2679 Paroehiam

300 2696 396 2718 suam
412 2686 549 2726 situata,
565 2687 722 2728 quociens
736 2686 801 2718 sibi
816 2687 987 2720 videbitur
1001 2689 1166 2730 expedire.

258 2748 590 2797 Testamentary3
626 2746 813 2784 Probacio
839 2746 1139 2794 Testamenti,—

257 2802 358 2839 Item,
373 2801 464 2841 apud
480 2799 691 2839 Peterhayes,
708 2799 838 2832 decimo
854 2800 908 2832 die
924 2801 947 2833 J
950 2801 1018 2839 ulii,
1036 2802 1216 2843 probatum
1235 2802 1303 2835 fuit
1325 2803 1582 2836 Testamentum
1599 2816 1684 2837 nun·
1712 2826 1716 2829 >

300 2844 498 2885 cupativum
525 2843 665 2875 Roberti
693 2843 821 2885 Gybbe,
849 2854 962 2876 coram
993 2845 1148 2886 Domino,
1175 2850 1210 2877 et
1241 2857 1302 2888 pro
1328 2847 1446 2879 eodem
1468 2848 1686 2880 Testamento

302 2887 451 2928 legitime
467 2887 726 2929 pronunciatum
743 2897 751 2925 ;
774 2887 925 2919 exhibito
941 2888 1133 2920 Inventario
1148 2889 1192 2921 ad
1207 2900 1375 2922 summam
1392 2891 1472 2933 xxvj
1497 2902 1684 2924 marcarum

301 2941 349 2963 κε.
374 2930 468 2974 viijd.
517 2929 702 2962 Commissa
723 2930 792 2961 fuit
812 2930 1072 2964 Administracio
1095 2932 1271 2974 bonorum,
1295 2938 1369 2974 etc„
1394 2934 1564 2976 Margerie,
1590 2937 1685 2969 uxori

301 2974 465 3015 ejusdem,
481 2978 516 3007 et
532 2973 687 3014 Roberto,
704 2973 770 3005 filio
785 2984 856 3009 suo.

287 3017 388 3066 21Ῥ2
