1988 3256
283 357 379 401 234
483 368 584 402 THE
620 368 865 403 REGISTER
900 368 962 401 or
997 366 1176 401 BISHOP
1210 366 1619 404 BRANTYNGHAM.

278 472 355 533 fig:
387 474 594 513 Tawstock
614 472 842 528 [Toustoke,
866 473 966 528 MS.]
984 488 994 522 ;
1022 476 1085 513 Sir
1104 475 1280 514 William
1297 475 1347 514 de
1366 475 1605 522 Wolastone,
1631 477 1747 524 R„-

282 540 343 567 Vol.
361 529 527 568 [Licence
545 529 580 560 of
602 530 855 561 non-residence
870 530 923 560 for
938 541 957 560 a
979 540 1067 571 year,
1093 529 1407 572 “contemplacione
1430 531 1567 563 Domini
1589 531 1756 564 Johanuis
1778 531 1822 563 de

279 575 330 601 fol.
340 575 385 603 7b.
433 573 582 604 Basset'’
606 573 660 614 (31
680 573 778 613 Oct).

279 637 356 698 22¹3·
389 639 666 691 Penitenciary
687 639 888 690 (Deanery
908 641 949 677 of
968 640 1270 691 Plympton),—

280 707 362 737 BER]
387 692 451 735 ijd⁰
466 694 520 726 die
536 694 747 734 Novembris,
771 695 889 726 Frater
906 694 1094 726 Willelmus
1117 694 1296 736 Reynfrey,
1321 694 1457 727 Ordinis
1481 694 1708 735 Carmelitani‚
1733 695 1819 728 Con-

431 739 554 770 ventus
577 738 619 769 de
643 738 788 770 Suttoue
811 736 1027 779 [Plymoufflffl
1057 738 1178 770 habuit
1202 738 1349 770 Literam
1374 739 1625 779 Penitenciarie,
1652 739 1687 771 in
1710 739 1821 771 forma

428 785 597 822 consueta,
614 792 673 823 pro
690 782 864 813 Decauatu
879 782 920 813 de
938 782 1139 824 Plymptone
1156 792 1164 821 ;
1187 782 1352 824 quamdiu
1370 783 1516 815 Domino
1539 782 1703 824 placuerit
1719 782 1819 814 dura-

431 828 555 858 turam.

387 891 557 942 Oratory
579 905 590 940 3
618 891 772 929 Licence
792 898 828 929 to
848 891 1095 939 celebrate,—

384 947 419 978 ix
441 946 495 978 die
511 946 722 985 Novembris,
741 945 906 977 Henricus
923 946 1114 978 Beamonde
1129 946 1250 978 habuit
1266 947 1416 979 Liberam
1432 947 1474 979 de
1489 946 1650 979 celebrari
1665 946 1819 979 faciendo

429 1000 489 1031 pro
504 1001 549 1029 se,
562 1000 666 1021 uxore
682 993 717 1021 et
733 989 860 1021 familia
875 989 953 1029 suis,
970 989 1005 1022 iu
1021 990 1177 1022 Oratorio
1192 1001 1253 1022 suo
1269 991 1357 1022 infra
1372 991 1561 1023 Manerium
1577 991 1619 1022 de
1637 990 1816 1031 Oldestow,

429 1044 488 1076 per
503 1044 612 1065 unum
628 1044 756 1065 annum
772 1033 983 1066 duraturam.

274 1098 336 1130 [‘⁰¹·
383 1099 582 1146 Crediton,
604 1099 673 1137 the
693 1099 908 1148 Collegi-ate
925 1099 1083 1138 Ohurch
1103 1100 1144 1138 of
1153 1112 1163 1146 ;
1193 1098 1390 1150 Obliqacio
1405 1099 1600 1138 Jokannis
1615 1100 1660 1138 de
1676 1101 1817 1138 Astone

274 1133 313 1164 9']
418 1167 488 1203 pro
508 1160 676 1204 quatuor
694 1154 836 1191 marcis
847 1154 1178 1202 persolvendis,—

384 1207 568 1247 Universis‚
585 1211 659 1248 etc„
676 1208 830 1247 Thomas,
847 1208 1098 1240 etc—Noverit
1122 1208 1332 1240 Universitas
1347 1212 1458 1240 vestra
1480 1208 1582 1253 quod,
1599 1219 1676 1240 cum
1700 1208 1816 1240 Domi-

429 1263 494 1284 nus
510 1253 530 1284 J
533 1252 681 1283 ohannes
693 1253 735 1283 de
750 1252 889 1291 Astone,
901 1262 1008 1293 nuper
1023 1252 1283 1284 Thesaurarium
1294 1252 1330 1284 in
1347 1252 1494 1284 Ecclesia
1505 1256 1620 1284 nostra
1633 1252 1818 1294 Collegiata

427 1296 614 1329 Criditonie
637 1307 672 1326 se
695 1296 906 1337 pretendem,
930 1296 964 1327 in
981 1299 1129 1337 quatuor
1152 1296 1270 1327 marcis
1293 1296 1542 1337 sterlingorum,
1559 1296 1728 1327 occasione
1744 1307 1813 1328 cer-

427 1343 540 1372 torum
552 1340 729 1372 fructuum
742 1339 832 1371 dicte
842 1339 1059 1371 Thesaurarie
1072 1339 1168 1371 nobis
1177 1339 1371 1371 debitorum
1383 1343 1419 1372 et
1431 1341 1490 1381 per
1502 1340 1613 1381 ipsum
1625 1340 1647 1372 J
1649 1340 1816 1372 ohannem

427 1388 647 1425 receptorum,
665 1384 760 1414 nobis
778 1383 938 1414 veraciter
960 1387 1139 1423 teneatur;
1162 1387 1197 1415 et
1218 1384 1308 1415 idem
1332 1383 1504 1415 Johannes
1526 1383 1652 1415 dictam
1677 1384 1815 1425 pecunie

426 1438 595 1459 summam
612 1427 717 1467 nobis,
736 1429 775 1458 ut
790 1427 916 1466 asserit,
933 1427 1060 1458 solvere
1075 1430 1222 1469 nequeat
1237 1438 1305 1469 quo
1321 1428 1363 1459 ad
1379 1432 1515 1469 presens
1528 1436 1535 1464 ;
1553 1427 1709 1459 volumus
1724 1428 1816 1469 quod
1849 1466 1862 1469 χ

426 1472 539 1503 dictus
555 1471 735 1508 Johannes,
753 1471 923 1512 quamcito
939 1471 1066 1503 dictam
1081 1470 1221 1512 pecunie
1236 1481 1405 1503 summam
1429 1474 1540 1512 preter
1562 1481 1659 1503 suam
1681 1474 1814 1503 susten-

426 1516 593 1548 tacionem
615 1515 834 1547 necessariam
861 1515 988 1546 solvere
1015 1515 1174 1556 potuerit,
1200 1515 1296 1546 nobis
1322 1515 1449 1556 absque
1475 1514 1638 1546 dilacione
1665 1515 1816 1547 ulteriori

426 1559 610 1591 satisfaciat
625 1559 759 1590 realiter
775 1559 816 1590 de
832 1559 969 1593 eadem:
994 1559 1037 1590 ad
1060 1559 1151 1600 quod
1175 1558 1320 1590 fideliter
1341 1559 1535 1590 faciendum
1557 1569 1593 1590 se
1616 1558 1682 1590 fide
1705 1559 1815 1591 media

425 1603 607 1644 obligavit;
633 1603 764 1644 prefato
781 1602 926 1634 Domino
942 1603 1091 1634 dohanni
1113 1602 1262 1634 acciones
1284 1602 1364 1634 alias
1380 1613 1621 1644 quascumque,
1637 1613 1722 1644 quas
1737 1612 1815 1644 erga

425 1657 504 1679 eum
527 1647 696 1679 occasione
720 1646 958 1687 premissorum
981 1646 1104 1678 habere
1133 1647 1326 1686 poterimus,
1350 1656 1429 1678 cum
1452 1647 1495 1678 de
1521 1646 1652 1688 prefata
1674 1647 1814 1687 pecunie

424 1701 559 1723 summa
581 1691 677 1722 nobis
701 1690 910 1730 satisfecerit,
936 1694 1104 1731 quatenus
1127 1690 1162 1722 in
1185 1690 1281 1722 nobis
1304 1693 1357 1722 est
1379 1690 1526 1731 plenarie
1546 1690 1814 1722 remittentes.—

424 1735 535 1767 Dated
552 1734 702 1774 London,
721 1735 761 1766 10
783 1734 986 1766 November.

270 1803 318 1830 s01·
377 1802 591 1852 Stapeldon
625 1801 746 1846 Hall3
788 1800 1038 1850 Dispensacio
1064 1814 1148 1838 cum
1176 1800 1396 1839 Scolaribus
1423 1800 1469 1838 de
1497 1800 1813 1849 Stapildonhalle

271 1837 314 1864 π’
415 1870 528 1904 super
545 1855 754 1904 ‘recepcione
773 1855 875 1904 iiz‘jor
891 1855 1142 1892 denariorum
1161 1856 1270 1892 ultra
1287 1868 1573 1901 communae,—

380 1911 438 1952 xiij
457 1911 511 1942 die
527 1910 738 1949 Novembris,
754 1910 874 1940 Rector
889 1913 925 1940 et
937 1909 1085 1940 Scolares
1097 1909 1184 1940 Aule
1200 1909 1404 1948 Exoniensis,
1418 1909 1452 1940 in
1466 1909 1604 1948 Oxouia,
1619 1908 1812 1940 habuerunt

424 1954 718 1995 Dispensacionem
741 1964 760 1984 a
784 1952 928 1983 Domino
950 1956 991 1984 ut
1013 1952 1137 1993 singuli
1160 1963 1275 1984 eorum
1298 1953 1428 1993 possint
1451 1963 1567 1993 capere
1582 1953 1624 1984 de
1639 1951 1812 1984 communi

270 1998 321 2025 fol·
336 1999 361 2025 8.
426 1999 508 2030 sista
523 1997 595 2037 (sic)
611 2008 681 2036 sua,
698 1996 950 2028 ebdomadatim
973 2007 1031 2037 per
1055 1994 1120 2027 xlta
1141 1996 1354 2036 septimanas,
1378 2007 1398 2027 a
1420 1996 1474 2027 die
1497 1995 1637 2028 Sabbati
1659 1995 1811 2037 proximo

424 2045 500 2083 post
511 2042 649 2073 Festum
662 2040 777 2072 Sancti
787 2039 1041 2079 Martini‚Aun0
1053 2040 1374 2079 M⁰.OCC¹¹²01xx¹¹¹0,
1382 2040 1471 2071 ultra
1480 2049 1675 2071 communae
1685 2038 1810 2077 solitae,

423 2086 517 2127 iiijd„
534 2095 601 2116 non
615 2084 829 2116 obstantibus
842 2084 990 2115 Statutis
1002 2094 1060 2115 seu
1075 2083 1477 2123 Consuetudinibus,—ut
1486 2094 1589 2124 supra
1601 2082 1636 2114 in
1647 2082 1717 2114 alia
1733 2082 1809 2114 Dia-

420 2131 609 2171 pensacione
625 2130 668 2160 eis
677 2127 784 2168 facta.
830 2125 952 2168 [There
968 2127 996 2159 is
1011 2138 1030 2158 a
1046 2127 1216 2168 duplicate
1232 2137 1316 2168 copy
1332 2127 1367 2158 of
1383 2127 1452 2159 this
1468 2127 1579 2168 Entry
1592 2137 1636 2158 on
1648 2126 1729 2158 folio
1743 2125 1810 2166 10.]

378 2194 839 2244 Letters-Dimissory,-—

378 2249 469 2282 John
487 2248 639 2280 Pafforde
654 2248 696 2279 de
715 2247 900 2288 Hengolou,
917 2246 1016 2286 clerk,
1035 2247 1053 2262 ‘⁶
1067 2247 1109 2278 ad
1125 2257 1241 2278 omues
1254 2246 1396 2279 Ordines
1409 2246 1492 2279 citra
1509 2246 1775 2278 Presbiteratum
1790 2245 1810 2259 ”

420 2293 524 2333 (same
539 2291 642 2331 date).

378 2358 662 2408 Puddington3
696 2356 873 2394 Licencia
895 2356 1064 2394 Hectoris
1091 2356 1136 2394 de
1165 2354 1360 2405 Stokleyke
1382 2356 1585 2405 Pomereye
1612 2355 1666 2393 ad
1691 2354 1811 2404 perci-

409 2413 606 2462 piendum,
628 2419 704 2458 etc„
727 2412 888 2460 fructus
907 2410 1070 2448 Ecclesie
1089 2411 1134 2448 de
1160 2411 1418 2459 Podynytone,
1440 2410 1683 2456 vacantis,--
1821 2437 1826 2441 ψ

378 2468 533 2507 Thomas,
550 2469 624 2506 etc,
639 2465 784 2497 Domino
794 2465 935 2497 Ricardo
948 2465 989 2496 de
1002 2464 1212 2506 Wydeslude,
1224 2464 1360 2496 Rectori
1374 2465 1517 2496 Ecclesie
1529 2464 1571 2495 de
1584 2463 1809 2505 Stokkeleghe

422 2512 611 2551 Pomereye‚
628 2510 784 2548 salutem,
803 2508 1000 2542 etc—Cum
1018 2508 1166 2539 Ecclesia
1189 2507 1390 2539 Parochialis
1411 2508 1454 2540 de
1479 2508 1698 2549 Podyngtone
1713 2517 1734 2538 a
1749 2507 1808 2539 diu

422 2555 598 2594 vacaverit,
616 2557 651 2585 et
666 2556 762 2585 vacet
776 2553 811 2584 in
830 2551 985 2593 presenti,
999 2562 1037 2583 eo
1052 2552 1143 2593 quod
1159 2551 1292 2583 fructus
1307 2554 1343 2583 et
1359 2555 1542 2592 proventus
1558 2551 1710 2592 ejusdem
1726 2550 1809 2582 adeo

422 2602 504 2630 sunt
522 2598 623 2629 exiles
640 2598 730 2639 quod
746 2597 788 2628 ad
804 2596 1088 2627 sustentacionem
1105 2605 1171 2626 non
1188 2595 1378 2626 sufficerent
1394 2595 1519 2636 proprii
1534 2594 1724 2627 Sacerdotis
1738 2603 1746 2630 ;
1763 2593 1808 2626 ad

420 2642 675 2674 deserviendum
692 2651 751 2681 per
766 2643 810 2679 te,
827 2639 880 2671 vel
894 2639 999 2672 alium
1021 2639 1191 2679 ydoneum
1214 2638 1448 2679 presbiterum,
1468 2638 1576 2670 eidem
1603 2638 1748 2670 Ecclesie
1769 2647 1808 2669 ac

422 2685 629 2727 parochianis
647 2685 733 2723 Loci,
750 2693 926 2725 quousque
949 2683 1047 2714 aliter
1069 2682 1114 2714 sit
1132 2682 1315 2723 provisum,
1338 2682 1374 2713 in
1398 2682 1529 2714 Divinis
1545 2681 1670 2714 Officiis
1686 2685 1721 2712 et
1736 2681 1805 2712 ani-

421 2739 553 2761 marum
569 2739 658 2768 cura,
676 2731 777 2768 prout
792 2730 827 2758 et
841 2726 977 2768 quando
993 2736 1125 2757 necesse
1140 2725 1244 2757 fuerit
1259 2728 1295 2757 et
1315 2725 1438 2757 videris
1460 2725 1636 2767 expedire3
1665 2734 1804 2764 necnon,

420 2773 463 2804 ad
492 2772 744 2813 percipiendum
771 2771 904 2803 fructus
930 2772 966 2802 et
992 2773 1176 2811 proventus
1206 2768 1360 2810 ejusdem
1390 2769 1536 2801 Ecclesie
1565 2768 1702 2800 interim
1729 2778 1805 2800 con-

420 2817 612 2856 tingentes3
646 2815 744 2855 dum,
756 2819 878 2854 tamen,
896 2824 996 2845 onera
1018 2813 1122 2854 ipsius
1138 2812 1282 2844 Ecclesie
1305 2812 1546 2852 incumbencia,
1571 2815 1611 2844 ut
1634 2811 1801 2851 convenit,

420 2869 642 2901 recognoscas,
659 2862 694 2890 et
709 2869 789 2890 cura
803 2862 864 2889 tua
886 2857 1078 2899 supradicta
1102 2859 1238 2897 propter
1260 2856 1324 2888 hoc
1345 2856 1469 2888 debitis
1492 2866 1559 2887 non
1581 2855 1803 2887 defraudetur

420 2903 587 2944 obsequiis
603 2913 664 2934 nec
679 2902 753 2943 ejus
770 2912 849 2933 cura
864 2901 1077 2942 aliquatenus
1093 2900 1278 2941 necligatur
1295 2910 1304 2939 ;
1326 2899 1398 2939 tibi,
1415 2900 1457 2931 de
1480 2898 1579 2941 cujus
1601 2897 1804 2931 consciencie

420 2947 577 2988 puritate,
607 2949 680 2986 etc„
707 2956 767 2987 per
796 2946 972 2977 Presentes
998 2943 1235 2977 auctoritatem
1259 2946 1294 2974 et
1319 2943 1507 2975 Licenciam
1533 2942 1803 2984 impertimur.—

419 2990 531 3023 Dated
549 2990 700 3029 London,
719 2990 760 3021 20
782 2988 866 3021 Nov.
