1988 3256
463 385 751 420 REGISTRUM
793 383 1252 419 commune—Anno
1285 375 1382 421 130.
1591 376 1692 421 475

137 491 215 518 A-D·
290 494 440 524 nostram
458 491 625 533 perlatum
641 494 694 523 est
709 491 840 523 noviter
855 490 1091 532 conquerendo
1106 490 1198 532 quod
1214 491 1371 523 nonnulli
1393 491 1548 533 nequicie
1571 491 1636 525 filii'
1655 495 1690 524 et

291 536 439 568 Sathane
453 535 640 567 sathellites
656 535 740 575 (sic),
757 545 903 576 quorum
919 535 1056 566 nomina
1071 535 1272 575 ignorantur
1287 535 1392 566 eciam
1410 538 1446 567 et
1464 546 1613 576 persone,
1626 536 1690 568 Dei

231 579 239 586 “
290 579 413 611 timore
443 579 631 621 postposito
660 590 699 610 ac
732 579 875 610 Ecclesie
904 579 1119 610 Sacrosancte
1150 579 1339 610 reverencia
1371 590 1506 620 prorsus
1543 580 1688 621 abjecta,

290 623 464 664 pecuniam
496 633 563 654 non
594 623 759 654 modicam
789 623 824 653 in
863 633 943 653 auro
980 627 1016 653 et
1049 627 1188 663 argento
1220 623 1473 661 consistentem,
1505 623 1689 662 firmacula,

290 668 417 706 anulos,
434 677 547 708 equos,
565 677 693 698 necnon
710 677 762 697 res
777 666 858 697 alias
874 666 1083 697 diversorum
1099 666 1230 706 generis
1246 677 1284 697 ac
1300 669 1432 707 nature,
1450 677 1517 707 que
1542 667 1690 699 Ecclesie

292 711 494 746 Parochialis
510 711 552 742 de
569 710 855 751 Kilkehamptone
882 713 917 740 et
939 709 1078 741 Domini
1095 710 1271 750 Reginaldi
1288 710 1429 751 Brygge,
1448 710 1603 751 ejusdem
1628 712 1689 743 Ec-

291 755 388 786 clesie
403 754 486 785 dnm
503 754 588 785 vixit
605 754 764 794 Rectoris,
783 756 823 785 ut
838 753 973 793 dicitur,
990 754 1188 791 extiterunt,
1206 753 1248 784 de
1271 753 1425 794 ejusdem
1448 754 1594 786 Ecclesie
1610 755 1690 787 locis

290 802 326 830 et
355 798 522 836 domibus,
553 801 666 839 preter
695 801 731 828 et
761 802 877 828 contra
908 797 1118 828 voluntatem
1143 797 1374 828 Executorum
1399 798 1610 829 Testamenti
1631 809 1691 840 per

291 843 437 874 eundem
464 843 638 873 Rectorem
655 841 804 881 legitime
827 840 964 878 conditi,
981 851 1039 872 seu
1063 840 1206 878 aliorum
1223 851 1515 883 quorumcumque
1538 842 1580 873 ad
1605 853 1691 883 quos

289 886 548 925 administrat-io,
565 885 727 924 custodia,
754 895 814 916 seu
844 885 1054 916 conservacio
1085 884 1250 915 bonorum
1281 888 1317 916 et
1346 895 1459 916 rerum
1491 885 1690 927 hujusmodi

289 930 475 961 extiterant
497 929 665 968 devolute,
689 928 814 969 quibus
836 928 1013 959 commisse
1035 928 1174 959 fuerant
1195 939 1254 960 seu
1278 928 1442 970 injuncte,
1471 939 1538 960 non
1562 930 1690 971 absque

290 973 499 1004 vehementis
514 977 550 1004 et
565 972 732 1004 horrende
748 972 949 1003 temeritatis
965 972 1114 1008 audacia,
1131 982 1190 1012 per
1204 983 1239 1003 se
1255 975 1290 1003 et
1305 973 1387 1004 alios
1410 977 1630 1014 asportarunt
1652 985 1690 1005 ac

290 1017 449 1057 sacrilege
464 1017 691 1047 abduxerunt.
739 1016 847 1054 Unde,
866 1026 943 1046 cum
961 1015 1135 1046 universos
1152 1018 1187 1046 et
1202 1016 1352 1056 singulos
1369 1016 1566 1058 hujusmodi
1589 1017 1688 1048 sacri-

291 1061 383 1101 legos
408 1060 545 1101 Majoris
568 1059 936 1091 Excommunicacionis
959 1059 1175 1091 Sentenciam
1198 1059 1231 1090 in
1256 1060 1403 1101 quadam
1433 1061 1690 1092 Constitucionc

291 1105 376 1135 bone
406 1104 567 1135 memorie
599 1103 736 1135 Domini
768 1103 945 1142 Octoboni,
979 1103 1112 1134 dudum
1143 1103 1336 1143 Apostolice
1367 1104 1463 1135 Sedis
1501 1105 1534 1135 in
1567 1105 1690 1145 Anglia

293 1148 419 1189 Legati,
435 1158 502 1189 que
518 1147 638 1188 incipit
653 1147 705 1178 Ad
720 1148 863 1185 tutelam,
880 1147 914 1178 in
939 1146 1169 1178 malefactores
1193 1147 1389 1188 hujusmodi
1412 1148 1551 1188 provide
1575 1149 1688 1188 latam,

289 1192 458 1223 neminem
475 1191 558 1222 latet
574 1191 753 1222 incurrisse
770 1201 778 1229 3
802 1190 905 1229 vobis,
922 1194 996 1228 etc„
1013 1193 1054 1222 ut
1069 1201 1172 1231 supra
1194 1191 1230 1221 in
1255 1191 1407 1231 proximo
1431 1192 1593 1223 Mandato
1616 1203 1688 1233 pre-

291 1236 442 1274 cedente,
471 1245 578 1276 usque
611 1234 791 1275 ad—quod
828 1237 1043 1274 compareant
1073 1244 1185 1265 coram
1218 1235 1323 1274 nobis,
1355 1245 1414 1266 seu
1446 1235 1691 1268 Commissariis'

291 1279 415 1310 nostris
445 1289 530 1320 quos
552 1279 587 1309 in
610 1278 672 1309 hac
696 1283 790 1318 parte
813 1277 1011 1309 duxerimus
1034 1278 1258 1318 deputandos,
1281 1281 1374 1310 certo
1397 1280 1604 1329 competenti
1627 1283 1691 1311 ter-

292 1323 383 1354 mino
399 1333 458 1364 per
473 1333 531 1354 vos
547 1322 672 1353 eisdem
690 1325 725 1353 et
747 1331 862 1353 eorum
886 1321 1028 1362 singulis
1052 1321 1253 1371 prefigendo,
1270 1322 1477 1363 ubicumque
1499 1324 1534 1354 iu
1559 1324 1691 1355 Diocesi

292 1370 407 1398 nostra
430 1369 514 1398 tunc
537 1365 710 1401 fuerimus
727 1376 828 1406 super
851 1365 942 1396 dicto
965 1365 1128 1406 sacrilegii
1150 1365 1299 1405 crimine,
1323 1370 1398 1406 etc„
1425 1369 1464 1398 ut
1486 1378 1598 1409 supra
1645 1368 1692 1400 Et

295 1411 378 1451 quid
394 1410 540 1441 feceritis
556 1409 748 1441 certificetis
763 1419 833 1448 nos,
850 1412 912 1440 etc.
932 1409 1092 1448 (without
1108 1408 1212 1448 date).

338 1453 464 1485 Citaoio
478 1464 574 1494 super
585 1452 760 1484 violacione
775 1453 992 1494 &questi-2,—

249 1498 497 1536 Tl.‹»1nas,ete.‚
515 1498 684 1538 Perpetuo
699 1496 830 1528 Vicario
848 1496 993 1527 Ecclesie
1010 1496 1212 1528 Parochialis
1235 1496 1277 1528 de
1301 1497 1486 1534 Strattone,
1504 1500 1540 1529 et
1565 1499 1691 1531 Curato

296 1541 442 1572 Ecclesie
466 1540 667 1572 Parochialis
687 1541 729 1571 de
753 1540 1047 1581 Kilkehamptone,
1071 1551 1108 1571 ac
1132 1540 1290 1579 Henrico,
1316 1541 1438 1572 nuncio
1461 1546 1586 1582 nostro,
1602 1543 1690 1574 salu-

294 1589 374 1622 tem,
405 1585 607 1616 etc.—-Cum
631 1584 802 1615 universos
827 1586 862 1615 et
883 1584 1032 1624 singulos
1063 1583 1269 1625 Episcopalis
1307 1585 1482 1625 Sequestri
1513 1586 1691 1618 violatores

294 1628 489 1660 temerarios
506 1627 643 1669 Majoris
662 1627 1028 1659 Excommunicacionis
1045 1627 1223 1659 Sentencia
1239 1639 1259 1658 a
1275 1629 1407 1660 Sanctis
1431 1629 1589 1661 Patribus
1612 1641 1689 1671 pro—

296 1672 373 1703 vide
387 1672 519 1712 prolata
534 1682 601 1702 non
617 1671 663 1702 sit
678 1671 823 1702 dubium
845 1671 1022 1709 innodari3
1045 1682 1083 1702 ac
1105 1671 1149 1702 ad
1171 1672 1380 1703 audienciam
1403 1676 1566 1712 nostram,
1586 1674 1690 1714 pluri-

294 1726 426 1746 morum
444 1715 654 1754 clamoribus,
671 1715 803 1746 noviter
817 1715 863 1746 sit
879 1715 1064 1746 deductum
1081 1715 1171 1756 quod
1188 1715 1325 1756 quidam
1339 1715 1506 1748 Dominus
1523 1717 1691 1749 Walterus

294 1759 404 1798 Rewe,
423 1759 596 1790 Johannes
612 1759 754 1799 Brygge,
779 1759 971 1800 Stephanus
995 1758 1102 1798 Polsa,
1120 1759 1169 1790 Ro
1161 1769 1270 1800 gerus
1294 1759 1314 1791 J
1318 1759 1427 1800 ogele1
1429 1771 1456 1799 e,
1475 1763 1510 1791 et
1526 1761 1691 1793 Ricardus

294 1803 409 1842 Yeme,
435 1803 640 1834 Executores
670 1802 861 1834 nominatos
890 1802 926 1833 in
949 1802 1166 1834 Testamento
1189 1802 1326 1834 Domini
1351 1803 1525 1844 Reginaldi
1549 1805 1690 1846 Brugge,

0 1870 3 1883 2
295 1846 436 1885 dudum,
454 1846 536 1877 dum
561 1846 656 1884 vixit,
681 1846 830 1877 Recteris
854 1845 1000 1877 Ecclesie
1024 1846 1223 1877 Parochialis
1245 1847 1288 1878 de
1310 1846 1595 1888 Kilkehamptone
1618 1859 1691 1890 pre-

0 1886 6 1911 *
295 1890 394 1929 dicte,
411 1901 447 1922 se
470 1891 630 1929 dicentes,
648 1900 775 1921 necnon
794 1890 933 1931 qnidam
950 1889 1122 1921 Johannes
1139 1890 1408 1932 G1·eynvile‚sne
1430 1891 1550 1923 salutis
1572 1893 1689 1924 imme-

294 1944 403 1965 mores
419 1940 455 1964 et
471 1934 609 1972 medele,
628 1933 806 1974 veriusque
831 1933 990 1966 Censuiis
1015 1933 1256 1965 Ecclesiasticis
1273 1934 1395 1975 spretis
1411 1935 1547 1975 penitus
1563 1939 1598 1967 et
1613 1947 1689 1967 con-

294 1977 445 2018 temptis,
462 1978 686 2018 Sequestrum
703 1981 857 2008 nostrum
873 1977 907 2008 in
924 1977 1020 2008 bonis
1037 1981 1072 2008 et
1087 1977 1199 2017 rebus,
1216 1988 1282 2019 qne
1299 1978 1421 2018 prefati
1438 1979 1576 2011 Domini
1593 1980 1688 2021 Regi-

293 2021 395 2061 naldi,
424 2022 543 2052 mortis
570 2031 630 2052 sue
658 2023 820 2061 tempore,
846 2020 1033 2060 extiterint,
1057 2021 1206 2061 legitime
1234 2022 1483 2062 interpositum,
1511 2023 1690 2064 nephanda

296 2075 372 2096 cum
397 2065 546 2103 audacia,
570 2075 628 2106 per
650 2075 684 2096 se
708 2068 744 2095 et
767 2075 924 2105 personas
946 2065 1162 2105 interpositas
1190 2065 1382 2097 violarunt.
1406 2066 1562 2107 quocirca
1584 2067 1688 2107 vobis,

138 2106 186 2132 fol.
201 2105 263 2134 98b.
295 2109 522 2140 communiter
544 2111 580 2140 et
601 2108 745 2148 divisim,
761 2109 1018 2147 committimus,
1035 2112 1109 2146 etc„
1133 2109 1295 2150 quatinus
1318 2109 1466 2150 pxefatos
1491 2110 1688 2151 Walterum,

294 2156 372 2190 etc.,
389 2163 505 2183 omnes
528 2155 564 2183 et
586 2152 745 2193 singulos,
762 2162 890 2183 necnon
914 2152 1046 2183 dictum
1069 2152 1260 2184 ,Iohannem
1285 2153 1476 2194 Greynvile,
1491 2153 1613 2193 citetis,
1629 2165 1689 2187 seu

0 2205 3 2222 ι
295 2177 391 2227 cita'ri
409 2196 549 2235 faciatis,
566 2196 801 2237 peremptorie,
818 2195 908 2236 quod
927 2199 1145 2236 compareant
1167 2206 1280 2227 coram
1303 2197 1408 2236 nobis,
1425 2207 1484 2228 seu
1507 2199 1631 2229 nostris
1653 2199 1689 2230 in

295 2239 356 2271 hac
373 2242 467 2280 parte
484 2239 765 2279 Commissariis,'
756 2250 789 2271 m
809 2239 957 2271 Ecclesia
975 2239 1158 2271 parochiali
1182 2240 1224 2271 de
1248 2239 1499 2282 Chuddeleghe,
1515 2241 1549 2272 in
1566 2242 1690 2283 vigilia

295 2283 410 2314 Sancti
427 2283 603 2315 Laurencii
618 2283 771 2324 proximo
787 2282 915 2322 futura,
932 2293 1034 2324 snper
1051 2283 1219 2324 premissis
1242 2287 1278 2314 et
1292 2294 1329 2315 ea
1345 2285 1629 2326 contingentibus,
1645 2286 1689 2317 ad

293 2327 443 2358 debitam
461 2327 647 2358 animarum
665 2337 803 2358 suarum
821 2330 857 2358 et
872 2327 1023 2368 ipsoium
1040 2327 1224 2368 cujuslibet
1239 2328 1480 2359 correccionem
1505 2329 1689 2361 obiciendis

294 2370 416 2402 elalius
442 2374 478 2401 et
502 2370 616 2401 debite
642 2370 859 2411 exponendis,
887 2370 1108 2411 personaliter
1139 2371 1340 2411 responsuri,
1369 2374 1405 2402 et
1434 2371 1504 2413 juri
1535 2373 1687 2413 parituli,

293 2414 506 2455 ulteriusque
521 2413 656 2452 facturi,
673 2418 736 2446 etc.
797 2414 844 2445 Et
860 2414 943 2455 quid
960 2414 993 2445 in
1011 2414 1182 2455 premissis
1198 2415 1365 2446 duxerit-is
1380 2415 1573 2447 faciendum
1589 2417 1687 2449 certi-

295 2457 401 2489 ficetis
417 2468 487 2496 nos,
503 2461 564 2489 etc.
583 2457 744 2496 (without
759 2457 860 2495 date).

142 2521 202 2552 “⁰¹-
251 2524 555 2574 Testamentary
585 2523 981 2574 (Kilkhampton),—-

139 2556 216 2586 96b.]
251 2578 417 2609 Vicesimo
432 2581 528 2609 sexto
545 2577 627 2618 [die]
643 2577 664 2609 J
669 2577 764 2617 ulu‚
754 2588 789 2608 ιιι
814 2578 961 2609 Ecclesia
984 2577 1168 2609 Parochiali
1191 2578 1233 2609 de
1257 2578 1488 2620 Chuddelegh,
1506 2580 1687 2620 probatum

283 2621 361 2652 {uit
375 2621 631 2653 Testamentum
649 2621 786 2652 Domini
809 2621 986 2662 Reginaldi
1009 2622 1138 2662 Bm'gge„
1156 2622 1307 2654 Rectoris
1330 2623 1412 2654 dum
1430 2624 1518 2655 vixit
1542 2625 1687 2656 Ecclesie

294 2664 496 2696 Parochialis
511 2665 554 2696 de
570 2664 865 2705 Kilkehamptone,
882 2675 994 2696 coram
1010 2665 1180 2706 Magistris
1204 2665 1349 2707 Hugone
1373 2667 1591 2709 Hickelynge‚
1609 2669 1686 2700 Pre-

293 2713 429 2739 centore
459 2708 606 2740 Ecclesie
639 2708 848 2747 Exoniensis,
877 2711 914 2740 et
946 2709 1115 2740 Willelmo
1146 2709 1294 2748 Hendre,
1326 2710 1467 2742 Officiali
1506 2711 1688 2744 Peculiaris

293 2751 546 2783 Jurisdiccionis
578 2752 714 2783 Domini
743 2752 778 2783 in
811 2752 991 2791 Cornubia,
1018 2752 1100 2784 dicti
1132 2752 1268 2784 Domini
1299 2753 1544 2786 Commissariis
1566 2755 1602 2786 in
1626 2756 1688 2788 hac

296 2798 390 2836 parte
405 2795 597 2836 specialiter
619 2795 802 2835 deputatis,
819 2798 855 2827 et
878 2806 938 2836 pro
960 2778 1077 2827 eodem
1101 2796 1318 2827 Testamento
1342 2798 1628 2838 pronunciatum;
1651 2797 1699 2831 in'

294 2849 362 2879 quo
378 2839 543 2870 nominati
557 2842 640 2870 sunt
656 2839 862 2870 Executores
877 2839 1043 2870 Dominus
1058 2840 1224 2870 Walterus
1241 2840 1350 2879 Rewe,
1364 2841 1384 2872 J
1389 2840 1538 2873 ohannes
1556 2843 1684 2884 Brigge,

293 2882 488 2922 Stephanus
525 2882 631 2921 Pulsa,
663 2883 818 2923 Rogerus
851 2882 994 2923 Jogeler,
1027 2885 1063 2914 et
1101 2883 1266 2915 Ricardus
1295 2883 1411 2922 Yeme,
1442 2894 1586 2925 quorum
1619 2887 1687 2918 duo

295 2926 513 2966 personaliter
527 2929 799 2966 comparuerunt,
817 2926 973 2958 videlicet
987 2925 1159 2958 ,Iohannes
1183 2927 1263 2968 Brig
1241 2937 1304 2968 gge
1326 2930 1363 2959 et
1386 2927 1551 2960 Ricardus
1572 2929 1687 2969 Yeme,

292 2972 329 3000 et
342 2968 505 3010 jurarunt
519 2970 562 3001 de
577 2969 675 3002 fidele
691 2969 925 3002 Inventarium
942 2970 1147 3002 conficiendo
1170 2970 1212 3002 de
1234 2970 1331 3002 bonis
1354 2971 1509 3003 defuncti
1533 2973 1686 3014 predicti,
