1988 3256
158 437 245 468 [Am.

159 471 279 503 1878·4.1

158 505 223 532 Vol.
238 506 262 532 1.

158 789 207 818 fol.
219 791 253 817 65

482 334 773 369 REGISTRUM
808 333 1270 370 οοΜΜυΝΕ-ΑΝΝΟ
1307 323 1371 372 7⁰.
1605 325 1697 373 371

307 439 430 480 viginti
459 450 552 472 acras
581 450 684 479 more,
715 450 794 472 cum
825 440 1052 482 pertinenciis,
1080 440 1116 472 i'n
1146 441 1401 480 Yeartecombe,
1433 452 1500 483 que
1530 443 1700 476 Robertus

311 483 426 516 Pouke
441 484 538 516 dedit
555 483 721 515 Willelmo
737 484 851 516 Pouke
867 488 902 516 et
919 484 1080 526 Mai-geria
1097 485 1192 516 uxon'
1207 485 1292 526 ejus,
1310 489 1345 517 et
1361 485 1540 518 heredibus
1563 487 1606 518 de
1629 498 1698 519 cor-

312 527 447 569 poribus
469 527 619 569 ipsorum
646 527 802 560 Willelmi
825 532 860 560 et
883 528 1044 570 Margerie
1066 528 1278 568 exeuntibus,
1302 532 1339 561 et
1361 540 1427 571 que
1452 535 1530 570 post
1552 534 1698 563 mortem

313 571 541 612 predictorum
581 571 740 603 Willelmi
777 575 813 603 et
854 572 1024 613 Margede,
1063 575 1098 603 et
1138 572 1374 612 Bartholomei,
1414 573 1474 604 filii
1511 575 1695 606 eorundem

315 614 473 646 willelmi
502 618 538 646 et
567 615 740 655 Margerie,
773 615 901 656 prefato
934 616 1086 654 Henrico,
1121 615 1189 647 filio
1221 616 1363 657 predicti
1391 617 1627 657 Ean-tholomei,
1663 621 1699 650 et

311 659 557 700 consanguineo
586 662 622 690 et
651 659 766 690 heredi
790 659 1017 700 predictorum
1047 659 1206 691 Willelmi
1229 663 1264 691 et
1294 660 1467 701 Margerie,
1497 661 1698 694 descendere

312 703 447 742 debent,
473 713 531 743 per
555 702 697 734 formam
728 702 921 734 donacionis
951 703 1112 744 predicte,
1143 706 1207 735 etc.
1260 704 1303 734 Et
1334 704 1425 735 unde
1457 705 1547 736 idem
1574 706 1694 737 Henri-

311 757 372 779 cus
393 746 476 778 dicit
498 746 589 787 quod
612 746 783 787 predictus
807 746 974 778 Robertus
996 746 1092 778 dedit
1114 747 1265 788 predicta
1279 750 1483 787 tenementa,
1499 759 1577 780 cum
1596 750 1696 789 perti-

313 790 448 830 nenciis,
459 789 599 830 pref·=tis
617 789 783 821 Willelmo
798 793 834 821 et
850 790 1021 830 Margerie‚
1034 794 1069 821 et
1083 790 1265 822 heredibus
1280 791 1322 822 de
1338 791 1532 832 corporibus
1547 792 1697 833 ipsorum

312 834 474 866 Willelmi
495 837 532 865 et
555 834 717 874 Margerie
739 834 943 865 exeuntibus
960 845 968 873 3
991 845 1050 875 per
1071 834 1163 875 quod
1187 834 1315 866 donum
1331 835 1433 866 iidem
1450 836 1639 868 Willelmus
1663 840 1698 868 et

312 877 475 918 Mar-geria
504 877 647 909 fuerunt
676 877 781 908 seisiti
811 877 853 908 de
884 877 1087 909 tenementis
1117 878 1284 918 predictis,
1311 888 1389 910 cum
1414 879 1638 919 pertinenciis,
1662 881 1699 912 in

313 921 481 953 dominico
507 931 578 960 suo,
603 923 643 952 ut
664 921 706 952 de
729 921 827 952 feodo
850 925 885 952 et
907 921 992 962 jure,
1026 932 1085 962 per
1107 921 1252 953 formam
1275 926 1412 962 tempore
1432 922 1524 962 pacis
1546 926 1698 964 tempore

314 965 451 997 Domini
474 965 574 1005 Regis
596 975 687 996 nunc
709 964 905 1005 capiendam
928 965 1007 996 inde
1022 965 1189 1005 expletam
1207 966 1250 996 ad
1267 965 1460 1005 valenciam,
1477 970 1538 998 etc.
1587 967 1634 998 Et
1656 969 1698 999 de

312 1009 392 1050 ipsis
410 1008 575 1040 Willelmo
597 1011 633 1039 et
654 1008 817 1049 Margeria
839 1008 1013 1040 descendit
1035 1008 1102 1050 jus,
1119 1019 1178 1049 per
1200 1009 1353 1048 formam,
1370 1012 1445 1049 etc,
1461 1010 1595 1042 cuidam
1620 1012 1698 1042 Bar-

314 1052 493 1092 tholomeo,
509 1055 550 1084 ut
566 1052 634 1083 filio
649 1055 684 1083 et
700 1051 823 1090 heredi,
840 1055 904 1083 etc.
954 1052 1001 1083 Et
1022 1053 1064 1083 de
1086 1052 1159 1093 ipso
1182 1052 1419 1084 Bartholomeo
1435 1054 1607 1085 descendit
1630 1054 1698 1096 jus,

313 1107 373 1137 per
387 1096 540 1134 formam,
557 1099 634 1133 etc„
651 1095 782 1136 prefato
806 1096 950 1127 Hem-ico
972 1096 1031 1137 qui
1053 1106 1144 1127 nunc
1167 1096 1263 1136 petit,
1281 1099 1322 1127 ut
1346 1096 1412 1127 filio
1436 1100 1470 1128 et
1492 1097 1616 1138 heredi,
1634 1102 1696 1131 etc.

314 1140 361 1172 Et
376 1150 443 1180 que
457 1142 535 1180 post
550 1142 706 1178 mortem,
722 1143 784 1171 etc.
832 1140 878 1171 Et
893 1140 984 1171 unde
1000 1140 1156 1180 producit
1170 1143 1307 1179 sectam,
1323 1145 1383 1171 etc.
1432 1141 1479 1172 Et
1501 1141 1698 1183 Episcopus,

313 1194 372 1224 per
388 1183 567 1223 nugonem
583 1183 626 1214 de
640 1182 823 1224 Westwyk,
835 1186 1047 1215 attornatum
1063 1194 1174 1223 suum,
1187 1183 1279 1214 venit
1295 1187 1330 1214 et
1345 1183 1499 1215 defendit
1513 1184 1570 1226 jus
1586 1196 1697 1226 suum,

313 1227 458 1268 quande,
469 1229 531 1258 etc.
572 1227 618 1258 Et
633 1226 715 1258 dicit
730 1227 822 1268 quod
838 1227 1009 1268 predictus
1026 1227 1193 1258 Henricus
1209 1226 1312 1258 nichil
1326 1227 1412 1268 juris
1428 1227 1570 1260 clamare
1587 1233 1699 1269 potest

312 1271 346 1302 in
370 1270 573 1302 tenementis
596 1270 763 1311 predictis,
780 1271 860 1311 quia
882 1271 965 1302 dicit
987 1270 1078 1312 quod
1101 1271 1239 1310 quidam
1264 1270 1446 1311 Gregorius
1468 1272 1510 1303 de
1528 1273 1696 1314 Wellyng·

313 1318 393 1345 tone
415 1317 451 1345 et
472 1313 629 1346 Johanna
651 1324 737 1345 uxor
759 1313 833 1355 ejus
856 1314 998 1345 fuerunt
1020 1313 1126 1345 seisiti
1148 1315 1191 1345 de
1214 1315 1416 1346 tenementis
1433 1316 1591 1356 predictis
1607 1328 1699 1349 nunc

312 1357 453 1399 petitis3
483 1357 519 1388 in
549 1367 693 1398 quorum
718 1358 922 1398 possessione
945 1358 1083 1399 quidam
1115 1357 1284 1389 Robertus
1306 1358 1430 1397 Pouke,
1458 1370 1602 1400 proavus
1626 1371 1698 1401 pre-

312 1401 396 1433 dicti
412 1400 559 1439 Henrici,
575 1400 674 1442 cujus
689 1401 785 1432 heres
799 1401 870 1443 ipse
885 1404 946 1441 est,
963 1412 1023 1442 per
1037 1401 1207 1442 quoddam
1225 1402 1395 1442 Scriptum
1411 1413 1512 1434 suum
1535 1405 1700 1436 concessit

313 1448 349 1476 et
374 1444 585 1476 confirmavit
609 1444 736 1476 eisdem
764 1445 923 1486 Gregorio
949 1448 986 1476 et
1010 1445 1175 1482 Johanne,
1200 1448 1234 1476 et
1257 1445 1437 1477 heredibus
1460 1449 1495 1477 et
1521 1447 1698 1488 assignatis

312 1488 418 1529 ipsius
434 1488 595 1529 Gregorii,
611 1491 725 1520 totum
740 1491 976 1520 tenementum
993 1498 1095 1520 suum
1109 1489 1144 1519 in
1161 1488 1402 1530 Powkeheghe,
1419 1489 1453 1521 in
1471 1490 1620 1522 Manerio
1636 1502 1697 1523 suo

313 1532 356 1563 de
372 1531 580 1570 Ertecombe,
597 1542 675 1563 cum
690 1532 914 1573 pertinenciis,
930 1542 997 1573 que
1011 1535 1094 1563 sunt
1108 1532 1224 1563 eadem
1248 1535 1443 1564 tenementa
1466 1544 1556 1565 nunc
1580 1535 1696 1575 petita,

312 1579 390 1614 etc„
407 1578 442 1606 et
457 1575 617 1616 obligavit
632 1585 667 1606 se
683 1578 718 1606 et
740 1575 879 1607 heredes
901 1586 980 1607 suos
1002 1575 1046 1606 ad
1061 1576 1349 1607 warantizandum
1374 1577 1512 1617 prefatis
1537 1578 1697 1619 Gregorio

311 1622 348 1651 et
370 1618 534 1658 Johanne,
551 1622 587 1650 et
608 1618 787 1650 heredibus
810 1622 846 1651 et
867 1619 1044 1660 assignatis
1066 1619 1170 1660 ipsius
1194 1620 1355 1660 Gregorii,
1373 1623 1486 1652 totum
1505 1622 1696 1662 predictum

314 1665 555 1702 tenementum,
572 1672 648 1694 cum
667 1662 889 1703 pertinenciis,
905 1673 1050 1704 quorum
1066 1665 1196 1694 statum
1219 1663 1290 1703 ipse
1313 1663 1415 1695 habet
1436 1664 1472 1695 iu
1496 1666 1698 1697 tenementis

312 1705 480 1747 predictiS‚
497 1709 560 1737 etc.
609 1706 656 1737 Et
679 1706 807 1747 profert
829 1706 883 1738 hic
905 1707 940 1738 in
957 1706 1059 1739 Curia
1075 1706 1264 1747 predictum
1282 1707 1463 1747 Scriptum,
1481 1708 1546 1739 sub
1561 1710 1697 1740 nomine

311 1749 454 1791 predicti
471 1749 617 1788 Roberti,
634 1750 878 1781 concessionem
894 1753 929 1782 et
944 1749 1232 1781 confirmacionem
1257 1752 1292 1781 et
1307 1751 1505 1783 waranciam
1528 1753 1696 1793 predictas

311 1793 494 1825 testificans
524 1793 558 1824 in
589 1793 698 1824 forma
728 1794 886 1834 predicta,
914 1796 976 1825 etc.
1025 1794 1070 1825 Et
1099 1793 1183 1824 dicit
1211 1794 1302 1835 quod
1329 1795 1502 1835 predictus
1529 1796 1697 1829 Robertus

309 1836 516 1868 moriebatur
531 1837 665 1868 vivente
680 1837 832 1878 predicto
847 1837 1016 1878 Gregorio,
1033 1840 1069 1868 et
1084 1837 1131 1868 sic
1147 1837 1310 1868 warancia
1325 1838 1484 1878 predicta,
1509 1842 1592 1871 tunc
1610 1840 1696 1872 bona

310 1884 346 1912 et
371 1880 564 1919 effectualis,
591 1883 654 1912 ete.
701 1880 802 1913 Unde
828 1881 916 1922 petit
941 1880 1107 1921 judicium
1132 1881 1160 1912 si
1187 1881 1358 1921 predictus
1387 1882 1553 1914 Henricus
1580 1888 1696 1915 contra

310 1924 482 1964 Scriptum
505 1923 722 1955 antecessoris
738 1924 888 1965 predicti,
906 1924 998 1965 quod
1021 1924 1278 1965 comprehendit
1300 1926 1508 1965 waranciam,
1525 1927 1694 1959 accionem

308 1977 426 2000 versus
440 1977 520 1998 eum
534 1966 659 1999 habere
673 1967 806 2000 debeat.
855 1968 902 1999 Et
925 1968 1092 1999 Henricus
1114 1968 1199 1999 dicit
1220 1968 1312 2009 quod
1333 1968 1405 2009 ipse
1420 1980 1480 2010 per
1494 1971 1700 2012 preallegata

308 2011 352 2043 ab
366 2011 499 2043 accione
514 2021 574 2042 sua
590 2011 624 2042 in
641 2011 703 2043 hac
718 2015 816 2052 parte
832 2011 983 2052 precludi
998 2022 1065 2043 non
1088 2011 1200 2051 debet,
1217 2012 1298 2053 quia
1320 2012 1404 2044 dicit
1427 2014 1518 2054 quod
1542 2017 1696 2055 tempore

307 2054 528 2087 confeccionis
543 2054 697 2096 ejusdem
713 2055 838 2096 Scripti
860 2055 1005 2096 predicti
1020 2055 1202 2096 Gregorius
1223 2058 1260 2087 et
1275 2055 1297 2087 J
1299 2055 1432 2087 ohanna
1446 2057 1550 2088 nichil
1572 2058 1696 2090 habue-

307 2101 393 2130 runt
407 2098 441 2130 in
458 2099 665 2130 tenementis
679 2099 863 2139 predictis3
885 2101 922 2130 et
943 2098 1007 2130 hoc
1029 2102 1170 2140 paratus
1192 2103 1245 2130 est
1260 2099 1441 2131 verificare.
1490 2101 1591 2133 Unde
1606 2103 1697 2143 petit

307 2142 485 2184 judicium,
501 2144 566 2174 etc.
611 2142 658 2173 Et
672 2142 846 2183 predictus
862 2142 1046 2183 Episcopus
1069 2142 1152 2174 dicit
1174 2142 1266 2183 quod
1288 2143 1433 2184 predicti
1456 2144 1638 2185 Gregorius
1661 2150 1697 2178 et

307 2186 464 2218 Johanna
479 2186 622 2217 fuerunt
633 2185 740 2218 seisiti
755 2187 797 2217 de
813 2186 1019 2218 tenementis
1041 2186 1210 2226 predictis,
1234 2196 1313 2218 cum
1336 2187 1564 2228 pertinenciis,
1590 2192 1631 2221 ut
1653 2190 1696 2221 de

307 2230 634 2266 libemtenemento,
658 2232 736 2269 etc„
759 2232 913 2270 tempore
935 2229 1155 2261 confeccionis
1177 2229 1302 2270 Seripti
1324 2230 1478 2271 predicti,
1502 2235 1605 2272 prout
1627 2233 1699 2274 ipse

307 2273 463 2314 superius
478 2272 644 2313 allegavit.
702 2273 749 2305 Et
763 2273 827 2304 hoc
842 2273 1017 2314 pretendit
1031 2273 1202 2304 verificare
1218 2283 1277 2314 per
1292 2273 1448 2314 patriam.
1506 2276 1553 2307 Et
1569 2277 1697 2316 predic-

309 2320 367 2349 tus
383 2316 551 2348 Heni-icus
566 2316 732 2349 similiter.
778 2316 859 2348 Ideo
875 2319 1071 2357 preceptum
1089 2319 1142 2348 est
1156 2316 1355 2349 Vicecomiti
1371 2318 1462 2358 quod
1478 2319 1593 2350 venire
1608 2320 1696 2352 face-

308 2363 363 2392 ret
378 2360 443 2398 hic,
457 2360 492 2391 in
509 2360 650 2391 Octsbis‘
663 2360 787 2392 Sancte
801 2360 990 2398 Trinitatis,
1007 2360 1068 2401 xij,
1086 2363 1164 2399 etc„
1181 2370 1242 2401 per
1256 2370 1351 2401 quos,
1367 2364 1434 2393 etc.
1481 2362 1528 2394 Et
1543 2363 1602 2404 qui
1625 2374 1697 2402 nec,

308 2408 385 2442 etc„
400 2404 443 2435 ad
459 2404 774 2444 recognoscendum,
790 2407 854 2436 etc.
915 2404 1001 2442 Quia
1015 2406 1098 2442 tam,
1114 2406 1179 2435 etc.
1240 2404 1372 2443 Postea,
1398 2405 1597 2438 continuato
1619 2408 1698 2439 inde

309 2448 471 2479 Processu
495 2447 587 2478 inter
616 2447 735 2479 Partes
757 2447 926 2488 predictas
951 2457 1012 2488 per
1033 2446 1168 2488 juratos
1196 2447 1323 2488 positos
1355 2448 1391 2479 iu
1420 2453 1613 2490 respectum
1644 2451 1698 2483 hic

309 2500 418 2532 usque
433 2490 476 2521 ad
491 2490 583 2522 hunc
597 2490 698 2530 diem,
714 2491 842 2522 scilicet
856 2501 877 2522 a
892 2491 955 2522 Die
972 2490 1097 2522 Pasche
1112 2490 1148 2522 in
1164 2501 1209 2522 xv
1224 2491 1304 2530 dies,
1322 2491 1422 2523 Anno
1437 2493 1545 2533 Regni
1562 2494 1699 2526 Domini

310 2533 411 2575 Regis
426 2544 518 2565 nunc
535 2533 654 2574 Anglie
670 2534 948 2576 quinquagesimo
963 2533 1087 2574 [1376],
1102 2534 1165 2565 nisi
1182 2534 1204 2566 J
1207 2534 1370 2566 usticiarii
1386 2536 1524 2568 Domini
1540 2537 1640 2578 Regis
1654 2539 1699 2570 ad

310 2578 449 2616 Assisas,
465 2580 540 2615 etc.‚
557 2577 612 2608 die
627 2577 724 2609 Lune
738 2578 892 2619 proximo
912 2581 994 2610 ante
1017 2578 1159 2610 Festum
1175 2579 1377 2610 Sanctarum
1394 2580 1562 2620 Perpetue
1584 2585 1620 2612 et
1638 2582 1696 2613 Fe-

307 2620 446 2652 licitatis
461 2622 494 2662 [3
511 2619 655 2662 March]‚
679 2622 771 2662 apud
787 2621 962 2660 Exoniam,
984 2621 1087 2662 prius,
1111 2624 1175 2653 etc.
1231 2622 1278 2653 Et
1301 2622 1401 2653 modo
1423 2623 1467 2654 ad
1494 2623 1585 2656 hunc
1607 2625 1698 2657 diem

309 2664 365 2696 hic
379 2664 523 2696 veniunt
545 2665 673 2704 Partes,
696 2668 760 2697 etc.
807 2665 853 2696 Et
875 2665 896 2697 J
901 2665 1062 2696 usticiarii
1083 2664 1127 2696 ad
1151 2665 1290 2703 Amisus,
1314 2668 1393 2704 ete.;
1426 2677 1538 2699 coram
1562 2668 1696 2709 quibus,

310 2711 389 2747 etc„
405 2708 572 2740 miserunt
586 2707 641 2739 hic
655 2708 833 2740 recordum
845 2718 959 2747 suum,
972 2708 1007 2740 in
1024 2708 1086 2740 hee
1099 2708 1212 2740 verba.
1262 2709 1392 2748 Postea,
1405 2710 1458 2741 die
1473 2713 1510 2742 et
1525 2711 1597 2743 loco
1608 2711 1699 2744 infra

310 2751 491 2790 contentis,
516 2761 626 2782 coram
652 2752 797 2784 Henrico
822 2751 990 2793 Percehay
1005 2755 1041 2783 et
1055 2751 1205 2783 Waltero
1226 2751 1270 2783 de
1293 2752 1468 2794 cloptona,
1495 2754 1517 2786 J
1521 2755 1698 2787 usticiariis

312 2794 449 2826 Domini
463 2794 572 2835 Regis,
588 2794 632 2825 ad
646 2794 786 2834 Assisas,
801 2797 880 2834 etc„
896 2795 992 2827 venit
1015 2795 1192 2832 Heuricus,
1209 2795 1297 2827 filius
1320 2796 1550 2829 Bartholomei
1572 2799 1696 2838 Pouke,

309 2838 398 2870 infra.
413 2838 618 2877 nominatus,
633 2838 669 2870 in
684 2839 819 2880 propria
834 2849 976 2880 persona
990 2849 1051 2870 sua
1066 2849 1075 2876 3
1098 2841 1135 2870 et
1149 2838 1306 2877 Thomas,
1323 2840 1508 2881 Episcopus
1532 2842 1698 2875 Exonieu-

308 2882 364 2921 sis,
374 2891 435 2922 per
445 2881 610 2913 'rhomam
621 2881 717 2921 Tille,
728 2885 942 2914 attor-natum
954 2892 1066 2919 suum,
1076 2882 1188 2920 venit;
1204 2886 1241 2914 et
1251 2882 1273 2914 J
1278 2884 1367 2914 urati
1378 2883 1535 2916 similiter
1546 2886 1698 2926 veniunt,

310 2925 379 2967 qui,
395 2924 440 2956 ad
454 2924 518 2956 hoc
532 2924 642 2965 electi,
654 2925 761 2966 tristi,
776 2928 813 2958 et
826 2925 943 2968 jurati,
959 2925 1080 2958 dicunt
1094 2935 1196 2968 super
1218 2929 1468 2959 sacramentum
1485 2938 1586 2961 suum
1608 2930 1700 2971 quod

433 2973 470 3019 2*
481 2967 537 3016 A2
