1988 3256
313 364 407 409 454

309 479 344 505 A.
349 478 386 506 D.

310 515 386 540 1381.

309 547 376 574 Vol.
390 546 416 576 L

512 374 612 410 THE
648 374 895 411 REGISTER
931 374 990 408 OF
1026 372 1205 409 BISHOP
1240 362 1650 410 BRANTYNGHAM.

461 484 575 514 nostre
593 481 750 514 Civitatis
775 480 982 520 Exoniensis,
999 480 1154 520 salutem,
1171 482 1235 512 etc.
1240 480 1442 512 -Willelmi
1458 479 1520 531 [de.
1540 477 1759 522 Courtenay],
1777 478 1856 518 Epi-

462 526 553 567 scopi
571 525 821 564 Londonimsis,
836 523 1007 566 [Literas]‚
1021 525 1113 556 xdie
1130 524 1285 556 Octobris
1301 524 1497 565 recepimus,
1511 524 1545 556 in
1559 523 1621 556 hec
1636 525 1746 563 vei-,ba
1747 523 1856 562 —W.,

463 572 525 601 etc.
533 569 715 608 ‚—Literas
739 569 989 600 Venerabilium
1012 572 1048 600 et
1070 568 1313 609 Religiosmum
1337 568 1435 600 Viioi
1438 578 1505 607 um,
1529 567 1705 607 Johauuis,
1731 566 1854 599 Prioris

465 593 611 644 Ecclesie
627 613 755 645 Christi
780 612 1040 652 Cantumiensis,
1065 615 1101 644 et
1123 612 1276 654 ejusdem
1302 612 1381 643 Loci
1404 611 1564 652 Capituli,
1581 612 1667 643 Sede
1683 610 1854 652 Archiepi-

463 657 588 698 scopali
604 660 752 696 vacante,
776 667 884 697 nuper
907 656 1103 697 recepimus,
1119 655 1154 687 iu
1178 655 1239 687 hec
1255 656 1356 687 verba
1357 655 1612 694 ,—Venerabili,
1630 655 1856 688 ete—Pater-

464 700 583 732 nitatis
599 704 710 732 vestre
726 700 885 732 noticiam
902 700 1004 731 latere
1020 710 1088 731 non
1104 699 1281 738 credimus,
1298 710 1377 731 cum
1393 699 1523 731 factum
1546 699 1717 730 notorium
1734 698 1859 730 existat

465 756 487 785 q
490 745 556 775 uod
572 744 802 775 dolentissime
817 743 1004 782 referimus,
1021 753 1089 785 quo
1105 743 1229 784 pallida
1244 743 1333 774 facta
1348 746 1401 774 est
1424 743 1546 775 Sancte
1569 743 1687 774 Matris
1710 742 1858 775 Ecclesie

464 787 565 819 facies
588 798 647 837 pre
669 788 792 826 dolore,
817 787 963 829 qualiter
985 787 1124 828 quidam
1147 787 1394 818 malediccionis
1423 786 1585 828 alumpni,
1609 786 1702 818 virus
1731 784 1857 818 imbuti

466 831 619 881 nequicia
635 834 670 862 et
685 831 808 863 furoris
823 831 946 871 spiritu
962 831 1130 870 concitati,
1149 831 1219 862 Deo
1242 841 1303 862 nec
1326 830 1481 869 Ecclesie,
1497 834 1558 861 aut
1581 831 1703 862 Sancte
1719 829 1856 862 Archie·

468 875 661 916 piscopatus
684 875 863 916 Dignitati‚
887 885 953 915 qua
978 875 1077 906 Fides
1100 875 1264 906 ortodoxa
1286 875 1381 906 cultu
1413 874 1525 914 laciori
1556 873 1773 912 distenditur,
1797 872 1855 905 ali-

466 931 487 960 q
492 919 611 950 naliter
641 919 839 958 deferentes,
873 918 1042 950 Pnacium
1074 918 1363 959 Archiepiscopale
1401 917 1582 949 Cantuarie
1618 928 1656 950 ac
1693 916 1858 949 nonnulla¹

467 931 616 994 liianeria
631 962 946 1003 Archiepiscopatus
962 962 1223 1001 Cantuariensis‚
1240 965 1275 993 et
1298 962 1339 993 ad
1356 961 1653 1003 Archiepiscopum
1678 960 1856 993 cantuari-

466 1017 577 1038 ensem
595 1006 654 1047 qui
670 1009 721 1037 est
736 1016 796 1047 pro
813 1009 963 1047 tempore
978 1005 1109 1038 notorie
1125 1006 1322 1046 spectancia,
1335 1008 1447 1046 preter
1462 1008 1498 1036 et
1513 1008 1630 1037 contra
1645 1005 1857 1037 voluntatem

465 1050 552 1081 boue
575 1050 734 1081 memorie
757 1050 903 1082 Simonis
926 1050 968 1081 de
991 1049 1171 1088 Sudburia,
1197 1049 1309 1081 ultimi
1333 1048 1581 1090 Archiepiscopi
1605 1048 1857 1081 Cantuariensis

464 1094 548 1125 dum
565 1093 659 1131 vixit,
675 1093 746 1135 jam
768 1093 931 1132 defuncti,
948 1096 983 1124 et
1006 1093 1238 1124 ministrorum
1263 1103 1402 1124 suorum
1425 1093 1460 1124 in
1483 1093 1610 1124 eisdem
1632 1091 1855 1124 existencium

465 1148 503 1168 ac
525 1137 769 1178 deputatorum
792 1138 835 1168 ad
858 1137 1046 1168 custodiam
1070 1138 1265 1175 eorundem,
1283 1136 1447 1168 violenter
1470 1136 1655 1176 intrarunt,
1681 1140 1716 1167 et
1738 1135 1857 1167 vinum

466 1181 549 1212 dicti
565 1181 823 1222 Archiepiscopi,
846 1181 880 1212 in
903 1180 1008 1212 doleis
1024 1180 1057 1211 in
1083 1180 1222 1221 prefatis
1245 1180 1376 1211 Palae-io
1391 1183 1426 1211 et
1442 1180 1600 1211 Maneriis
1622 1179 1858 1218 existentibus,

466 1227 749 1266 consumpserunt
765 1229 800 1256 et
815 1224 971 1266 nequiter
985 1224 1188 1263 effuderunt,
1205 1224 1358 1265 bonaque
1381 1224 1543 1255 nonnulla
1564 1223 1717 1265 ejusdem
1741 1223 1858 1255 Archi-

466 1268 610 1309 episcopi
627 1268 661 1299 in
677 1268 803 1300 eisdem
826 1271 910 1299 tunc
933 1267 1115 1299 existencia
1137 1272 1324 1309 rapuerunt
1347 1270 1383 1299 et
1397 1267 1624 1306 abstulerunt,
1641 1278 1679 1299 ac
1694 1266 1858 1298 nonnulla

467 1312 554 1343 mala
584 1315 620 1343 et
649 1311 796 1353 dampna
818 1311 944 1343 eisdem
977 1311 1107 1343 Palacio
1136 1315 1172 1342 et
1203 1311 1359 1342 Maneriis
1389 1310 1624 1352 multipliciter
1653 1311 1856 1350 intulerunt,

467 1366 699 1397 carceremque
715 1355 1051 1396 Archiepiscopalem,
1070 1355 1105 1387 in
1122 1355 1210 1387 Villa
1226 1355 1268 1386 de
1284 1355 1493 1387 Maidestone
1510 1354 1761 1387 Cautuariensis
1778 1353 1856 1386 Dio-

467 1399 549 1431 cesis
578 1400 754 1439 situatum,
782 1399 967 1440 fregerunt,
993 1402 1028 1430 et
1057 1399 1278 1430 incarceratos
1303 1399 1338 1430 in
1369 1399 1487 1430 eodem
1517 1401 1680 1440 ceperunt
1709 1402 1745 1430 et
1766 1397 1858 1429 abire

466 1443 735 1484 compellebant;
759 1453 897 1482 necnon,
924 1443 1088 1474 Chaceam
1114 1442 1362 1483 Archiepiscopi
1385 1442 1647 1482 Cantuariensis,
1672 1441 1857 1483 vulgariter

468 1489 700 1527 nuncupatam
724 1487 752 1519 le
774 1487 921 1528 Bruylle,
946 1486 1165 1519 Cicestrensis
1187 1486 1347 1525 Diocesis,
1373 1489 1409 1517 et
1431 1496 1546 1527 parcos
1570 1485 1723 1527 ejusdem
1739 1484 1856 1517 Archi-

468 1530 613 1571 episcopi
628 1530 821 1571 adjacentes
837 1531 955 1569 eidem,
972 1530 1156 1571 fregerunt,
1173 1533 1209 1561 et
1224 1530 1310 1561 feras
1326 1529 1450 1561 bestias
1465 1530 1500 1561 in
1523 1530 1649 1561 eisdem
1673 1529 1858 1561 existentes

468 1578 639 1615 ceperunt,
656 1574 828 1615 fugarunt,
846 1578 881 1605 et
897 1574 1031 1615 penitus
1047 1574 1143 1615 quasi
1158 1574 1424 1611 interfecerunt;
1448 1576 1492 1612 et,
1510 1573 1574 1605 hiis
1597 1573 1768 1605 maleficiis
1790 1583 1859 1604 non

468 1618 629 1657 contenti,
642 1621 694 1649 set
710 1628 826 1650 eorum
839 1618 1073 1659 dampnacioni
1086 1618 1224 1659 reprobe
1240 1617 1386 1657 [dJediti,
1400 1617 1434 1648 in
1450 1617 1561 1658 ipsum
1575 1616 1809 1649 Reverendum
1822 1616 1858 1648 iu

470 1661 605 1693 Christo
623 1662 766 1701 Patrem,
785 1662 970 1693 Dominum
986 1662 1157 1693 Simonem
1174 1662 1216 1692 de
1232 1661 1411 1699 Sudburia,
1430 1660 1492 1692 Dei
1507 1661 1617 1702 gracia
1640 1663 1723 1692 tuuc
1740 1660 1857 1692 Archi-

469 1705 672 1746 episcopum,
705 1705 900 1736 honorabile
930 1705 1121 1736 membrum
1153 1705 1301 1736 Eeclesie
1331 1709 1367 1736 et
1397 1704 1621 1745 columpnam,
1652 1715 1690 1736 ac
1721 1704 1858 1736 Patrem

469 1759 584 1780 eorum
603 1749 831 1790 Spiritualem,
850 1753 885 1780 et
900 1749 1048 1790 pugilem
1066 1749 1236 1787 Crucifixi,
1253 1749 1288 1779 in
1305 1748 1404 1780 Tui-ri
1421 1748 1669 1779 Londoniarum
1687 1750 1771 1780 tunc
1787 1758 1859 1789 per-

469 1793 628 1824 sonaliter
642 1793 855 1831 exiuteutem,
872 1803 975 1824 manu
999 1792 1114 1824 hostili
1136 1792 1321 1830 irruerunt,
1338 1803 1375 1823 ac
1397 1792 1509 1832 ipsum
1533 1791 1765 1823 inhumaniter
1787 1802 1859 1832 per-

471 1839 670 1875 tractarunt,
688 1837 918 1873 verberarunt,
937 1836 1167 1875 vulnerarunt,
1190 1846 1229 1867 ac
1253 1835 1458 1876 proditorem
1484 1835 1590 1876 Regni
1606 1835 1726 1877 Anglie
1749 1835 1861 1876 ipsum

471 1879 575 1911 fuisse
591 1883 626 1911 et
641 1891 711 1911 esse
728 1880 860 1920 publice
875 1891 954 1911 voce
970 1880 1154 1920 furibunda
1170 1883 1205 1910 et
1221 1879 1441 1910 infamissima
1456 1879 1616 1910 dixerunt
1632 1889 1641 1918 ;
1663 1883 1700 1910 et
1721 1879 1861 1911 demum

470 1934 549 1955 eum
580 1927 676 1955 extra
705 1924 830 1955 dictam
862 1924 996 1955 Turrim
1027 1924 1209 1961 duxerunt,
1236 1934 1274 1954 ac
1298 1933 1400 1963 prope
1427 1923 1533 1964 ipsam
1557 1922 1692 1954 Turrim
1715 1922 1863 1954 eundem

471 1967 699 1998 crudelissime
716 1967 954 2008 decapitarunt
971 1978 978 2006 ;
1002 1967 1121 2008 capud,
1139 1977 1289 2008 quoque,
1301 1966 1455 2007 ejusdem
1479 1977 1580 2007 super
1603 1976 1706 1997 unam
1730 1966 1863 1998 hastam

472 2021 530 2051 per
545 2010 634 2042 vicos
649 2014 685 2042 et
702 2011 826 2051 plateas
844 2010 1000 2042 Civitatis
1018 2010 1259 2042 Londoniensis
1275 2010 1407 2050 publice
1423 2010 1613 2049 deferendo,
1630 2013 1666 2041 et
1687 2010 1863 2041 clamando

472 2054 543 2086 Hoc
566 2059 608 2085 esc
630 2054 738 2095 capud
759 2055 960 2095 prodam-2233
983 2065 1022 2085 ac
1044 2054 1208 2095 capellum
1232 2053 1427 2094 Episcopale
1449 2064 1527 2085 cum
1552 2064 1619 2085 uno
1642 2053 1735 2085 clavo
1759 2053 1865 2095 (quod

473 2098 622 2129 terribile
637 2103 689 2129 est
705 2097 823 2137 dictu),
841 2098 948 2129 eidem
965 2098 1066 2138 capiti
1083 2108 1140 2139 per
1155 2097 1282 2128 cerebri
1298 2098 1446 2128 medinm
1463 2098 1653 2137 affixerunt,
1669 2100 1706 2129 et
1727 2097 1860 2129 dictum

472 2142 582 2182 capud
612 2141 814 2180 honorabile,
841 2141 876 2172 in
906 2141 1041 2182 signum
1072 2141 1282 2182 prodicionis,
1311 2151 1413 2181 supi-a.
1440 2141 1582 2172 Pontem
1608 2140 1859 2172 Londouiarum

473 2185 733 2226 dampnabiliter
762 2189 973 2226 posuerunt;
1003 2196 1088 2226 quos
1119 2195 1234 2216 omues
1266 2187 1301 2216 et
1331 2184 1490 2225 singulos,
1517 2184 1640 2215 scelera
1662 2183 1861 2225 hujusmodi

426 2251 429 2253 —
473 2228 644 2267 maleficia,
661 2232 721 2260 aut
736 2239 852 2260 eorum
868 2209 1015 2270 aliquod,
1030 2233 1099 2260 tam
1116 2228 1298 2260 crudeliter
1313 2228 1575 2267 committentes,
1592 2239 1630 2259 ac
1645 2228 1770 2259 eisdem
1787 2238 1858 2269 pre—

474 2272 616 2303 bentes
608 2283 642 2303 m
659 2272 837 2314 premissis,
855 2276 915 2304 aut
931 2273 1078 2313 ipsorum
1095 2272 1216 2313 aliquo,
1233 2271 1420 2309 consilium,
1437 2271 1612 2311 auxilium,
1630 2271 1682 2303 vel
1697 2271 1858 2316 favorem,

475 2316 608 2357 publice
631 2316 683 2347 vel
706 2316 846 2355 occulte,
870 2316 976 2347 varias
1000 2316 1167 2357 Major-um
1192 2315 1591 2347 Excommuuicacionnm
1615 2303 1818 2354 Sentencias,
1841 2326 1862 2346 a

474 2360 606 2391 Sanctis
623 2359 779 2391 Patribus
794 2359 859 2391 rite
875 2359 968 2399 latas,
986 2370 1053 2391 non
1070 2359 1277 2400 ambigitur·
1268 2369 1340 2400 ipso
1355 2359 1446 2390 facto
1468 2358 1729 2400 dampnabiliter
1750 2359 1861 2390 incur·

475 2403 565 2435 risse.
612 2403 766 2444 Cumque
797 2404 957 2444 premissa
987 2403 1069 2434 adeo
1099 2407 1181 2434 sunt
1211 2403 1350 2440 notoria,
1375 2402 1518 2443 publica,
1542 2405 1577 2434 et
1599 2402 1736 2441 famosa,
1768 2402 1860 2444 quod

476 2447 570 2477 nulla
586 2450 747 2488 poterunt
763 2447 1037 2487 tergiversaeione
1054 2446 1161 2486 celari,
1179 2450 1214 2478 et
1229 2446 1344 2478 debita
1360 2446 1515 2478 execncio
1530 2456 1632 2486 super
1655 2449 1751 2477 tanta
1772 2456 1860 2478 acer-

476 2490 584 2521 bitate
599 2490 713 2522 delicti
728 2491 799 2532 jam
815 2491 873 2522 diu
890 2494 941 2522 est
956 2490 1133 2528 commissi,
1145 2494 1312 2531 quatenus
1330 2490 1454 2521 Forum
1470 2489 1639 2521 concernit
1656 2488 1862 2521 Ecclesiasti-

475 2544 564 2572 cum,
593 2544 651 2575 per
681 2544 741 2565 nos
770 2534 922 2575 apposita
953 2545 1019 2565 non
1050 2534 1167 2565 extitit
1198 2536 1238 2565 ut
1262 2533 1414 2572 deberet,
1440 2544 1478 2564 ac
1504 2533 1752 2565 considerantes
1774 2532 1860 2564 illud

476 2577 723 2609 abhominabile
746 2577 914 2618 flagicium
937 2578 972 2609 in
995 2578 1104 2609 tocius
1128 2577 1216 2609 Cleri
1239 2580 1274 2608 et
1298 2576 1502 2609 Universalis
1526 2577 1672 2608 Ecclesia
1694 2575 1861 2608 libertatis

476 2621 689 2661 dispendium
707 2622 920 2660 redundare3
945 2621 1162 2662 volentesque
1185 2621 1354 2662 premissa,
1371 2620 1459 2652 sicut
1481 2620 1524 2651 ad
1548 2631 1607 2652 nos
1631 2619 1761 2652 notorie
1784 2630 1859 2661 per-

477 2664 576 2703 tinet,
601 2665 768 2696 vindicare
791 2665 901 2706 gladio
924 2665 1093 2706 spirituali
1109 2675 1117 2703 ;
1144 2664 1342 2695 paternitati
1359 2667 1469 2695 vestre
1484 2664 1664 2695 reverende
1679 2663 1864 2695 committi-

476 2718 552 2738 mus
568 2710 602 2738 et
618 2709 828 2746 mandamus,
848 2709 882 2740 iu
900 2709 1026 2740 virtute
1042 2709 1163 2740 Sancte
1181 2707 1380 2739 Obediencie
1397 2718 1454 2748 per
1470 2717 1528 2738 vos
1544 2710 1658 2739 nostre
1682 2707 1860 2739 Cuntuari-

476 2751 547 2782 ensi
566 2751 710 2783 Ecclesie
733 2752 872 2792 prestite
896 2752 1036 2783 firmiter
1058 2751 1284 2792 injungentes,
1308 2752 1478 2792 quatinus,
1502 2751 1573 2782 sine
1596 2760 1687 2782 more
1709 2750 1860 2792 diffugio,

476 2805 591 2825 omues
607 2798 642 2826 et
657 2795 806 2836 singulos
823 2795 1051 2826 malefactores
1074 2795 1272 2836 hujusmodi
1294 2794 1328 2825 in
1353 2794 1499 2826 Ecclesia
1522 2797 1632 2825 vestra
1656 2793 1860 2833 Cuthedrali,

476 2841 511 2868 et
534 2837 567 2869 in
591 2839 747 2870 omnibus
770 2842 805 2870 et
829 2838 968 2880 singulis
992 2838 1147 2870 Ecclesiis
1170 2841 1356 2869 vestrarum
1383 2837 1538 2869 Civitatis
1561 2841 1596 2869 et
1618 2837 1777 2875 Diocesis,
1803 2847 1863 2878 per

477 2891 544 2919 vos,
569 2881 621 2912 vel
648 2882 821 2914 Ministros
846 2887 982 2922 iestros,
1007 2882 1135 2914 Diebus
1159 2881 1343 2913 Dominicis
1365 2885 1401 2912 et
1425 2881 1578 2919 Festivis,
1595 2891 1672 2912 cum
1696 2880 1804 2922 major
1826 2880 1862 2912 iu

476 2923 557 2965 ipsis
580 2925 734 2957 Ecclesiis
757 2926 861 2957 fuerit
885 2926 998 2967 populi
1022 2926 1218 2964 multitudo,
1243 2925 1350 2957 Ciuce
1376 2927 1496 2964 erecta,
1520 2924 1688 2975 campanis
1711 2923 1862 2965 pulsatis,

475 2968 621 3000 candelis
637 2969 781 3001 accensis
804 2972 839 3001 et
861 2969 1019 3002 extinctis
1042 2980 1079 3002 ac
1103 2969 1138 3001 in
1161 2972 1286 3001 terram
1310 2967 1476 3010 projectis,
1501 2968 1670 3001 occasione
1691 2968 1864 3010 premissa,
