1988 3256
267 369 360 414 104

264 483 299 509 Α.
305 483 343 511 Ι).

266 519 279 544 1
284 518 344 544 388.

265 551 331 578 Vol.

265 585 309 612 11.

276 2492 325 2522 fol.
340 2494 397 2520 115.

464 381 568 414 THE
603 381 846 415 REGISTER
881 380 943 415 OF
978 380 1156 415 BISHOP
1190 379 1592 414 BRANTYNGHAM.

419 496 536 518 eorum
552 486 706 528 quolibet
719 486 870 518 indebite
883 486 1080 528 pregravari,
1093 486 1135 518 ad
1148 486 1357 517 audienciam
1367 488 1517 518 nostram
1532 485 1682 527 legitime
1697 483 1816 516 extitit

420 530 634 571 appellatum.
683 531 765 570 Nos,
783 530 897 572 igitur,
916 531 1067 562 volentes
1090 530 1178 572 parti
1203 530 1285 561 dicti
1302 529 1470 570 willelmi,
1495 532 1664 571 quatenus
1686 528 1728 560 ad
1752 538 1814 559 nos

420 574 554 614 attinet,
585 575 725 616 plenum
754 574 890 615 J‘usticie
920 574 1078 606 exhibere
1108 574 1406 615 complementum,
1438 584 1476 605 ac
1507 573 1607 604 variis
1638 577 1673 604 et
1699 571 1814 603 arduis

422 618 575 659 negociis,
599 628 660 649 nos
682 621 719 649 et
742 618 924 649 Ecclesiam
947 621 1098 650 nostram
1123 618 1400 650 cantuariensem
1417 616 1647 667 tangentibus,
1661 615 1814 656 legitime

423 661 588 703 prepediti
603 662 784 703 quominus
799 661 834 693 in
851 672 950 693 eausa
966 661 1212 703 Appellacionis
1221 661 1419 703 hujusmodi
1435 665 1470 692 et
1485 661 1518 692 in
1535 660 1670 701 negocio
1692 659 1728 691 in
1751 658 1814 690 hac

423 708 518 746 parte
534 705 709 747 principali
724 705 942 746 personaliter
953 705 1129 746 procedere
1143 705 1331 744 valeamus;
1344 705 1385 736 ad
1399 705 1616 743 audiendum,
1628 702 1812 735 discucien-

422 749 516 788 dum,
533 752 569 780 et
583 749 697 780 debite
713 749 965 780 terminandum
980 759 1115 780 causam
1138 759 1196 780 seu
1212 759 1328 780 causas
1344 748 1590 789 Appellacionis
1605 728 1812 788 hujusmodi,

424 795 468 833 et,
492 793 520 824 si
542 792 738 824 inveneritis
760 793 872 834 ipsum
895 793 1121 834 appellantem
1137 792 1286 824 indebite
1308 792 1412 824 fuisse
1435 803 1472 833 gr
1473 803 1521 823 av
1515 795 1610 823 itum
1634 792 1815 832 ipsumque

424 847 444 868 a
465 836 715 877 gravaminibus
737 836 935 878 hujusmodi
958 837 1107 877 legitime
1126 836 1317 877 appellasse,
1335 847 1395 876 pro
1410 835 1647 877 Appellacione
1663 833 1814 875 predicta

423 879 565 922 ejusque
581 891 681 912 causa
696 891 755 911 seu
771 881 888 920 causis,
905 881 1080 922 ipsamque
1103 880 1374 930 Appellacionein
1398 880 1501 911 fuisse
1524 882 1556 911 et
1580 889 1651 910 esse
1674 878 1813 919 justam,

424 934 462 955 ac
485 935 526 955 ex
548 924 656 955 causis
682 924 778 962 veris,
801 905 914 965 justis,
942 927 977 955 et
1004 924 1162 965 legitimis
1188 923 1433 964 interpositam,
1461 922 1754 964 pronunciandum
1779 924 1815 952 et

423 967 672 1007 declarandum,
689 978 818 999 necnon
834 968 876 998 ad
892 968 1109 1007 audiendum,
1127 968 1398 1005 examinandum,
1415 969 1451 998 et
1466 966 1613 1007 plenarie
1627 965 1814 997 discucien-

424 1012 507 1043 dum
524 1022 639 1043 causas
655 1011 920 1043 Permutacionis
934 1012 1091 1052 predicte,
1108 1011 1238 1042 dictum
1249 1011 1455 1042 Willelmum
1472 1013 1508 1042 et
1519 1011 1548 1042 F
1550 1009 1702 1042 eclesiam
1717 1018 1814 1040 suam

425 1055 468 1086 de
484 1055 685 1087 Colstrewor
686 1055 745 1086 the
761 1055 945 1096 predictam
962 1058 1208 1094 concernentes,
1220 1054 1366 1096 ipsisque
1381 1054 1490 1085 causis
1507 1053 1593 1085 veris
1609 1056 1644 1085 et
1654 1051 1814 1094 legitimis

425 1098 582 1138 inventis,
594 1099 850 1140 approbandum
862 1099 1007 1138 easdem,
1022 1099 1214 1139 dictamque
1225 1097 1516 1129 Permutacionem
1528 1096 1814 1135 auctorizandum,

425 1153 463 1174 ac
480 1142 752 1183 Resignacionem
776 1142 866 1174 dicte
882 1123 1028 1174 Ecclesie
1044 1143 1085 1173 de
1103 1142 1361 1174 Colstreworthe
1377 1152 1418 1173 ex
1434 1152 1533 1173 causa
1549 1139 1815 1172 Permutacionis

425 1185 622 1227 hujusmodi
649 1186 877 1227 recipiendum
903 1189 938 1217 et
960 1186 1222 1225 admittendum,
1246 1185 1459 1226 ulteriusque
1482 1185 1657 1226 negocium
1681 1194 1749 1225 quo
1771 1183 1816 1215 ad

426 1229 552 1261 dictam
569 1229 748 1261 Ecclesiam
767 1230 808 1260 de
826 1229 1086 1261 Colstreworthe
1101 1210 1360 1270 expediendum,
1379 1229 1617 1270 prefatumque
1630 1227 1815 1259 Dominum

427 1273 612 1304 Henricum
639 1274 683 1304 ad
709 1274 834 1305 dictam
856 1273 1038 1305 Ecclesiam
1063 1274 1104 1305 de
1129 1273 1398 1312 Colstreworthe,
1425 1273 1467 1304 ad
1491 1282 1594 1314 quam
1616 1282 1674 1313 per
1696 1281 1815 1304 verum

426 1317 580 1358 ejusdem
596 1317 743 1348 Ecclesie
759 1317 840 1348 Pati
841 1327 956 1355 onum
974 1320 1014 1348 ut
1028 1317 1155 1356 asserit,
1179 1316 1332 1348 extiterit
1347 1319 1382 1347 et
1397 1316 1515 1347 existit
1538 1318 1763 1357 presentatus,
1786 1313 1816 1346 si

425 1361 474 1392 ita
489 1363 552 1400 est,
577 1371 635 1401 per
658 1361 799 1392 modum
815 1363 848 1392 et
865 1371 907 1392 ex
922 1371 1021 1392 causa
1043 1360 1309 1392 Permutacionis
1333 1359 1481 1400 predicte
1504 1359 1758 1391 admittendum
1780 1360 1817 1390 et

427 1405 602 1435 Rectorem
617 1404 904 1443 instituendum,
894 1415 1074 1445 1psumque
1092 1404 1275 1435 Dominum
1302 1403 1486 1435 Henricum
1510 1403 1684 1435 Barnake
1675 1413 1710 1434 m
1726 1402 1817 1434 dicte

425 1448 571 1479 Ecclesie
601 1447 644 1479 de
674 1447 944 1487 Colstreworthe,
973 1447 1171 1489 juriumque
1201 1450 1237 1479 et
1267 1447 1549 1488 pertinenciarum
1581 1447 1816 1478 universorum

425 1491 579 1533 ejusdem
609 1491 815 1532 corporalem
845 1492 1086 1532 possessionem
1116 1491 1391 1523 demandandum
1417 1494 1453 1522 et
1474 1490 1668 1522 faciendum
1690 1489 1816 1529 induci,

426 1535 604 1576 omniaque
627 1535 691 1566 alia
714 1538 749 1566 et
772 1535 902 1576 singula
925 1535 1128 1574 faciendum,
1151 1535 1404 1575 excercendum,
1431 1537 1466 1566 et
1489 1534 1735 1575 expediendum
1751 1543 1817 1575 que

425 1579 461 1610 in
478 1578 659 1619 premissis,
686 1582 722 1610 et
744 1578 828 1610 circa
852 1589 899 1618 ea,
924 1579 1108 1610 necessaria
1130 1578 1258 1610 fuerint
1281 1589 1340 1609 seu
1363 1578 1617 1619 quomodolibet
1639 1581 1816 1619 oportuna,

425 1625 593 1663 quatenus
609 1622 768 1663 premissa
785 1622 915 1654 dictum
931 1622 1165 1654 Venerabilem
1189 1623 1343 1654 Fratrem
1365 1626 1531 1661 nostrum,
1548 1621 1816 1653 Lincolniensem

426 1666 641 1707 Episcopum,
657 1666 912 1706 concernebant,
931 1667 1031 1698 modo
1047 1669 1082 1698 et
1097 1666 1206 1697 forma
1221 1666 1345 1708 quibus
1360 1666 1450 1697 idem
1466 1665 1675 1698 Venerabilis
1699 1665 1817 1697 Frater

427 1713 543 1741 noster
557 1720 595 1741 ea
609 1709 717 1741 facere
733 1710 914 1750 debuisset,
931 1710 984 1741 vel
1001 1710 1160 1751 premissa
1175 1709 1384 1751 expedienda
1395 1709 1486 1741 dicto
1499 1709 1690 1741 Venerabili
1706 1708 1817 1740 Fratri

427 1754 552 1793 nostro,
584 1753 749 1794 Episcopo
780 1753 971 1793 Exoniensi,
996 1754 1067 1785 vice
1090 1757 1125 1785 et
1147 1753 1349 1785 auctoritate
1372 1753 1497 1785 nostris
1520 1752 1815 1792 committendum,

428 1797 521 1828 vobis
551 1797 639 1828 vices
671 1800 803 1828 nostras
833 1797 1089 1837 committimus,
1113 1807 1192 1829 cum
1214 1796 1399 1838 cujuslibet
1421 1796 1624 1828 cohercionis
1649 1796 1816 1829 Cauonice

429 1843 596 1881 potestate
613 1850 621 1879 ;
637 1841 836 1872 mandantes
852 1840 1022 1882 quatinus,
1041 1841 1210 1881 premissis
1226 1840 1403 1881 expeditis,
1423 1850 1483 1872 nos
1499 1840 1542 1871 de
1557 1839 1650 1871 omni
1668 1850 1707 1871 eo
1723 1839 1816 1881 quod

427 1883 573 1915 feceritis
602 1884 638 1915 in
663 1883 831 1924 premissis
853 1883 967 1915 debite
990 1884 1189 1916 certificetis.
1248 1884 1337 1915 Data
1359 1884 1394 1915 in
1421 1883 1565 1915 Ecclesia
1589 1882 1816 1915 conventuali

428 1927 586 1959 Fratrum
613 1927 872 1959 Carmelitarum
889 1927 1136 1968 Cantebriggie,
1162 1927 1244 1969 xviij
1267 1927 1321 1958 die
1342 1927 1466 1958 mensis
1482 1927 1698 1968 Septembris,
1716 1927 1816 1958 Anno

427 1971 564 2002 Domini
595 1970 657 2003 ΜΟ.
691 1970 823 2003 CCCm⁰
853 1971 980 2002 lxxxmo
1015 1975 1144 2010 octavo,
1178 1974 1214 2002 et
1243 1977 1357 2002 nostre
1386 1970 1630 2002 Translacionis
1659 1970 1814 2011 septimo-

428 2014 630 2053 —QUARUM
645 2014 846 2046 auctoritate
862 2014 1062 2054 Literarum,
1078 2015 1157 2056 quia
1173 2025 1231 2055 per
1246 2014 1395 2055 legitima
1407 2015 1610 2046 documenta
1625 2014 1817 2046 invenimus

429 2058 540 2098 ipsum
566 2057 791 2098 appellantem
813 2058 963 2089 indebite
986 2058 1090 2089 fuisse
1112 2061 1299 2098 gravatum,
1323 2057 1503 2098 ipsumque
1525 2068 1545 2088 a
1566 2057 1817 2098 gravaminibus

427 2100 624 2143 hujusmodi
638 2101 787 2151 legitime
810 2101 1001 2142 appellasse,
1019 2112 1078 2142 pio
1095 2101 1338 2143 Appellacione,
1362 2101 1475 2142 igitur,
1500 2100 1659 2142 predicta,
1676 2100 1819 2142 ejusque

430 2155 530 2176 causa
545 2148 580 2176 et
595 2145 712 2183 causis,
725 2144 900 2186 ipsamque
909 2145 1179 2186 Appellacionem
1196 2145 1300 2176 fuisse
1315 2148 1350 2176 et
1365 2155 1434 2176 esse
1443 2144 1582 2186 justam,
1595 2154 1633 2176 ac
1648 2155 1690 2176 ex
1703 2144 1816 2186 justis,

429 2188 525 2227 veris,
553 2191 589 2220 et
614 2169 787 2238 legitimis
797 2189 904 2220 causis
927 2189 1161 2229 interpositam
1185 2188 1480 2238 pronunciavimus
1503 2191 1538 2220 et
1560 2188 1812 2220 declaravimus.

431 2233 485 2271 Et,
503 2231 583 2273 quia
598 2231 789 2263 execucioni
804 2231 956 2263 ulteriori
978 2232 1061 2263 dicti
1083 2232 1219 2272 negocii,
1242 2231 1315 2263 aliis
1337 2232 1450 2263 arduis
1473 2231 1616 2273 negociis
1639 2231 1816 2274 prepediti,

428 2256 603 2307 intendere
625 2285 693 2306 non
717 2274 876 2314 valemus,
893 2276 935 2306 ad
951 2276 1167 2315 audiendum,
1193 2275 1466 2314 examinandum,
1485 2278 1521 2307 et
1536 2275 1684 2317 plenarie
1705 2270 1814 2308 discu-

429 2319 587 2351 ciendum
602 2328 718 2350 causas
734 2318 999 2350 Permutacionis
1022 2319 1179 2360 predicte,
1203 2319 1335 2350 dictum
1358 2319 1566 2351 Willelmum
1582 2322 1617 2351 et
1633 2319 1815 2351 Ecclesiam

429 2373 526 2395 suam
552 2363 595 2394 de
622 2362 881 2394 Colstreworthe
907 2366 1153 2402 concernentes,
1178 2362 1326 2404 ipsisque
1351 2362 1459 2394 causis
1482 2362 1569 2394 veris
1595 2366 1632 2395 et
1657 2362 1816 2404 legitimis

427 2406 582 2446 inventis,
599 2406 853 2447 approbandum
869 2406 1012 2445 easdem,
1024 2406 1215 2447 dictamque
1228 2406 1517 2438 Permutacionem
1529 2406 1816 2446 auctorizandum,

429 2461 467 2482 ac
477 2449 750 2490 Resignacionem
766 2449 855 2481 dicte
872 2449 1017 2481 Ecclesie
1033 2450 1075 2481 de
1091 2449 1359 2490 Colstreworthe,
1376 2460 1418 2481 ex
1433 2460 1533 2481 causa
1548 2450 1815 2482 Permutacionis

429 2492 635 2535 hujusmodi,
642 2492 870 2534 recipiendum
877 2496 911 2524 et
919 2493 1183 2532 admittendum,
1193 2493 1429 2534 prefatumque
1440 2493 1623 2525 Dominum
1629 2493 1816 2526 Henricum
1842 2514 1847 2518 -

430 2536 581 2569 Barnake
591 2537 633 2568 ad
640 2536 766 2568 dictam
779 2536 958 2567 Ecclesiam
965 2537 1006 2568 de
1013 2536 1281 2576 Colstreworthe,
1289 2537 1331 2567 ad
1337 2547 1440 2577 quam
1449 2537 1713 2577 perWillelmum
1721 2537 1815 2569 Gun-

429 2581 560 2621 thorpe,
569 2580 832 2611 Prebendarium
839 2580 948 2611 Partis
954 2578 1123 2611 Australis
1130 2579 1275 2612 Ecclesie
1283 2580 1497 2611 Prebendalis
1504 2580 1546 2612 de
1553 2580 1752 2620 Grantham,
1759 2591 1814 2613 ve-

428 2634 505 2656 rum
518 2623 623 2665 ipsius
634 2622 779 2655 Ecclesie
791 2624 833 2655 de
846 2622 1104 2655 Colstreworthe
1114 2623 1308 2663 Patronum,
1316 2634 1358 2655 ex
1367 2634 1466 2655 causa
1478 2624 1743 2656 Permutacionis
1753 2624 1814 2656 hu-

427 2667 577 2710 jusmodi
586 2670 799 2708 presentatus
809 2667 969 2698 extiterat
977 2669 1012 2699 et
1021 2667 1150 2704 existit;
1165 2667 1207 2698 de
1217 2667 1270 2708 cuj
1277 2677 1324 2707 us,
1338 2667 1485 2708 quidem,
1495 2667 1570 2708 J'ure
1580 2668 1816 2709 presentantis,

428 2711 624 2751 meritisque
639 2721 778 2752 persone
794 2711 977 2751 presentati
992 2710 1135 2751 predicti
1150 2714 1185 2742 et
1200 2710 1387 2750 habilitate,
1404 2720 1516 2742 coram
1539 2711 1635 2743 nobis
1649 2711 1814 2744 sufficien-

428 2757 482 2786 ter
496 2757 531 2785 et
546 2754 696 2795 legitime
711 2754 828 2785 extitit
850 2754 940 2786 facta
962 2754 1053 2794 fides,
1078 2765 1137 2796 per
1158 2754 1297 2785 modum
1314 2757 1349 2785 et
1364 2764 1405 2786 ex
1428 2765 1527 2786 causa
1550 2754 1815 2788 Permutacionis

429 2798 578 2839 predicte
608 2797 860 2829 admittendum
883 2800 919 2829 et
942 2798 1118 2829 Rectorem
1140 2797 1401 2837 instituendum,
1425 2798 1605 2839 ipsumque
1628 2798 1815 2831 Dominum

429 2841 614 2872 Henricum
637 2840 672 2872 in
695 2840 785 2873 dicte
808 2840 953 2872 Ecclesie
975 2841 1017 2873 de
1040 2841 1312 2880 Colstreworthe,
1336 2840 1533 2882 J'uriumque
1555 2844 1591 2873 et
1614 2841 1813 2883 pertinenci-

429 2894 525 2917 arum
548 2884 781 2916 universorum
804 2884 957 2925 ejusdem
980 2884 1183 2934 corporalem
1206 2884 1446 2926 possessionem
1468 2885 1743 2918 demandandum
1765 2886 1814 2918 in-

428 2927 507 2960 duci
522 2930 557 2959 et
572 2927 773 2967 faciendum,
791 2928 861 2959 vice
876 2930 912 2959 et
926 2927 1129 2960 auctoritate
1144 2928 1227 2960 dicti
1243 2927 1380 2960 Domini
1390 2927 1648 2970 Archiepiscopi,
1662 2929 1814 2962 Paterni·

427 2971 493 3004 tati
524 2974 633 3003 vestre
663 2972 843 3003 reverende
873 2971 1007 3013 plenam
1029 2971 1065 3003 in
1092 2971 1238 3003 Domino
1260 2971 1505 3004 committimus
1529 2975 1733 3013 potestatem
1755 2984 1816 3015 per

428 3015 616 3047 Presentes.
663 3014 874 3056 Mandantes,
891 3016 1017 3055 tamen,
1036 3015 1207 3058 quatinus,
1223 3015 1314 3048 dicto
1329 3015 1486 3057 expedito
1502 3015 1647 3058 negocio,
1664 3016 1706 3049 de
1722 3016 1815 3050 omni
