1988 3256
169 462 202 489 A.
209 462 244 489 Ῐ).

170 497 243 522 1384.

171 529 231 556 Vol.
254 529 277 556 1.

167 596 215 624 sol.
230 598 288 624 120.

486 357 773 392 REGISTRUM
816 357 1270 392 COMMUNE—-ANNO
1300 349 1392 393 14⁰.
1625 347 1720 391 523

326 465 475 496 solidum
493 465 705 504 inveniendi,
721 476 762 496 ac
778 465 1000 506 parochianis
1016 465 1109 495 dicte
1127 460 1267 504 Capell'e
1286 464 1412 495 Missas
1439 466 1475 495 et
1499 464 1569 494 alia
1594 463 1722 494 Divina

326 510 448 541 Officia
471 510 507 540 in
531 510 654 541 eadem
679 510 822 550 Capella
844 509 993 549 singulis
1009 509 1112 540 annis
1135 509 1395 548 imperpetuum
1420 508 1642 546 celebraturi,
1661 508 1720 538 Sa-

325 557 574 595 cramentaque
597 557 634 585 et
659 554 934 585 Sacramentalia
957 554 1090 585 eisdem
1114 553 1360 591 ministraturi,
1377 553 1471 583 inter
1491 553 1605 583 dictos
1622 562 1720 592 paro-

324 598 479 636 chianos,
505 609 547 630 ex
571 602 671 639 parte
698 609 778 637 una,
804 602 840 629 et
866 598 975 638 ipsius
1002 598 1156 629 Ecclesie
1183 597 1365 628 Viearium
1390 597 1449 637 qui
1475 607 1570 627 nnnc
1588 600 1653 635 est,
1679 607 1721 627 ex

324 643 445 681 altera,
462 643 506 674 lis
522 643 558 673 in
583 643 689 674 Curia
713 643 959 674 Cantuariensi
983 642 1135 682 pendeat
1158 641 1323 679 indecisa,
1341 641 1528 682 nichilque,
1545 641 1721 681 pendente

325 687 528 728 hujusmodi
549 687 620 725 lite,
645 688 682 718 in
705 687 939 728 prejudicium
963 686 1114 727 alicujus
1140 686 1302 717 Parcium
1330 686 1569 726 predictarum
1594 686 1721 716 debeat

326 732 508 770 innovari;
539 732 648 769 vobis,
677 732 796 771 igitur,
825 731 1043 772 conjunctim
1068 733 1104 761 et
1131 730 1283 768 divisim,
1311 730 1357 761 ad
1384 730 1599 761 audiendum
1633 730 1721 760 Con-

325 776 498 807 fessiones
520 776 813 816 parochianorum
837 776 996 817 ejusdem
1023 775 1173 815 Capelle,
1197 775 1358 815 ipsosque
1390 775 1433 805 de
1458 775 1613 815 peccatis
1637 774 1720 812 suis,

326 821 425 851 vobis
441 824 503 851 aut
519 821 621 851 alteri
639 823 796 852 vestrum
813 821 994 858 confessis,
1011 819 1275 858 absolvendum,
1297 830 1338 850 ac
1353 819 1486 850 eisdem
1502 818 1721 859 penitencias

327 865 500 896 salutares
527 865 804 906 injungendum3
843 875 989 902 necnon,
1020 864 1286 894 Sacramentum
1319 863 1519 894 Eukaristie
1551 863 1587 893 in
1617 863 1722 894 Festo

328 909 461 941 Pasche
489 910 648 950 proximo
663 920 757 940 nunc
780 909 912 947 futuro,
937 909 1033 939 salvo
1056 908 1093 938 in
1117 908 1280 939 omnibus
1302 908 1380 949 jure
1404 908 1541 948 prefate
1566 907 1721 938 Ecclesie

328 954 543 985 Parochialis
557 956 594 985 et
612 954 770 984 Matricis
786 954 828 984 de
846 953 1035 994 Doulyshe‚
1052 955 1099 991 et,
1116 953 1246 992 absque
1270 953 1348 993 ejus
1371 955 1407 983 et
1431 952 1504 983 litis
1527 952 1721 992 prescripte

328 998 564 1038 dependencie
588 998 793 1039 prejudicio,
817 998 854 1028 in
878 998 974 1028 dicta
998 997 1156 1028 Ecclesia
1178 997 1221 1028 de
1247 997 1410 1028 Kentone
1435 997 1720 1033 ministrandum,

329 1045 452 1117 {gnorfi
483 1042 709 1074 Presencium
748 1042 1004 1073 committimus
1036 1041 1423 1081 potestatem.—Dated
1461 1043 1498 1072 at
1538 1041 1648 1082 Clyst,
1680 1040 1722 1073 27

368 1097 427 1118 arc
456 1111 463 1118 .

280 1139 544 1191 Winkleigh3
574 1141 810 1179 *Mandatum
837 1141 892 1178 ad
916 1140 1223 1178 ministrandum,
1253 1138 1527 1178 Eukavistia‘m
1539 1139 1721 1188 parochi-

337 1195 426 1233 anis
447 1195 602 1243 Gapelle
619 1196 666 1233 de
685 1195 915 1240 Holecombe,
931 1218 971 1223 —

286 1250 448 1288 Thomas,
465 1252 542 1289 etc.,
560 1250 709 1282 Domino
734 1250 883 1281 Ricardo
908 1247 1178 1290 [Troubrigge],
1203 1249 1377 1289 Perpetuo
1401 1249 1541 1280 Vicario
1566 1248 1722 1280 Ecclesie

329 1295 544 1326 Parochialis
571 1295 613 1326 de
640 1294 890 1335 Wynkeleghe,
917 1294 1078 1332 salntem,
1103 1294 1270 1324 etc—Ex
1297 1296 1396 1334 parte
1428 1293 1720 1334 parochianorum

329 1339 469 1379 Capelle
493 1339 536 1370 de
562 1339 785 1377 Holecombe,
802 1339 1009 1370 Parochiam
1032 1341 1069 1369 et
1092 1338 1322 1378 parochianos
1338 1338 1502 1369 habentis
1525 1338 1723 1375 distinctos,

328 1383 423 1414 infra
438 1384 526 1414 fines
541 1386 577 1414 et
594 1383 726 1414 limites
742 1383 911 1414 Parochie
927 1383 1020 1414 dicte
1046 1383 1201 1413 Ecclesie
1227 1383 1441 1413 Parochialis
1464 1385 1501 1413 et
1525 1382 1654 1413 Curate
1679 1382 1722 1413 dc

330 1425 580 1468 Wynkeleghe¹
599 1428 741 1465 situata,
757 1430 793 1458 et
809 1428 854 1458 ab
869 1427 992 1459 eadem
1010 1427 1167 1458 Ecclesia
1190 1427 1326 1458 notorie
1350 1426 1592 1467 dependentis,
1609 1426 1722 1467 gravi—

330 1475 385 1502 ter
400 1472 643 1512 conquerendo
658 1471 759 1502 nobis
774 1472 894 1502 extitit
917 1472 1122 1502 intimatum
1147 1471 1239 1512 quod
1262 1473 1303 1501 tu
1327 1471 1575 1502 Confessiones
1598 1481 1720 1502 eorum

330 1516 452 1547 audire
467 1519 504 1547 et
521 1516 788 1547 Sacramentum
805 1513 1005 1547 Eukaristie
1022 1516 1224 1546 ministrare
1241 1515 1278 1545 in
1295 1515 1438 1556 Capella
1460 1515 1629 1556 predicta,
1646 1515 1722 1546 loco

331 1560 391 1591 ubi
406 1562 442 1591 et
458 1564 562 1600 prout
578 1561 642 1591 hec
658 1571 720 1600 per
736 1560 894 1591 vicarios
909 1560 1068 1601 ejusdem
1094 1560 1258 1598 Ecclesie,
1275 1569 1338 1590 sen
1361 1560 1590 1600 Capellanum
1614 1560 1723 1590 alium

331 1604 507 1645 ydoneum
531 1605 730 1645 sumptibus
753 1605 909 1645 ipsorum
925 1604 1144 1635 vicariorum
1169 1604 1282 1635 solnm
1306 1604 1500 1642 inventum,
1518 1604 1562 1635 ab
1579 1604 1723 1644 antiquo

333 1649 408 1680 fleri
439 1652 703 1687 consueverant,
730 1649 884 1688 denegas
915 1649 1031 1679 minus
1059 1648 1165 1689 juste,
1192 1651 1297 1689 prout
1322 1658 1428 1689 super
1454 1649 1523 1679 hiis
1548 1649 1724 1679 sufficiens

332 1703 450 1724 coram
481 1693 582 1724 nobis
612 1673 731 1724 extit'it
762 1693 859 1724 facta
883 1693 989 1730 fides3
1025 1703 1130 1733 super
1154 1693 1280 1733 quibus
1306 1703 1370 1733 pro
1401 1695 1502 1734 parte
1532 1693 1723 1724 eorundem

331 1737 449 1768 fuerat
475 1737 576 1768 nobis
601 1737 783 1768 humiliter
807 1738 1042 1778 supplicatum
1070 1739 1110 1767 ut
1135 1737 1185 1768 eis
1210 1737 1253 1768 de
1275 1740 1448 1777 oportuno
1472 1737 1508 1767 in
1533 1737 1599 1768 hac
1622 1740 1723 1777 parte

332 1775 515 1822 providere
531 1782 686 1813 remedio
702 1782 938 1821 dignaremur.
986 1781 1155 1820 Quocirca
1170 1781 1246 1818 tibi,
1259 1781 1295 1811 in
1311 1781 1444 1812 virtute
1461 1781 1670 1812 Obediencie
1687 1784 1723 1812 et

331 1826 397 1856 sub
412 1836 504 1866 pena
517 1826 618 1867 juris,
630 1826 850 1866 injungimus
865 1828 901 1857 et
917 1826 1077 1856 districte
1093 1825 1317 1866 precipiendo
1333 1826 1543 1856 mandamus
1559 1826 1724 1866 quatinus

332 1870 436 1901 dictis
466 1870 688 1911 parochianis
719 1870 859 1910 Capelle
887 1871 930 1901 de
958 1870 1171 1901 Holecombe
1201 1869 1429 1901 Sacramenta
1459 1870 1662 1901 Penitencie
1687 1874 1723 1901 et

333 1914 532 1946 Eukaristie
549 1915 585 1945 in
602 1915 697 1945 dicta
714 1915 866 1955 Capella,
882 1914 958 1945 loco
974 1914 1034 1944 ubi
1051 1924 1091 1945 ac
1107 1917 1212 1954 prout
1228 1914 1292 1945 hec
1316 1914 1360 1945 ab
1384 1914 1528 1955 antiquo
1545 1915 1620 1945 fieri
1645 1925 1724 1945 con-

331 1962 528 1997 sueverant,
546 1969 608 2000 per
623 1962 669 1997 te,
686 1959 741 1990 vel
757 1959 865 1989 alium
883 1959 1111 1999 Capellanum
1134 1959 1321 1999 ydoneum,
1338 1959 1481 1989 studeas
1504 1959 1724 1996 ministrare3

333 2003 398 2041 sin,
423 2006 552 2042 autem,
576 2003 662 2044 ipsis
692 2003 737 2034 ab
761 2003 877 2043 aliquo
903 2003 1033 2034 Curato
1056 2002 1172 2033 vicino
1195 2002 1397 2043 hujusmodi
1423 2003 1649 2034 Sacramenta
1672 2013 1723 2034 re-

334 2048 448 2088 cipere
465 2047 600 2078 tribuas
617 2047 844 2085 facultatem;
869 2047 1023 2088 alioquin
1039 2050 1160 2078 tenore
1173 2047 1397 2078 Presencium
1414 2050 1450 2078 te
1466 2047 1618 2078 citamus
1633 2047 1725 2087 quod

332 2102 535 2132 compareas
551 2102 668 2122 coram
685 2091 796 2130 nobis,
807 2092 843 2122 in
861 2092 1018 2122 Manerio
1032 2094 1154 2122 nostro
1169 2091 1212 2122 de
1230 2091 1339 2132 Clyst,
1356 2094 1481 2132 quarto
1497 2092 1553 2122 die
1568 2092 1589 2123 J
1592 2092 1726 2122 uridico

334 2147 355 2167 a
379 2138 537 2176 tempore
562 2136 776 2177 recepcionis
808 2136 1032 2167 Presencium
1057 2136 1223 2166 continue
1247 2136 1475 2174 numerando,
1503 2146 1645 2167 causam
1671 2146 1723 2166 ra-

334 2180 551 2218 cionabilem,
569 2180 598 2211 si
625 2190 729 2221 quam
746 2190 810 2220 pro
825 2183 860 2211 te
887 2180 1028 2218 habeas,
1044 2190 1151 2220 quare
1176 2180 1221 2210 ad
1247 2180 1419 2220 premissa
1443 2180 1606 2211 facienda
1632 2191 1724 2211 com-

334 2224 416 2264 pelli
432 2235 501 2255 non
519 2225 656 2263 debeas,
673 2235 714 2255 ac
730 2224 931 2265 hujusmodi
949 2224 1110 2255 Licencia
1125 2234 1188 2264 per
1210 2234 1274 2255 nos
1290 2225 1432 2255 concedi
1449 2235 1516 2255 non
1535 2224 1671 2262 debeat,
1688 2224 1724 2255 in

334 2268 454 2299 debita
475 2268 564 2309 juris
587 2269 703 2300 forma
729 2269 972 2309 propositurus
997 2271 1033 2299 et
1057 2269 1215 2308 legitime
1242 2269 1473 2309 probaturns;
1497 2269 1725 2309 facturusque

334 2313 482 2387 uaelteffiius
492 2315 542 2387 het
567 2315 773 2353 recepturus
798 2313 890 2353 quod
914 2313 1057 2354 justicia
1087 2313 1258 2351 suadebit,
1287 2313 1515 2344 etc.—Dated
1545 2316 1582 2344 at
1614 2313 1723 2354 CIyst,

431 2367 491 2387 arc
519 2381 526 2388 .

289 2411 544 2448 Confessions
561 2423 572 2457 ;
606 2412 668 2448 Ad
685 2411 923 2448 audiendum
945 2411 1215 2460 Confessiones,
1238 2418 1373 2457 etc.,-—

291 2466 453 2505 Thomas,
478 2470 555 2504 etc.²
582 2466 750 2506 Magistro
767 2466 940 2497 Willelmo
965 2466 1072 2504 Picrs,
1099 2466 1238 2497 Rectori
1263 2466 1416 2497 Ecclesie
1441 2466 1656 2498 Parochialis
1679 2466 1722 2497 de

336 2511 503 2548 Poutone,
521 2510 607 2541 alias
623 2510 716 2542 dicte
740 2510 920 2541 Nansantz
946 2508 1013 2550 [St.
1031 2509 1183 2550 Brevi-effi
1201 2513 1237 2541 et
1261 2511 1411 2542 Domino
1429 2511 1577 2542 Ricardo
1595 2511 1724 2551 Dreyn,

336 2555 524 2595 Capellano
548 2555 742 2586 Parochiali
765 2555 923 2595 ejusdem
948 2554 1112 2593 Ecclesie,
1137 2555 1298 2593 salutem,
1321 2555 1489 2586 etc—Ad
1512 2555 1725 2585 audiendum

337 2599 373 2629 in
389 2599 466 2630 foro
481 2599 598 2630 anime
615 2599 861 2630 Confessiones
884 2599 1175 2639 parochianorum
1200 2599 1293 2630 dicte
1310 2599 1464 2630 Ecclesie
1480 2609 1724 2639 quorumcum-

337 2653 414 2683 que,
431 2653 471 2674 ac
487 2643 573 2683 ipsis
588 2653 651 2683 pro
667 2643 864 2674 commissis
879 2643 1097 2683 penitencias
1117 2643 1384 2684 injungendum,
1401 2653 1535 2674 necnon
1552 2644 1597 2674 ad
1613 2643 1724 2674 absol·
1741 2667 1744 2670 .

338 2687 490 2718 vendum
502 2687 643 2718 eosdem
660 2687 702 2718 de
719 2687 873 2727 peccatis
883 2687 1055 2718 veraciter
1066 2688 1275 2718 confitendis
1289 2690 1325 2718 et
1342 2687 1521 2725 confessis,
1538 2688 1574 2717 in
1587 2687 1725 2718 casibus

338 2741 360 2762 a
385 2731 463 2772 jure
490 2732 545 2762 vel
572 2731 824 2763 consuetudine
850 2731 950 2762 nobis
975 2731 1181 2769 reservatis3
1212 2732 1463 2789 violacionibus
1492 2732 1513 2762 J
1516 2742 1631 2762 urium
1664 2742 1733 2762 seu·

182 2803 195 2824 ¹
212 2806 285 2837 The
309 2806 433 2837 Manor
455 2806 494 2837 of
516 2806 753 2844 Hollacombe,
778 2816 817 2837 or
841 2806 924 2837 1101-
991 2831 993 2833 .
1038 2787 1133 2845 1260,
1144 2787 1213 2837 had
1229 2817 1250 2837 a
1263 2787 1406 2838 charter
1420 2807 1477 2838 for
1491 2817 1511 2838 a
1527 2788 1665 2838 market
1681 2818 1726 2838 on

229 2850 361 2888 combe,
377 2850 412 2880 in
437 2850 509 2881 this
532 2851 661 2891 parish,
685 2851 867 2889 belonged,
887 2850 924 2880 in
1037 2851 1190 2891 Monday
1209 2851 1278 2881 and
1302 2861 1323 2881 a
1346 2851 1415 2881 fair
1438 2851 1494 2882 for
1517 2851 1616 2882 three
1639 2851 1727 2892 days

227 2894 288 2925 the
311 2895 410 2934 reign
434 2895 471 2925 of
495 2895 617 2935 Henry
634 2895 703 2933 III,
720 2897 757 2926 to
772 2895 924 2925 William
1036 2897 1073 2925 at
1090 2895 1150 2925 the
1170 2895 1310 2926 festival
1335 2895 1373 2926 of
1395 2894 1456 2926 the
1478 2895 1727 2926 Ascension.—

228 2938 271 2970 de
289 2939 398 2969 Portu
419 2939 567 2978 Mortuo,
584 2939 673 2977 who,
697 2939 733 2969 in
757 2939 817 2970 the
840 2949 926 2980 year
1037 2938 1174 2977 Lysous’
1191 2939 1313 2978 Det-on,
1337 2949 1370 2979 p.
1387 2939 1462 2970 563.
