1988 3256
153 461 230 489 ΔΛ).

152 496 228 523 1872.

153 530 216 557 v01.
233 529 257 556 1.

477 351 766 386 REGIs‘rRUM
802 349 1266 386 couMuun-—ANNO
1309 341 1368 385 3⁰.
1608 339 1704 386 273

306 462 422 495 Sancti
439 461 610 493 Michaelis
626 463 661 492 et
683 461 822 492 Festum
840 459 1001 492 Omnium
1026 458 1238 496 Sanctorum,
1255 468 1314 498 per
1330 458 1615 499 premunicionem
1639 457 1700 499 viij

305 506 447 544 dierum,
471 505 621 537 clavibus
644 503 880 536 communibus
902 503 1106 544 aperiantur.
1151 502 1205 533 Ita
1227 502 1319 542 quod
1343 502 1502 543 predictis
1525 501 1642 544 Maiori
1665 506 1701 533 et

306 549 562 587 communitati,
592 558 709 580 eorum
740 547 920 579 heredibus
949 550 985 578 et
1013 545 1269 584 successoribus,
1302 546 1345 577 de
1376 545 1522 577 Civitate
1549 546 1700 586 predicta

306 597 422 635 pateat
450 593 620 633 ingressus
649 592 692 623 ad
724 601 860 622 murum
885 589 1040 622 Civitatis
1069 589 1104 620 in
1127 599 1165 620 ea
1188 593 1292 630 parte,
1315 589 1344 620 si
1367 589 1618 621 construccione
1639 592 1702 620 aut

305 636 514 678 reputacione
530 636 687 676 indigeat,
705 635 900 673 videndum,
924 637 995 665 tam
1017 643 1119 674 super
1142 642 1279 664 murum
1305 643 1409 674 quam
1431 633 1466 664 in
1488 633 1593 664 latere
1615 633 1698 664 dicti

307 681 404 713 muri.
450 680 506 719 Et,
533 680 562 711 si
582 680 751 720 ingressus
777 679 902 709 eisdem
925 678 1112 718 denegetur
1138 677 1171 707 in
1199 677 1366 717 posternis
1394 676 1560 717 predictis,
1583 676 1698 708 licebit

306 724 431 756 eisdem
462 734 550 755 seras
581 723 741 763 frangere,
771 723 814 753 ad
850 721 1011 762 premissa
1038 720 1200 751 facienda.
1249 720 1307 759 Et,
1333 720 1361 750 si
1390 720 1584 751 invenerint
1605 721 1696 761 quod

306 778 425 800 murus
455 767 625 809 predictus
647 765 857 807 reparacione
879 769 940 796 aut
969 764 1220 795 construccione
1242 763 1402 804 indigeat,
1425 764 1507 795 dicti
1530 764 1698 795 Dominus

308 812 502 853 Episcopus,
532 811 696 849 Decanus,
723 813 759 841 et
786 809 994 848 Capitulum,
1022 810 1058 839 et
1087 808 1229 838 Persone
1259 807 1403 839 Ecclesie
1428 807 1631 848 supradicte,
1662 811 1698 838 et

306 866 424 887 eorum
449 864 654 886 successores
681 853 768 884 viam
788 852 1011 883 sufficientem
1038 851 1080 882 ad
1111 850 1308 882 cariandum
1333 851 1469 892 lapides,
1497 851 1632 890 calcem,
1662 855 1698 883 et

306 902 417 931 cetera
431 909 497 940 que
512 898 555 929 ad
567 907 705 928 murum
720 897 832 937 ipsum
847 895 1032 927 necessaria
1047 894 1176 925 fuerint
1197 898 1259 925 aut
1281 898 1456 935 oportuna,
1480 895 1639 936 quociens
1663 897 1699 926 et

308 943 444 984 quando
472 952 557 983 opus
587 941 700 980 fuerit,
731 941 821 971 facta
850 939 1100 980 premunicione
1125 938 1285 978 predicta,
1313 938 1511 977 invenient;
1548 938 1696 979 alioquin

308 987 422 1018 licebit
446 985 526 1027 ipsis
548 984 666 1016 Maiori
692 987 727 1015 et
752 982 1009 1021 Communitati,
1033 992 1149 1013 eorum
1173 981 1353 1013 heredibus
1379 985 1415 1013 et
1441 983 1699 1021 successoribus,

308 1041 422 1062 muros
436 1029 542 1071 ipsius
553 1028 662 1060 Patris
677 1038 715 1059 ac
729 1027 881 1059 omnium
897 1029 1084 1058 ceterarum
1097 1025 1318 1056 Personarum
1332 1025 1649 1065 Ecclesiusticwum,
1667 1029 1703 1057 et

308 1084 424 1105 eorum
455 1081 693 1110 successorum,
719 1071 893 1112 predictos,
927 1070 968 1100 ad
991 1069 1162 1101 kernerios
1185 1069 1273 1100 muri
1298 1069 1454 1100 Civitatis
1476 1069 1626 1110 predicte
1648 1073 1698 1100 at-

307 1117 481 1156 tachiatos,
496 1116 597 1158 juxta
611 1125 748 1147 murum
766 1114 931 1152 Civitatis,
956 1113 1015 1144 ubi
1037 1115 1193 1154 posterne
1215 1113 1398 1151 situantur,
1416 1118 1634 1154 prosternere,
1651 1113 1700 1144 ita

307 1161 399 1204 quod
414 1163 661 1202 competentem
678 1158 824 1190 habeant
846 1157 1025 1188 introitum
1049 1157 1092 1188 ad
1114 1156 1256 1196 cariagia
1270 1166 1332 1187 sua
1343 1156 1505 1195 facienda,
1522 1167 1582 1197 pro
1606 1166 1698 1197 repa-

307 1205 439 1237 racione
454 1209 490 1236 et
503 1203 754 1235 construccione
769 1201 858 1233 muri
876 1201 1032 1232 Civitatis
1048 1200 1206 1241 predicte.
1255 1200 1299 1230 Et
1314 1200 1428 1231 licebit
1443 1200 1569 1231 eisdem
1582 1199 1702 1232 Maiori

308 1252 345 1280 et
357 1247 613 1286 communitati,
627 1256 743 1277 eorum
759 1245 938 1276 heredibus
955 1247 991 1275 et
1005 1243 1260 1281 successoribus,
1276 1243 1431 1282 interius,
1449 1244 1478 1275 si
1499 1244 1700 1275 fundamen-

309 1297 385 1324 tum
399 1291 539 1332 predicti
557 1290 647 1322 muri
662 1289 818 1322 Civitatis
833 1288 975 1327 deficiat,
989 1287 1193 1319 sufficienter
1208 1287 1322 1318 fodere
1338 1287 1371 1318 in
1389 1290 1478 1318 terra
1493 1287 1577 1319 dicti
1590 1287 1701 1319 Patris

309 1340 345 1367 et
356 1339 542 1367 ceterarum
560 1334 782 1365 Personarum
802 1331 1108 1364 Ecclesiasticarum
1125 1331 1363 1372 predictarum,
1374 1341 1558 1372 eorumque
1571 1341 1698 1362 succes-

309 1389 435 1416 sorum,
447 1382 482 1410 et
495 1387 632 1409 murum
646 1376 800 1408 Civitatis
813 1376 928 1406 eadem
940 1374 1120 1406 latitudine
1133 1384 1201 1415 qua
1212 1385 1303 1405 nunc
1315 1377 1368 1406 est
1379 1374 1532 1414 fundare,
1545 1378 1580 1406 et
1593 1385 1700 1416 usque

308 1423 349 1454 ad
362 1421 622 1463 complecionem
633 1424 834 1458 construere,
847 1423 883 1450 et
891 1419 1074 1451 stacionem
1084 1418 1316 1457 sufficientem,
1329 1428 1429 1459 super
1440 1422 1564 1449 terram
1575 1418 1701 1459 predic-

308 1470 421 1498 torum
446 1465 583 1497 Domini
607 1463 761 1505 Episcopi
783 1466 819 1494 et
840 1463 981 1494 aliarum
1004 1462 1226 1493 Personarum
1251 1462 1556 1493 Ecclesiasticarum
1574 1462 1701 1503 predic·

309 1514 435 1548 tarum,
461 1513 497 1540 et
518 1517 746 1540 successorum
770 1517 919 1546 suorum,
943 1516 1042 1537 muro
1065 1505 1215 1546 predicto
1242 1508 1278 1536 et
1299 1505 1524 1537 fundamento
1546 1505 1700 1547 ejusdem

310 1552 549 1595 propinquiori,
562 1552 645 1583 dum
657 1551 692 1582 in
705 1550 873 1592 operando
883 1549 1022 1589 fuerint,
1035 1559 1095 1590 pro
1107 1549 1176 1579 suis
1186 1549 1343 1589 operariis
1353 1548 1475 1580 habere
1485 1559 1493 1587 ;
1504 1549 1562 1588 ita,
1576 1554 1701 1589 tamen,

248 1620 251 1621 ν
311 1597 412 1639 quod,
431 1600 608 1638 postquam
619 1595 760 1636 operarii
771 1595 805 1625 iu
822 1603 921 1625 muro
937 1603 996 1624 seu
1013 1593 1047 1624 in
1065 1592 1290 1624 fundamento
1304 1592 1464 1633 predictis
1474 1593 1603 1634 operari
1613 1593 1700 1624 ince-

157 2771 234 2837 Ἧι·

309 1641 433 1682 perint.
448 1640 490 1671 de
499 1640 554 1671 die
566 1639 600 1671 in
613 1638 701 1669 diem
719 1637 931 1679 operabilem,
948 1636 1106 1668 continue
1122 1640 1158 1667 et
1172 1635 1338 1674 celeriter,
1348 1646 1455 1677 usque
1471 1637 1514 1667 ad
1526 1636 1700 1677 compleci-

309 1695 407 1716 onem
424 1683 578 1726 ejusdem
591 1682 700 1724 operis
724 1683 914 1722 operentur.
964 1680 1004 1711 In
1021 1683 1180 1720 tempore,
1200 1689 1290 1718 vern,
1308 1690 1436 1719 guerre,
1454 1680 1544 1711 muri
1560 1680 1703 1720 predicti

309 1739 369 1770 per
383 1727 550 1759 sexdecim
567 1727 667 1768 pedes
682 1726 716 1756 in
733 1724 947 1765 longitudine
962 1734 982 1755 a
995 1723 1157 1755 kerneriis
1180 1722 1399 1764 proximiores
1420 1727 1678 1764 posternantur
1694 1734 1703 1763 ;

312 1773 359 1803 ita
370 1772 461 1813 quod
473 1770 590 1802 Maiori
601 1773 637 1801 et
654 1767 910 1805 Communitati,
926 1777 1042 1798 eorum
1060 1766 1239 1798 heredibus
1254 1770 1290 1798 et
1304 1767 1559 1802 successoribus.
1575 1777 1614 1799 ac
1629 1767 1703 1798 aliis

309 1816 352 1847 ad
364 1815 546 1847 Civitatem
562 1813 744 1854 predictam
755 1811 967 1843 venientibus
978 1821 1038 1852 pro
1049 1810 1242 1842 defensione
1254 1810 1284 1850 ej
1290 1811 1407 1842 usdem
1422 1811 1577 1842 Civitatis
1589 1814 1705 1852 pateat

311 1859 489 1899 ingressus.
538 1859 710 1895 Cessante,
729 1866 816 1895 vero,
832 1865 952 1896 guerra
974 1858 1009 1885 et
1031 1854 1173 1893 insultu,
1189 1853 1272 1885 dicti
1295 1854 1385 1886 muri
1407 1857 1443 1885 et
1466 1858 1621 1895 posterne
1644 1865 1704 1896 per

309 1902 470 1934 Maiorem
482 1905 517 1932 et
529 1900 819 1934 communitatem
831 1898 988 1931 Civitatis
1000 1898 1159 1938 predicte,
1166 1908 1282 1928 eorum
1295 1897 1434 1929 heredes
1444 1902 1479 1929 et
1490 1908 1703 1938 successores,

310 1946 452 1978 indilate
464 1947 675 1985 reparentur,
688 1943 778 1974 sicut
790 1942 893 1983 prius,
910 1942 1172 1982 imperpetuum,
1188 1946 1224 1972 et
1238 1951 1297 1982 per
1313 1941 1516 1982 Episcopum
1529 1946 1565 1973 et
1576 1945 1703 1973 ceteras

310 1990 472 2021 Personas
487 1987 737 2020 Ecclesiasticas
753 1986 908 2027 superius
930 1985 1131 2024 nominatas,
1155 1987 1190 2015 et
1212 1995 1327 2015 eorum
1352 1995 1556 2017 successores
1572 1989 1703 2017 susten-

307 2036 436 2072 tentur,
449 2036 485 2064 et
493 2035 650 2074 posterne
665 2030 814 2072 predicte
829 2040 890 2070 per
904 2029 1037 2060 eosdem
1054 2029 1214 2059 Maiorem
1229 2030 1265 2059 et
1277 2028 1575 2068 Communitatem,
1587 2039 1704 2060 eorum

309 2077 448 2109 heredes
460 2079 496 2107 et
510 2085 725 2113 successores,
741 2076 940 2114 reparentur
963 2075 998 2103 et
1019 2072 1269 2113 imperpetuum
1287 2072 1529 2111 sustineantur,
1547 2073 1654 2103 modis
1670 2076 1706 2104 et

308 2119 562 2151 condicionibus
592 2118 805 2159 supradictis.
866 2117 906 2148 In
931 2115 1031 2157 cujus
1057 2115 1106 2146 rei
1137 2115 1370 2146 testimonium
1400 2115 1483 2147 dicti
1506 2116 1703 2157 Episcopus,

308 2165 474 2203 Decanus,
491 2167 527 2194 et
543 2161 751 2203 Capitulum,
767 2171 805 2191 ac
820 2160 925 2191 eciam
947 2159 1031 2191 dicti
1054 2159 1160 2190 Maior
1174 2161 1211 2190 et
1234 2158 1467 2191 communitas
1491 2160 1704 2200 presentibus

309 2207 460 2248 Scriptis,
477 2206 520 2238 ad
536 2206 676 2237 modum
699 2203 898 2246 cyrographi
914 2203 1110 2241 indentatis‚
1134 2202 1243 2242 sigilla
1263 2212 1325 2233 sua
1344 2202 1537 2234 alternatim
1561 2213 1702 2244 apposu-

308 2251 596 2283 erunt—Datum
613 2248 750 2287 Exonie,
766 2247 822 2279 die
836 2246 976 2279 Veneris
1000 2246 1151 2287 proxima
1167 2249 1244 2287 post
1270 2246 1409 2277 Festum
1426 2247 1542 2278 Sancti
1558 2247 1703 2287 Hillarii,

310 2296 410 2327 Anno
430 2293 538 2378 §.mgni
562 2292 662 2334 Regis
688 2290 855 2331 Edwardi,
877 2290 939 2322 filii
961 2289 1062 2331 Regis
1084 2289 1253 2328 Edwardi‚
1269 2289 1521 2330 quintodecimo
1542 2290 1600 2330 [15
1615 2291 1703 2330 Jan„

267 2448 555 2499 Rilkhampton
568 2461 580 2496 ;
610 2446 805 2498 Reginald
825 2442 1020 2506 [Brugge]
1039 2445 1089 2484 de
1108 2444 1447 2506 Kylkhamptone,
1478 2443 1597 2490 R„-

268 2502 408 2534 Licence
434 2502 470 2533 oi
506 2502 769 2540 non-residence,
813 2501 831 2515 ‘¹
847 2500 1010 2541 quamdiu
1040 2499 1188 2531 Domino
1215 2498 1386 2540 placuerit,
1419 2497 1705 2538 contemplacione

310 2545 441 2578 Nobilis
457 2545 538 2583 Viri,
554 2545 692 2578 Domini
706 2543 891 2576 'theobaldi
906 2544 948 2574 de
964 2543 1167 2584 Greynvyle,
1183 2542 1322 2574 Patroni
1337 2542 1391 2573 sui
1403 2541 1421 2554 ”
1446 2541 1503 2580 (22
1517 2541 1626 2582 July).

265 2611 435 2662 Oratory
450 2624 462 2659 3
498 2611 652 2650 Licence
671 2617 709 2649 to
726 2610 971 2655 celebrate,—

268 2666 368 2704 Item,
395 2663 523 2706 xxiiijw
552 2665 607 2697 die
637 2665 719 2696 dicti
749 2663 886 2702 mensis,
915 2662 1005 2704 apud
1036 2661 1206 2701 Toritone,
1232 2661 1401 2693 Robertus
1424 2661 1558 2694 Hacche
1585 2661 1707 2693 habuit

311 2709 509 2748 Licenciam,
527 2712 601 2748 ete„
617 2708 653 2740 in
668 2707 804 2749 Capella
819 2717 881 2739 sua
895 2706 938 2737 de
955 2705 1039 2737 Hele
1054 2705 1106 2746 [in
1121 2704 1356 2745 Scammolton]
1372 2716 1381 2745 ;
1404 2716 1463 2747 per
1477 2715 1615 2737 annum.

266 2773 449 2825 Glasney,
471 2773 540 2812 the
559 2773 775 2823 Oollegiate
794 2771 955 2811 Church
974 2771 1084 2817 of,—

267 2828 423 2867 Thomas,
438 2831 512 2867 etc„
529 2827 703 2869 Proposito
719 2826 866 2858 Ecclesie
888 2828 1003 2856 nostre
1027 2823 1209 2865 Collegiate
1230 2823 1404 2866 Glasneye,
1428 2824 1583 2862 salutem,
1601 2827 1709 2857 etc.—

312 2871 576 2912 Fidedignorum
592 2871 756 2903 relacione
767 2870 966 2911 frequenter
982 2867 1175 2899 audivimus
1198 2868 1289 2909 quod
1312 2872 1395 2899 sunt
1418 2869 1573 2900 nonnulli
1595 2871 1710 2900 nostre

159 2955 173 2977 ¹
188 2957 338 2990 Written
359 2967 402 2988 on
419 2967 439 2988 a
454 2956 557 2988 blank
583 2966 667 2998 page
686 2956 758 2996 (fol.
771 2955 849 2995 ub)
865 2954 901 2986 of
924 2953 984 2986 the
997 2953 1148 2993 Register
1164 2953 1200 2985 of
1215 2954 1320 2996 Royal
1338 2954 1470 2986 Letters
1485 2954 1550 2985 and
1563 2954 1678 2987 Writs.

294 3015 324 3049 Τ
