1988 3256
70 479 147 507 A.D.

72 514 145 540 1384.

74 546 133 572 Vol.
149 547 170 574 l.

69 879 126 908 {soh

68 913 161 944 iam]

332 394 334 396 v
386 382 670 416 REGISTRUM
707 381 1163 416 cOMMUNE—ANNO
1205 373 1298 416 140.
1523 371 1610 413 531

229 483 350 515 Sancti
367 485 634 516 Predecessores
645 488 681 515 et-
695 485 916 516 Precessores
932 484 1055 523 nostri,
1066 483 1327 524 Archiepiscopi
1345 483 1619 514 Cantuarienses

227 528 398 568 quierant
410 539 473 569 pro
486 536 653 569 tempore,
667 529 739 560 suis
750 529 967 569 temporibus
975 528 1190 567 successivis,
1199 528 1235 558 in
1242 527 1616 568 pacifica'possessione

226 572 326 612 juris,
339 573 394 603 vel
410 574 519 613 quasi,
533 573 737 604 excercendi
748 576 784 604 et
796 573 1003 613 expediendi
1013 573 1132 603 omnia
1144 575 1180 603 et
1194 572 1332 612 singula
1349 571 1560 612 supradicta,
1575 574 1616 602 ut

227 618 455 656 premittitur,
464 620 621 658 tempore
634 628 695 648 sue
707 617 964 657 Metropolitica
970 617 1197 648 Visitacionis
1207 617 1368 655 durante,
1381 626 1402 647 a
1413 618 1572 656 tempore
1580 619 1616 647 et

227 671 289 700 per
304 664 443 702 tempus
459 662 560 702 cujus
577 662 744 692 contrarii
763 661 934 692 memoria
955 661 1137 692 hominum
1154 671 1224 691 non
1241 661 1370 699 existit,
1387 670 1428 691 ac
1442 659 1615 701 premissa

226 709 477 737 excercuerunt
501 709 536 737 et
560 706 732 742 fecerunt,
749 716 812 746 per
834 706 1036 746 hujusmodi
1059 705 1286 736 Visitacionis
1309 707 1479 745 tempora,
1495 704 1614 735 incon-

213 759 336 788 cusse,
361 751 515 790 pacifice,
541 753 577 781 et
597 751 732 791 quiete;
756 753 887 785 tamen,
915 750 1135 781 Venerabilis
1159 750 1285 780 Frater
1306 752 1435 788 noster,
1453 749 1614 787 Thomas,

227 794 290 824 Dei
303 794 429 826 Gracia
443 795 650 826 Exoniensis
662 795 864 835 Episcopus,
874 798 994 825 noster
1003 797 1038 825 et
1052 794 1208 825 Ecclesia
1218 796 1338 825 nostre
1350 793 1615 824 Cantuariensis

226 839 383 878 predicte
401 839 660 878 Suffraganeus,
678 849 781 879 quem
804 839 977 879 premissa
992 838 1232 870 verisimiliter
1248 848 1319 869 non
1336 837 1506 876 latebant,
1524 837 1614 868 sicut

229 893 293 913 nec
309 883 419 914 latere
434 886 609 923 poterant,
625 893 706 914 cum
723 883 794 914 sint
810 883 947 914 notoria
963 886 1068 923 atque
1077 893 1171 921 vera,
1183 893 1344 914 asserens
1360 885 1396 913 et
1412 882 1616 921 confingens

228 928 345 958 omnia
369 931 405 958 et
429 928 566 966 singula
581 928 763 968 premissa,
780 930 953 968 quatenus
970 927 1159 958 Civitatem
1183 930 1219 958 et
1243 926 1417 958 Diocesim
1441 936 1523 957 suas
1539 936 1614 966 pre-

227 972 340 1003 dictas
347 975 573 1010 concernunt,
581 972 728 1003 notoriis
738 972 944 1002 criminibus
954 974 990 1002 et
1007 972 1207 1002 excessibus
1217 971 1253 1002 in
1264 974 1386 1002 nostra
1397 971 1614 1002 Visitacione

228 1016 484 1057 Metropolitica
493 1017 683 1056 compertis
693 1016 877 1047 dumtaxat
888 1016 1053 1056 exceptis,
1064 1016 1109 1046 ad
1118 1016 1233 1056 ipsum
1248 1016 1359 1046 solum
1371 1018 1406 1046 et
1417 1015 1453 1045 in
1465 1015 1614 1046 solidum

226 1061 412 1100 pertinere,
429 1061 558 1091 nedum
574 1064 698 1091 contra
716 1071 790 1098 nos,
811 1063 863 1091 set
879 1063 1003 1091 contra
1023 1061 1156 1091 dictam
1173 1060 1366 1091 Ecclesiam
1385 1059 1614 1090 Cantuarien-

227 1114 311 1143 sem,
326 1105 476 1136 Matrem
493 1115 603 1140 suam,
620 1105 722 1145 cujus
739 1105 927 1143 Privileg‘ia
939 1108 975 1135 et
987 1105 1008 1135 J
1010 1114 1075 1135 ura
1086 1114 1236 1141 servare,
1253 1104 1453 1142 defendere,
1469 1107 1506 1134 et
1521 1104 1614 1134 tueri

226 1159 289 1188 pro
311 1159 413 1189 posse
437 1149 607 1189 corporali
631 1150 833 1190 juramento
856 1149 1006 1179 firmiter
1029 1159 1065 1179 se
1088 1149 1263 1187 astrinxit,
1280 1148 1438 1179 indebite
1454 1158 1490 1179 se
1510 1157 1614 1188 oppo-

226 1203 323 1231 nens,
332 1203 372 1224 ac
380 1197 537 1225 nostram
546 1193 798 1224 Visitacionem
807 1203 868 1224 seu
878 1194 899 1224 J
901 1193 1170 1224 urisdiccionem
1179 1192 1474 1233 Metropoliticam
1482 1194 1615 1223 temere

226 1237 395 1277 impedire
405 1241 441 1269 et
458 1248 521 1278 pro
531 1238 669 1269 viribus«
677 1238 894 1278 perturbare,
912 1247 1043 1278 nosque
1053 1240 1089 1268 et
1102 1237 1234 1268 dictam
1249 1237 1443 1268 Ecclesiam
1455 1239 1614 1267 nostram

227 1282 433 1321 Privilegiis,
449 1282 603 1320 Juribus,
627 1285 662 1313 et
688 1282 1019 1320 Consuetudinibus,
1044 1282 1294 1320 Libertatibus,
1317 1285 1354 1312 et
1376 1281 1615 1321 Prerogativis

226 1327 404 1366 predictis,
421 1329 592 1367 quantum
608 1327 645 1357 in
661 1327 737 1366 ipso
753 1329 839 1364 erat,
857 1329 1022 1365 satagens
1038 1326 1216 1357 maliciose
1231 1326 1380 1366 privare,
1397 1335 1461 1366 per
1477 1326 1615 1356 Literas

226 1381 308 1401 suas
330 1371 519 1411 injuriosas
535 1381 771 1411 quoscumque
796 1370 955 1401 subditos
978 1371 1153 1401 dictarum
1170 1370 1334 1401 Civitatis
1349 1372 1386 1401 et
1405 1369 1562 1401 Diocesis
1577 1369 1614 1400 in

226 1424 355 1453 genere
371 1415 519 1453 monuit,
531 1418 567 1446 et
580 1415 714 1446 moneri
731 1415 924 1453 mandavit,
941 1425 986 1445 ne
998 1415 1076 1455 quis
1085 1425 1218 1453 eorum,
1231 1415 1362 1455 absque
1378 1414 1541 1445 Licencia
1552 1424 1615 1445 sua

227 1459 380 1499 speciali,
404 1459 656 1490 Instituciones
687 1459 941 1490 Beneficiorum
974 1469 1034 1489 seu
1059 1459 1275 1490 Collaciones
1305 1469 1438 1497 eorum,
1463 1458 1614 1489 Eleccio-

227 1513 355 1534 numve
364 1503 669 1541 Confirmaciones,
679 1503 960 1541 Benedicciones,
976 1503 1286 1534 Permutacionum
1296 1502 1614 1541 Auctorizaciones,

228 1547 398 1578 Ordinum
417 1548 633 1579 Collaciones
648 1547 861 1588 hujusmodi,
872 1547 916 1578 ab
927 1547 996 1578 alio
1008 1558 1112 1588 quam
1126 1548 1171 1578 ab
1180 1547 1266 1588 ipso,
1280 1547 1502 1578 Auctoritate
1515 1547 1615 1578 Sedis

228 1592 428 1632 Apostolice
444 1593 629 1623 dumtaxat
646 1594 801 1632 excepta,
815 1597 944 1631 petere,
957 1592 1122 1632 recipere,
1133 1592 1333 1630 admittere,
1345 1602 1405 1622 seu
1415 1591 1616 1632 aliqualiter

227 1636 386 1676 optinere
400 1651 408 1674 3
432 1639 493 1667 aut
504 1637 731 1667 Testamenta
742 1646 1040 1676 quorumcumque
1058 1636 1351 1667 Beneficiatorum
1361 1636 1418 1667 vel
1434 1635 1615 1667 Nobilium

228 1680 462 1711 Personarum
474 1681 675 1722 hujusmodi
686 1681 722 1711 in
737 1680 888 1711 Civitate
899 1683 935 1711 et
946 1680 1083 1711 Diocesi
1091 1681 1164 1711 suis
1175 1680 1343 1720 predictis
1353 1680 1614 1718 decedencium,

227 1734 345 1755 coram
361 1725 430 1756 alio
446 1735 550 1765 quam
567 1735 685 1755 coram
702 1735 752 1763 eo,
769 1725 825 1755 vel
842 1725 914 1755 suis
931 1724 1200 1763 Commissariis,
1219 1735 1280 1756 seu
1296 1725 1341 1756 ab
1357 1725 1426 1756 alio
1442 1724 1613 1755 bonorum

227 1769 408 1800 mobilium
425 1769 627 1810 hujusmodi
643 1769 867 1806 testancium,
884 1771 946 1799 aut
962 1769 1006 1799 ab
1022 1769 1192 1800 intestato
1217 1769 1475 1807 decedencium,
1492 1768 1613 1799 Admi-

227 1813 457 1844 nistraciones
478 1814 589 1844 eciam
610 1816 730 1853 petere
754 1813 810 1844 vel
833 1813 1021 1844 admittere
1042 1823 1179 1854 quoquo
1202 1813 1316 1852 modo,
1333 1815 1524 1853 presumat,
1549 1813 1614 1844 sub

227 1858 372 1899 Majoris
389 1858 772 1889 Excommunicacionis
794 1867 894 1898 pena,
912 1867 1016 1898 quam
1040 1857 1077 1888 in
1100 1858 1415 1896 contravenientes,
1432 1867 1554 1888 omnes
1578 1860 1614 1888 et

226 1902 392 1942 singulos,
409 1903 492 1933 tulit
507 1903 544 1933 in
562 1902 708 1942 Scriptis
722 1916 730 1940 ;
755 1902 954 1932 mandando
969 1912 1022 1940 ea,
1039 1901 1158 1933 omnia
1172 1905 1208 1932 et
1225 1902 1373 1941 singula,
1389 1904 1464 1933 tam
1474 1902 1511 1932 in
1525 1901 1612 1932 Con-

227 1946 366 1978 sistorio
381 1957 444 1977 suo
460 1957 564 1987 quam
580 1947 617 1977 in
634 1946 711 1977 aliis
734 1946 819 1977 locis
841 1946 991 1986 publicis
1014 1946 1187 1977 dictarum
1214 1946 1377 1977 Civitatis
1393 1949 1430 1977 et
1445 1945 1611 1984 Diocesis,

226 2001 288 2030 per
313 2001 548 2031 quoscumque
574 1991 732 2022 subditos
759 1990 932 2021 dictarum
960 1990 1122 2022 Civitatis
1149 1993 1185 2021 et
1212 1990 1368 2022 Diocesis
1401 1990 1532 2021 Exonie
1560 1999 1611 2021 so-

227 2035 415 2075 lempniter
430 2035 611 2075 publicari,
635 2036 671 2065 in
694 2035 806 2065 nostri
831 2038 866 2065 et
891 2034 1044 2066 Ecclesie
1060 2037 1179 2066 nostre
1196 2035 1352 2075 predicte
1367 2034 1612 2076 prejudicium,

225 2080 543 2120 premissorumque
575 2079 799 2110 Visitacionis
831 2079 1095 2119 Metropolitice,
1127 2089 1167 2110 ac
1198 2080 1219 2110 J
1222 2080 1348 2117 urium,
1381 2079 1611 2117 Libertatum,

227 2123 502 2164 Privilegiorum,
521 2124 833 2162 Consuetudinum,
846 2126 882 2154 et
898 2123 1124 2163 Prerogative
1135 2124 1400 2163 derogacionem
1418 2126 1453 2155 et
1469 2133 1612 2154 enerva-

225 2168 361 2199 cionem
377 2168 621 2205 manifestam;
646 2168 747 2208 cujus
762 2170 925 2208 pretextu
940 2167 1034 2198 idem
1051 2167 1269 2199 Venerabilis
1287 2168 1410 2203 Frater
1432 2171 1552 2198 noster
1576 2177 1612 2198 se

226 2215 363 2243 reatum
378 2213 524 2253 perjurii
539 2212 728 2243 incurrisse
743 2212 873 2252 poterit
883 2212 1010 2243 merito
1025 2211 1226 2244 formidare.
1273 2213 1356 2250 Nos,
1366 2212 1486 2252 igitur,
1497 2215 1611 2243 atten-

226 2255 350 2287 dentes
366 2257 538 2296 premissa
552 2257 589 2287 in
604 2256 716 2287 nostri
732 2259 768 2287 et
786 2256 939 2287 Ecclesie
955 2260 1075 2287 nostre
1091 2257 1247 2296 predicte
1263 2266 1370 2296 grave
1387 2256 1609 2296 dispendium

225 2303 261 2330 et
277 2299 503 2331 manifestam
520 2301 687 2341 injuriam
703 2303 916 2340 attemptata
930 2300 1050 2338 fuisse,
1067 2304 1104 2331 et
1119 2301 1281 2340 graviora
1297 2301 1378 2331 inde
1395 2301 1491 2341 sequi
1507 2310 1609 2341 posse

225 2344 408 2385 dispendia
423 2345 491 2375 nisi
506 2347 605 2375 tante
627 2345 886 2385 presumpcioni
909 2345 1056 2375 celerius
1079 2345 1259 2382 obvietur;
1283 2355 1325 2376 ea
1341 2345 1459 2376 omnia
1482 2347 1518 2376 et
1541 2345 1609 2375 siu-

225 2389 317 2427 gula,
334 2392 370 2420 et
385 2389 510 2419 exinde
527 2392 656 2426 secuta,
668 2389 705 2419 in
718 2389 829 2419 nostri
842 2391 878 2419 et
891 2388 1045 2420 Ecclesie
1058 2392 1177 2420 nostre
1192 2389 1348 2429 predicte
1365 2389 1557 2429 dampnum
1574 2392 1610 2420 et

224 2433 402 2473 injuriam,
419 2436 523 2473 atque
540 2433 817 2472 Privilegiorum‚
835 2433 1064 2471 Libertatum,
1080 2433 1230 2471 Jurium,
1244 2433 1557 2471 Consuetudinum‚
1575 2436 1609 2464 et

227 2477 451 2515 Prerogative
467 2477 704 2517 predictorum
714 2477 980 2508 enervacionem
993 2480 1197 2518 presumpta
1209 2480 1245 2508 et
1254 2477 1375 2509 illicite
1386 2480 1609 2518 attemptata,

224 2522 317 2552 acin
332 2524 511 2561 posterum
535 2521 789 2561 attemptanda,
813 2521 925 2552 eciam
948 2531 1085 2552 exnunc
1107 2531 1322 2560 revocamus,
1345 2532 1534 2560 cassamus,
1551 2532 1610 2552 an-

224 2565 411 2603 nullamus,
437 2568 473 2596 et
497 2565 608 2596 eciam
634 2565 825 2603 irritamus,
853 2575 894 2596 ac
921 2575 963 2596 ea
989 2569 1162 2604 revocata,
1187 2569 1300 2604 cassa,
1320 2566 1426 2605 nulla,
1450 2569 1486 2597 et
1509 2567 1609 2597 irrita

225 2610 497 2650 pronunciamus
513 2612 549 2640 et
564 2609 793 2647 declaramus,
809 2619 849 2640 ac
866 2610 1008 2640 omnino
1024 2620 1142 2641 carere
1166 2610 1386 2642 decernimus
1404 2610 1528 2642 robore
1552 2611 1608 2641 fir-

226 2653 376 2691 mitatis3
393 2653 501 2691 vobis,
510 2653 743 2685 communiter
751 2656 788 2684 et
800 2653 949 2692 divisim,
962 2654 1181 2693 mandantes,
1190 2655 1254 2685 sub
1266 2665 1357 2695 pena
1365 2655 1609 2686 Excommuni-

225 2698 377 2729 cacionis
386 2698 530 2739 Majoris
542 2698 690 2729 firmiter
701 2693 927 2738 injungendo,
936 2698 1102 2739 quatinus
1112 2699 1175 2731 has
1186 2699 1322 2730 Literas
1331 2702 1480 2738 nostras,
1491 2702 1526 2730 et
1537 2709 1608 2730 om-

226 2742 283 2773 nia
291 2744 457 2773 contenta
463 2742 499 2772 in
507 2742 567 2780 eis,
573 2743 610 2772 in
619 2742 775 2773 Ecclesia
782 2742 970 2773 Exoniensi
977 2743 1136 2783 predicta
1142 2746 1178 2774 et
1185 2743 1263 2774 aliis
1270 2743 1356 2774 locis
1363 2743 1510 2784 publicis
1518 2743 1610 2775 dicte

226 2786 389 2817 Civitatis
404 2788 440 2817 et
456 2786 770 2818 Archidiaconat-us
787 2786 918 2818 Exonie
934 2787 979 2818 ad
999 2787 1065 2818 hoc
1081 2787 1194 2828 magis
1211 2788 1385 2827 congruis,
1403 2788 1556 2819 maxime
1572 2788 1610 2819 in

225 2830 309 2861 locis
317 2830 386 2861 illis
393 2830 430 2861 in
437 2830 562 2871 quibus
572 2830 687 2861 Litere
695 2833 731 2862 et
739 2830 954 2862 Moniciones
961 2830 1091 2872 prefati
1100 2831 1263 2872 Episcopi
1271 2832 1314 2862 de
1322 2831 1448 2872 quibus
1456 2841 1563 2873 supra
1570 2832 1610 2863 fit

224 2874 361 2905 mencio
376 2874 568 2906 extiterant
583 2874 770 2916 publicate,
780 2874 994 2916 quamcicius
1009 2875 1171 2916 poteritis
1183 2876 1412 2917 solempniter
1424 2876 1613 2917 publicetis

223 2921 260 2950 et
275 2918 458 2959 exponatis
473 2919 584 2950 eciam
607 2919 645 2950 in
666 2919 815 2959 vulgari,
831 2928 893 2950 seu
915 2929 979 2960 per
1000 2919 1087 2951 alios
1109 2919 1280 2960 publicari
1302 2922 1339 2952 et
1361 2919 1488 2960 exponi
1510 2920 1614 2952 modo

223 2962 329 2994 simili
345 2961 495 2994 faciatis.
542 2962 747 2994 Inhibentes
762 2962 890 3004 palam,
908 2963 1055 3005 publice,
1072 2965 1108 2994 et
1124 2974 1297 3006 expresse,
1314 2964 1408 2996 dicto
1426 2964 1613 2996 Exoniensi

207 3011 234 3054 2
261 3005 307 3055 ι*
