1988 3256
893 350 985 394 221

524 644 897 742 Regianum
981 645 1354 720 OEnmmmte.

168 777 246 842 [133¹-
277 777 362 816 The
380 778 581 828 following
601 777 739 816 Letter
757 777 872 826 (with
892 783 970 815 two
988 778 1122 816 others
1141 778 1183 815 of
1201 777 1303 815 later
1321 777 1432 820 date)
1454 790 1532 816 was
1553 779 1712 816 written

172 845 249 872 A.D.
337 845 386 870 on
417 846 441 870 a
467 832 590 870 blank
618 845 717 883 page
749 833 830 882 (fol.
856 830 942 883 14¹³)
962 833 1003 869 in
1031 833 1101 871 the
1132 833 1313 882 Register
1339 832 1382 869 of
1410 831 1535 883 Royal
1557 832 1714 871 Letters

172 878 293 907 1369-70.
338 887 416 925 and
437 887 561 925 Writs
576 901 640 925 :—

282 953 420 991 Litora
439 953 588 991 directa
605 952 775 991 Domino
786 965 862 1001 per
882 951 1137 991 Gardinalem
1156 952 1363 999 Aufidia—

283 1007 514 1046 Venerande
535 1008 654 1045 Pater
672 1011 714 1045 et
733 1007 856 1044 amice
875 1006 1375 1057 precarissime,—Statum
1405 1012 1583 1045 vestrum
1612 1020 1712 1058 pros-

337 1075 478 1112 perum
497 1066 538 1100 et
557 1062 711 1100 felicem
731 1066 946 1107 conservet,
969 1066 1088 1111 prout
1106 1065 1301 1111 optamus,
1319 1062 1506 1099 continue
1527 1061 1715 1100 Summus

336 1117 471 1155 Deus!
529 1116 623 1162 Nos,
645 1121 792 1162 autem,
814 1119 905 1166 post
923 1128 1087 1165 magnas
1115 1116 1396 1153 tribulaciones
1425 1122 1467 1154 et
1494 1117 1712 1166 angustias,

338 1184 437 1221 quas
465 1184 512 1209 ex
539 1171 728 1221 gravibus
756 1170 1058 1208 infirmitatibus
1085 1171 1231 1208 nostris
1264 1175 1306 1208 et
1333 1178 1460 1208 morte
1490 1172 1716 1209 nostrorum

340 1226 596 1263 familiarium
624 1225 898 1270 sustinuimus,
920 1229 1040 1275 prout
1066 1237 1134 1262 aer
1161 1229 1202 1262 et
1230 1225 1397 1262 istarum
1418 1225 1601 1263 Parcium
1620 1231 1717 1263 tem—

342 1281 468 1330 peries
482 1279 690 1330 postulant
704 1286 746 1317 et
760 1279 1012 1329 permittunt,
1031 1291 1146 1317 sanos
1166 1279 1248 1316 fore
1269 1284 1310 1317 et
1330 1280 1547 1317 incolumes
1567 1281 1716 1318 noveri-

342 1335 395 1372 tis
413 1334 462 1371 de
480 1334 667 1384 presenti.
708 1334 884 1371 Scientes
898 1333 1003 1383 quod
1017 1330 1109 1383 iiij20
1120 1333 1183 1371 die
1197 1333 1344 1380 Marcii,
1363 1338 1453 1384 post
1468 1334 1713 1382 relacionem,

342 1393 391 1427 ut
423 1389 542 1426 moris
572 1392 643 1435 est,
678 1400 749 1438 per
785 1400 856 1425 nos
884 1387 1043 1433 factam,
1075 1393 1116 1425 et
1143 1400 1310 1437 persona
1338 1393 1471 1426 vestra
1498 1389 1716 1438 plurimum

341 1443 628 1489 commendata,
650 1442 845 1480 Dominus
863 1446 998 1479 noster
1026 1442 1133 1492 Papa
1155 1442 1264 1480 vobis
1292 1442 1341 1480 de
1373 1442 1545 1480 Ecclesia
1575 1443 1717 1481 Exoni-

343 1510 412 1535 ens
438 1497 635 1548 iprovidit.
695 1496 799 1544 Quid
820 1496 907 1534 erit¹
938 1496 987 1534 de
1008 1496 1262 1546 Norwycensi
1292 1494 1500 1550 [Ecclesia]
1523 1497 1717 1535 Dominus

343 1552 559 1590 Nicholaus
579 1551 715 1589 Heche
735 1555 776 1589 et
794 1549 1018 1588 Alexander
1036 1550 1159 1588 Merle
1179 1551 1290 1588 vobis
1309 1552 1482 1589 referent
1501 1552 1591 1590 viva
1611 1565 1715 1590 voce.

346 1607 511 1644 Domine
542 1605 944 1656 precarissime,—-Ad
973 1605 1230 1643 tractandum
1257 1605 1306 1643 de
1334 1618 1429 1655 pace
1458 1607 1563 1644 inter
1591 1606 1719 1656 Reges

346 1661 538 1698 Dominus
566 1666 701 1698 noster
729 1660 846 1710 Papa,
877 1659 1129 1697 considerans
1157 1659 1261 1709 quod
1292 1659 1375 1697 Rex
1405 1660 1568 1698 Francie
1597 1661 1719 1699 habet

341 1715 592 1753 Oardinalem
614 1714 891 1752 Beluacensem
909 1726 980 1764 pro
1000 1718 1111 1764 parte
1131 1726 1213 1759 sua,
1231 1719 1273 1751 et
1291 1714 1396 1763 quod
1416 1715 1540 1752 nollet
1559 1715 1718 1753 Clerum

343 1769 486 1819 Anglie
505 1770 545 1806 in
565 1768 912 1820 procuracionibus
931 1767 1191 1818 percipiendis
1210 1781 1280 1819 per
1298 1768 1526 1807 Cardinales
1544 1771 1721 1819 graviter

340 1837 513 1870 onerare,
534 1823 751 1862 transitum
769 1827 952 1861 nostrum
972 1835 1108 1860 versus
1128 1822 1266 1861 Partes
1287 1822 1429 1872 Anglie
1454 1823 1651 1874 disposuit
1679 1828 1720 1862 et

340 1879 549 1916 ordinavit.
610 1877 911 1923 Verumtamen,
933 1877 1008 1915 nisi
1026 1876 1224 1915 adventus
1242 1882 1377 1915 noster
1396 1877 1566 1916 Domino
1585 1884 1720 1916 nostro

341 1933 440 1983 Regi
468 1933 572 1971 foret
605 1931 850 1982 complacens
879 1935 919 1969 et
957 1936 1154 1981 acceptus,
1185 1931 1235 1969 ad
1274 1932 1412 1970 Partes
1441 1932 1528 1970 illas
1557 1946 1636 1971 non
1666 1934 1720 1970 in-

339 1987 540 2026 tendimus
559 1986 742 2024 accedere
769 1985 1050 2036 quovismod03
1078 1985 1127 2023 de
1147 1985 1263 2036 cujus
1282 1987 1505 2024 intencione
1525 1993 1566 2025 et
1587 1988 1721 2025 volun-

342 2047 436 2088 tate,
472 2042 638 2080 celerius
668 2045 710 2079 et
743 2041 935 2078 secrecius
964 2053 1043 2090 quo
1075 2041 1267 2091 poteritis,
1299 2053 1370 2079 nos
1399 2041 1531 2079 velitis
1558 2042 1720 2080 reddere

338 2097 535 2135 cerciores.
594 2095 772 2145 Scientes
804 2095 910 2144 quod
942 2095 992 2132 ad
1025 2094 1177 2133 Pascha
1209 2096 1386 2145 proximo
1414 2104 1640 2143 venturum,
1671 2097 1720 2134 de

342 2151 536 2188 Mandato
554 2149 733 2200 ejusdem
754 2149 914 2187 Domini
933 2149 1058 2187 nostri
1080 2149 1196 2200 Pape,
1221 2162 1357 2187 versus
1377 2150 1516 2188 Partes
1535 2150 1721 2188 Avinion-

341 2218 453 2244 enses
481 2205 715 2255 arripiemus
742 2204 820 2241 iter
847 2208 1057 2251 nostrum3
1085 2204 1125 2241 in
1152 2216 1241 2253 quo,
1263 2203 1438 2254 quidem,
1457 2204 1550 2252 loco,
1574 2205 1721 2244 Divina

341 2260 503 2297 favente
533 2259 674 2309 gracia,
711 2259 812 2296 citra
843 2258 1007 2296 Festum
1038 2258 1291 2296 Pentecostes
1322 2259 1548 2309 proximum
1581 2261 1721 2310 reperi-

343 2326 457 2352 emur
491 2313 666 2364 prompti
699 2317 741 2350 et
770 2312 898 2363 parati
931 2312 982 2349 ad
1011 2311 1193 2350 facienda
1225 2325 1271 2350 ea
1299 2313 1339 2350 in
1368 2314 1514 2362 quibus
1555 2314 1721 2352 Domino

342 2373 478 2406 nostro
497 2368 597 2417 Regi
616 2371 658 2405 et
676 2367 789 2405 vobis
808 2367 847 2404 in
872 2366 946 2404 hac
974 2371 1087 2416 parte
1114 2367 1334 2417 poterimus
1363 2368 1614 2418 complacere.
1674 2369 1720 2406 In

344 2421 594 2472 longitudine
622 2421 778 2459 dierum
805 2420 938 2458 felices
966 2426 1173 2458 conservet
1191 2420 1421 2459 Altissimus
1440 2422 1523 2460 dies
1543 2427 1694 2461 vestros
1715 2425 1722 2460 l

346 2477 504 2527 Scripta
522 2476 659 2522 Rome,
680 2474 762 2526 xvij
784 2475 848 2513 die
869 2474 1006 2513 Marcii
1027 2472 1247 2527 [1369-70].

823 2564 990 2620 S[1MON]
1007 2540 1027 2642 ξ
1047 2539 1267 2578 Cardinalis

1048 2593 1378 2632 cantuariensis.2

185 2728 194 2748 ¹
216 2729 331 2769 fleury
346 2727 379 2759 le
402 2727 589 2767 Despenser
604 2735 671 2757 was
693 2725 855 2766 provided
878 2725 922 2765 by
1035 2723 1125 2755 22nd
1155 2723 1190 2754 of
1220 2722 1428 2764 September,
1461 2726 1555 2764 1368,
1586 2726 1629 2757 he
1659 2737 1725 2758 was
1763 2722 1772 2729 ⁹

229 2772 290 2804 the
312 2772 403 2812 Pope
418 2773 455 2802 to
470 2769 530 2801 the
551 2772 672 2801 vacant
695 2769 757 2800 See
779 2768 815 2800 of
837 2768 921 2800 Nor·
1035 2767 1133 2798 made
1155 2777 1174 2798 a
1195 2766 1364 2807 cardinal,
1387 2768 1511 2810 having
1534 2770 1726 2811 previously

229 2815 326 2854 wich,
348 2825 368 2846 a
390 2814 455 2845 few
477 2813 560 2854 days
582 2812 677 2853 later,
701 2812 776 2852 viz„
795 2822 839 2843 on
865 2811 922 2843 the
1034 2810 1187 2851 resigned
1196 2810 1252 2842 his
1264 2811 1335 2843 See.
1376 2811 1444 2843 But
1457 2812 1499 2843 he
1515 2823 1580 2844 was
1594 2814 1726 2855 usually

230 2859 292 2891 3rd
307 2858 343 2890 of
360 2857 463 2899 April,
476 2855 572 2890 1370.
1033 2853 1155 2886 known
1168 2864 1203 2885 as
1218 2854 1235 2869 “
1248 2854 1433 2886 Oardinalis
1446 2856 1696 2889 Cantuariensis
1706 2858 1725 2870 '’

186 2901 201 2922 ²
223 2902 339 2936 Simon
362 2901 404 2932 de
431 2900 614 2941 Langham,
638 2898 763 2940 Bishop
785 2898 820 2930 of
843 2898 920 2939 Ely,
1035 2897 1084 2937 (as
1113 2897 1149 2929 in
1179 2897 1231 2929 his
1261 2898 1433 2939 signature
1463 2899 1565 2940 here),
1597 2901 1651 2932 till
1674 2901 1727 2932 his

158 2977 167 2984 ,
230 2956 299 2977 was
328 2944 515 2977 translated
548 2945 585 2975 to
623 2943 845 2983 Canterbury,
878 2942 923 2982 by
1034 2940 1146 2980 death,
1163 2951 1206 2972 on
1226 2941 1285 2973 the
1301 2942 1390 2975 22nd
1407 2943 1442 2975 of
1464 2943 1557 2987 July,
1574 2947 1610 2976 at
1626 2944 1727 2988 Avig-

233 2988 336 3032 Papal
368 2987 551 3028 Provision,
577 2986 614 3019 in
644 2987 739 3019 1366.
788 2986 839 3018 On
864 2985 923 3019 the
1034 2994 1111 3018 non.
