1988 3256
316 371 412 419 460

313 490 390 517 A.D.

315 526 390 551 1382.

317 558 380 585 Vol.
392 558 415 585 1.

527 385 627 419 THE
663 380 906 420 REGISTER
941 379 1002 419 OF
1035 380 1213 420 BISHOP
1244 381 1660 422 BRANTYNGHAM.

472 491 600 524 cionem
625 492 739 524 Abbas
762 492 804 524 de
828 491 1076 534 Dunkeswylle,
1101 492 1166 524 sub
1189 492 1253 525 hiis
1276 493 1524 535 verbis,—Ego‚
1548 493 1668 525 Frater
1697 492 1866 525 Robertus

472 536 650 576 Orcharde,
668 536 782 568 Abbas
800 536 994 568 Monasterii
1010 537 1113 568 Beate
1129 537 1232 569 Mar-ie
1248 537 1290 568 de
1314 537 1563 578 Dunkeswylle,
1581 537 1717 570 Ordinis
1740 536 1864 569 Cister-

470 580 600 619 cieusis,
631 581 768 619 electus,
800 580 1066 621 Subjeccionem‚
1091 581 1337 620 Reverenciam,
1362 584 1398 613 et
1429 581 1666 613 Obedieuciam
1690 592 1709 612 a
1731 579 1865 613 Sanctis

470 623 627 655 Patribus
651 625 883 663 constitutam,
900 624 1087 655 secundum
1111 624 1275 665 Regulam
1300 624 1415 656 Sancti
1438 625 1622 663 Benedicti,
1639 624 1704 656 tibi
1721 624 1865 656 Domine

470 668 643 709 Episcopo,
667 668 803 709 tuisque
827 667 1081 699 Successoribus
1105 668 1273 700 canonice
1296 668 1555 708 substituendis,
1573 672 1608 700 et
1631 668 1754 700 Sancte
1776 668 1864 709 Apo-

469 712 584 743 stolice
602 711 690 750 Sedi,
707 712 798 743 salvo
823 711 949 743 Ordine
973 722 1057 750 meo,
1074 715 1239 753 perpetuo
1262 722 1317 743 me
1340 712 1573 744 exhibiturum
1597 712 1770 753 promitto.
1817 711 1864 743 Et

468 755 559 787 idem
587 755 709 795 Abbas,
733 755 768 787 in
796 755 1030 787 testimonium
1053 756 1304 797 premissorum,
1329 765 1431 788 manu
1456 766 1517 788 sua
1540 755 1673 798 propria
1695 755 1778 787 fecit
1799 754 1863 796 sig-

471 810 554 831 num
569 797 621 839 ᾧ.

429 859 600 898 Harford
617 872 627 907 3
656 859 871 908 Deputacio
893 858 1212 908 coadjutoris,—

426 914 526 952 Item,
549 914 685 953 ibidem,
710 913 816 955 xxj¹¹¹0
839 913 894 945 die
917 913 1051 954 Aprilis,
1077 913 1243 945 Dominus
1266 913 1446 955 deputavit
1462 913 1649 946 Dominum
1666 912 1864 946 Michaelem

470 957 641 998 Menethy,
666 957 902 998 presbiterum,
929 958 1127 989 Curatorem
1151 957 1288 989 Domini
1312 958 1478 990 Johannis
1510 957 1685 1000 Odynelle,
1712 957 1866 989 Rectoris

471 1002 616 1033 Ecclesie
632 1001 833 1032 Parochialis
849 1001 891 1032 de
910 1001 1104 1041 Hereforde,
1122 1001 1254 1033 occulto
1271 1001 1334 1033 Dei
1348 1001 1477 1043 judicio
1494 1001 1568 1034 visu
1593 1001 1767 1033 oculorum
1784 1011 1868 1042 quo-

470 1045 651 1077 dammodo
679 1044 811 1085 privati,
840 1044 1000 1086 senioque
1027 1045 1213 1084 confracti3
1247 1048 1282 1077 et
1309 1046 1400 1086 quod
1424 1045 1527 1078 faciat
1549 1045 1639 1077 dicte
1662 1043 1810 1077 Ecclesie
1831 1043 1867 1076 in

470 1089 602 1120 Divinis
618 1088 742 1121 Officiis
757 1091 793 1120 et
811 1099 890 1120 cure
906 1088 1084 1120 excercicio
1100 1089 1288 1120 animarum
1306 1089 1450 1121 fideliter
1467 1088 1639 1127 deserviri,
1657 1087 1835 1121 etc—xld.
1871 1113 1876 1117 .

429 1155 658 1194 Axminster
673 1168 683 1203 3
713 1154 867 1192 Licence
888 1160 924 1192 to
944 1155 1190 1201 celebrate,—

429 1210 528 1248 Item,
545 1209 680 1248 ibidem,
698 1208 865 1240 xxvt02die
881 1208 1035 1250 ejusdem
1052 1209 1185 1248 mensis,
1204 1209 1370 1241 Dominus
1393 1209 1557 1241 concessit
1579 1208 1769 1241 Licenciam
1793 1208 1867 1240 Hu-

471 1254 550 1295 goni
574 1253 694 1285 Doune
717 1255 752 1284 et
774 1251 848 1294 ejus
873 1252 977 1292 uxori,
995 1253 1087 1294 quod
1110 1253 1242 1294 possint
1264 1253 1372 1285 facere
1394 1253 1554 1285 celebrari
1578 1253 1711 1292 Divina,
1735 1255 1812 1291 etc.,
1829 1251 1866 1284 in

472 1297 607 1338 Capella
624 1296 739 1329 Sancti
755 1297 892 1335 Thome,
907 1296 1064 1336 Martiris,
1075 1296 1163 1328 infra
1176 1297 1384 1328 Mansionem
1402 1297 1586 1329 eorundem
1598 1297 1640 1329 de
1653 1296 1866 1337 Dounsheys,

471 1341 505 1373 in
523 1340 684 1373 Parochia
699 1340 740 1372 de
756 1340 972 1372 Axeminstre
987 1351 995 1379 ;
1019 1351 1078 1382 per
1095 1350 1202 1372 unum
1226 1339 1738 1382 annum-duraturam.—nichil,
1755 1339 1865 1372 Scint-

474 1385 599 1427 aubyn.

318 1445 407 1473 Nota.
430 1445 639 1485 Launcells
655 1458 665 1493 3
697 1444 908 1484 ordinacio
919 1445 1036 1494 sacta
1055 1445 1159 1482 inter
1179 1445 1360 1483 Abbatem
1379 1452 1413 1484 et
1435 1444 1671 1485 Conventum
1695 1445 1741 1483 de
1768 1445 1867 1483 Her-

487 1501 631 1539 tilonde
650 1506 683 1538 et
714 1499 909 1538 Vicarium
928 1500 973 1538 de
992 1499 1162 1546 Εαησείε,
1185 1513 1298 1549 super
1316 1514 1424 1538 onere
1452 1499 1745 1539 construccionis
1765 1498 1867 1539 Gan-

486 1556 581 1602 celli,
603 1561 737 1600 etc.,——

429 1610 603 1644 Universis
621 1608 747 1641 Christi
764 1608 918 1640 fidelibus
935 1610 1107 1649 presentes
1131 1608 1261 1640 Literas
1283 1608 1496 1650 inspecturis,
1513 1608 1668 1649 Thomas,
1685 1611 1760 1648 etc.,
1776 1607 1864 1640 salu-

472 1658 552 1694 tem,
569 1652 732 1685 etc.-Ad
749 1652 989 1684 Universitatis
1006 1656 1114 1683 vestre
1130 1652 1290 1684 noticiam
1306 1653 1463 1685 volumus
1478 1652 1652 1694 pervenire
1667 1653 1769 1695 quod,
1785 1652 1866 1685 licet

472 1699 561 1730 inter
579 1696 758 1738 Religiosos
774 1696 881 1735 Viros,
899 1696 1066 1727 Abbatem
1082 1699 1118 1727 et
1134 1695 1349 1729 Conventum
1366 1696 1560 1729 Monasterii
1575 1697 1618 1728 de
1642 1695 1864 1738 Hertylonde,

474 1746 549 1782 etc.,
567 1740 713 1773 Ecclesie
729 1739 931 1771 Parochialis
953 1739 995 1771 de
1019 1739 1159 1771 Lancels
1186 1739 1221 1771 in
1245 1740 1415 1772 Cornubia
1442 1740 1687 1782 proprietarios,
1704 1750 1746 1772 ex
1768 1743 1864 1782 parte

474 1797 551 1824 una,
575 1787 611 1816 et
634 1784 820 1816 Dominum
843 1783 1034 1816 ,Iohannem
1058 1783 1253 1825 Nanskelly,
1277 1784 1448 1816 Vicat-ium
1479 1785 1687 1826 Perpetuum
1710 1783 1866 1826 ejusdem

474 1829 629 1867 Ecclesie,
657 1839 698 1859 ex
720 1827 834 1866 altera,
858 1837 959 1868 super
981 1837 1081 1858 onere
1103 1828 1364 1859 construccionis
1386 1838 1472 1859 nove
1494 1831 1530 1859 et
1552 1826 1771 1869 reparacionis
1793 1827 1864 1859 sive

472 1872 667 1906 refeccionis
689 1871 822 1912 antiqui
854 1870 1000 1903 Cancelli
1024 1870 1169 1902 Ecclesie
1190 1871 1391 1912 supradicte,
1416 1871 1556 1903 materia
1585 1871 1656 1902 litis
1679 1874 1714 1903 et
1735 1870 1862 1902 dissen-

472 1917 574 1949 sionis
590 1916 719 1955 iuisset,
737 1917 838 1956 prout
861 1915 983 1953 fuerat,
999 1914 1184 1953 suscitata3
1209 1915 1335 1954 Partes,
1359 1918 1483 1954 tamen,
1507 1915 1698 1956 supradicte
1721 1914 1862 1947 Ordina-

473 1961 559 1993 cioni
583 1963 696 1991 nostre
722 1958 862 1989 inferius
887 1957 1068 1999 designate,
1097 1968 1253 1999 expresso
1283 1969 1398 1990 eorum
1422 1969 1585 1990 consensu
1607 1958 1864 1997 interveniente,

472 2004 678 2046 simpliciter,
710 2012 804 2043 pure,
829 2004 864 2033 et
886 2005 1006 2043 sponte
1029 2012 1063 2033 se
1086 2001 1327 2041 submiserunt,
1351 2012 1493 2043 eamque
1516 2005 1631 2034 nostra
1660 2001 1864 2034 auctoritate

474 2047 642 2080 ordinaria
657 2045 855 2077 auctorizari
870 2055 949 2076 cum
964 2045 1130 2076 instancia
1153 2045 1372 2086 petiverunt3
1396 2046 1547 2077 volentes
1570 2045 1716 2078 subditis
1739 2045 1865 2078 nostris

473 2092 623 2133 quietem
646 2100 820 2131 preparare
843 2093 879 2120 et
904 2088 1003 2120 finem
1026 2088 1144 2120 litibus
1168 2089 1351 2130 imponere,
1368 2089 1410 2120 de
1433 2100 1589 2131 expresso
1604 2099 1768 2121 consensu
1785 2089 1862 2121 Par·

472 2136 562 2167 cium
586 2133 822 2182 predictarum,
839 2132 1034 2164 ordinamus
1057 2132 1147 2173 quod
1172 2132 1284 2164 dictus
1307 2132 1459 2164 Vicarius
1482 2133 1541 2174 qui
1564 2143 1654 2164 nunc
1670 2135 1731 2172 est,
1748 2131 1861 2174 singu-

473 2180 564 2221 lique
579 2177 703 2209 Vicarii
719 2187 922 2208 successores
938 2176 991 2207 sui
1008 2176 1041 2207 in
1065 2176 1182 2207 eadem
1199 2176 1329 2207 Vicaria
1353 2176 1518 2208 canonice
1540 2176 1701 2215 instituti,
1719 2177 1780 2218 qui
1802 2187 1863 2218 pro

473 2227 624 2264 tempore
654 2221 793 2259 fuerint,
818 2220 1027 2261 temporibus
1049 2219 1118 2250 suis
1149 2220 1352 2259 successivis,
1376 2230 1461 2251 onus
1482 2219 1743 2252 construccionis
1766 2230 1862 2260 nove,

472 2265 675 2304 refeceionis,
699 2264 769 2296 sive
791 2263 1012 2304 reparacionis
1035 2262 1168 2304 antiqui
1191 2263 1339 2295 Caneelli
1362 2263 1508 2295 Ecclesie
1538 2264 1580 2295 de
1608 2263 1747 2296 Lancels
1769 2267 1861 2296 ante-

472 2311 571 2350 dicte,
589 2319 718 2340 necnon
735 2307 846 2340 omnia
862 2309 897 2338 et
912 2306 1043 2348 singula
1066 2317 1167 2338 onera
1189 2306 1357 2338 ordinaria
1379 2317 1445 2349 que
1467 2307 1510 2339 ad
1533 2307 1750 2348 parochianos
1772 2306 1861 2348 ejus·

472 2355 550 2387 dem
581 2352 726 2386 Ecclesie
753 2361 820 2383 non
845 2351 1025 2392 pertinent,
1053 2350 1122 2382 suis
1149 2350 1343 2391 sumptibus
1373 2351 1634 2392 supportabant,
1657 2353 1693 2382 et
1718 2350 1864 2392 quilibet

473 2408 590 2430 eorum
606 2400 757 2437 tempore
772 2405 833 2426 suo
849 2394 1072 2436 supportabit.
1123 2394 1168 2425 Et
1184 2393 1323 2425 habebit
1338 2394 1428 2426 idem
1445 2393 1596 2426 Vicarius
1611 2394 1671 2436 qui
1686 2404 1778 2426 nunc
1798 2397 1860 2434 est,

474 2446 509 2474 et
525 2440 648 2482 singuli
663 2449 867 2471 successores
882 2438 935 2469 sui
951 2437 1133 2476 habebunt,
1147 2437 1393 2478 comprehensis
1405 2437 1474 2469 sive
1486 2437 1684 2470 combinatis
1700 2437 1864 2470 clausuris

474 2496 557 2527 quas
573 2494 664 2517 nunc
680 2483 782 2514 habet
797 2482 887 2513 idem
906 2480 1059 2513 Vicarius
1075 2484 1111 2512 et
1127 2481 1197 2512 loco
1214 2481 1322 2513 mansi
1337 2481 1399 2520 sui,
1416 2481 1531 2513 decem
1547 2492 1639 2514 acras
1654 2486 1742 2513 terre
1763 2481 1864 2523 juxta

476 2538 631 2561 mausum
659 2527 748 2558 dicte
776 2525 914 2557 Vicarie.
962 2525 1008 2556 Et
1031 2524 1140 2556 solvet
1162 2525 1314 2556 Vicarius
1339 2525 1396 2566 qui
1428 2535 1489 2566 pro
1519 2527 1671 2566 tempore
1692 2525 1795 2557 fuerit
1826 2525 1862 2557 in

475 2574 590 2605 eadem
613 2570 744 2603 vicaria
767 2568 998 2610 proprietariis
1020 2568 1231 2609 supradictis,
1247 2568 1433 2608 aunuatim,
1451 2568 1486 2600 in
1510 2569 1610 2600 Festo
1627 2569 1762 2608 Pasche,
1779 2568 1862 2610 xijd.

477 2616 602 2648 usualis
619 2617 761 2646 monete.
809 2613 928 2652 Quam,
945 2612 1092 2653 quidem,
1110 2612 1367 2644 Ordinacionem
1384 2616 1533 2644 nostram
1555 2612 1762 2644 antedictam
1784 2623 1863 2645 auc-

476 2660 614 2691 toritate
633 2661 747 2689 nostra
763 2656 939 2695 ordinaria,
957 2655 1127 2697 perpetuis
1150 2655 1359 2696 temporibus
1382 2656 1591 2695 duraturam,
1607 2655 1862 2695 auctorizamus,

475 2707 510 2735 et
532 2702 631 2743 sigilli
654 2701 761 2732 nostri
782 2699 1000 2741 impressione
1025 2698 1377 2731 communimus.—-Et
1398 2709 1468 2739 nos,
1485 2699 1599 2731 Abbas
1614 2702 1650 2731 et
1665 2699 1862 2732 Conventus

478 2745 672 2778 Monasterii
688 2745 730 2776 de
753 2743 973 2783 Hei-tylonde,
992 2742 1219 2783 Proprietarii,
1236 2745 1309 2782 etc.,
1326 2753 1386 2784 pro
1410 2746 1504 2784 parte
1527 2746 1651 2782 nostra,
1669 2745 1704 2774 et
1719 2753 1781 2784 ego
1802 2743 1859 2775 Jo-

475 2790 602 2822 hanues
618 2787 812 2828 Nanskelly,
829 2787 1018 2828 Perpetuus
1034 2786 1187 2818 Vicarius
1203 2785 1354 2827 ejusdem
1372 2786 1527 2825 Ecclesie,
1544 2796 1603 2827 pro
1621 2789 1715 2826 parte
1727 2796 1809 2825 meu,
1825 2786 1862 2818 iu

476 2835 576 2866 fidem
593 2835 627 2864 et
643 2831 878 2864 testimonium
896 2830 1146 2871 premissorum,
1166 2829 1275 2870 sigilla
1297 2832 1412 2862 nostra
1434 2829 1576 2862 fecimus
1599 2829 1664 2862 hiis
1685 2830 1864 2872 apponi.—

475 2877 586 2909 Dated
602 2879 638 2908 at
663 2873 861 2915 Chudleigh,
879 2875 920 2905 25
937 2873 1227 2915 April—dimidia
1243 2883 1362 2905 marca.

431 2936 603 2989 Lydford
624 2949 632 2982 3
663 2935 815 2973 Licence
836 2941 871 2971 to
890 2934 1134 2979 celebrate,--

431 2993 528 3031 Item,
546 2990 635 3033 apud
653 2988 901 3029 Chuddeleghe,
918 2987 1030 3029 xxvjto
1045 2988 1099 3019 die
1115 2987 1196 3019 dicti
1220 2987 1353 3028 mensis,
1371 2987 1537 3020 Dominus
1559 2988 1722 3021 concessit
1746 2987 1861 3022 Licen-
