1988 3256
291 382 388 431 490
505 394 605 428 THE
640 394 885 429 anffls'ma
918 395 978 429 or
1013 394 1192 430 BISHOP
1226 395 1634 435 BRANTYNGHAM.

292 494 369 520 Α-Β·
448 498 486 528 'et
502 498 735 539 prejudicium
751 510 822 530 non
846 499 1033 538 modicum,
1050 509 1091 530 ac
1116 499 1243 531 Sancte
1267 499 1393 531 Matris
1418 500 1570 532 Ecclesie
1593 503 1837 540 contemptum

291 529 400 589 Ιᾶῗῗῆ·
450 545 486 573 et
502 543 707 574 scandalum
724 543 975 582 manifestum;
1000 543 1144 585 Majoris
1161 544 1545 582 Excommunicacionis
1569 545 1792 576 Sentenciam
1815 555 1838 576 a

451 586 592 618 Canone
609 588 719 619 latam
736 588 1009 628 dampnabiliter
1023 588 1244 619 incurrendo.
1290 588 1409 628 Vobis,
1425 589 1544 629 igitur,
1560 589 1778 630 conjunctim
1800 590 1837 620 et

450 631 589 662 divisim
620 632 885 671 committimus,
917 634 994 671 etc.‚
1026 633 1191 673 quatinus
1222 643 1344 664 omnes
1374 635 1411 665 et
1441 633 1598 674 singulos
1634 633 1838 675 hujusmodi

450 676 706 715 malefactores,
717 687 907 717 eorumque
923 677 959 707 in
975 677 1042 708 hac
1057 679 1158 717 parte
1173 677 1360 717 complices
1371 679 1408 708 et
1423 677 1591 717 fautores,
1602 677 1739 718 publice
1751 677 1838 709 etin

449 730 578 760 genere
594 721 644 752 sic
659 721 981 752 excommunicatos
1001 721 1111 752 fuisse
1134 723 1170 752 et
1193 731 1280 761 esse,
1295 721 1333 752 in
1357 722 1514 753 Ecclesia
1537 722 1658 754 Sancti
1679 721 1838 754 Gluviaci

449 765 608 804 predicta
630 765 776 806 aliisque
801 765 966 797 Ecclesiis
982 765 1105 797 vicinis
1128 768 1234 806 prout
1256 766 1419 806 expedire
1435 766 1604 806 videritis,
1621 767 1752 798 Diebus
1769 767 1836 798 Do·

450 809 587 840 minicis
610 811 647 840 et
672 810 831 849 Festivis,
847 810 943 841 intra
966 810 1154 841 Missarum
1178 810 1380 851 solempnia,
1405 821 1484 842 cum
1509 811 1623 852 major
1645 811 1682 842 in
1705 811 1838 843 eisdem

449 853 591 884 affuerit
621 854 750 894 populo
780 854 981 893 multitudo,
1013 865 1093 886 cum
1123 855 1370 895 solempnitate
1401 855 1521 887 debita
1551 855 1780 894 denuncietis,
1803 858 1840 887 et

450 897 591 929 faciatis
607 908 670 938 per
685 898 771 929 alios
788 899 992 930 denunciari
1005 913 1013 936 3
1037 909 1058 930 a
1075 898 1347 930 denunciacione
1363 899 1566 940 hujusmodi
1581 910 1652 931 non
1662 901 1841 931 cessantes

450 952 628 983 quousque
645 943 890 974 Absolucionis
906 943 1114 974 beneficium
1131 944 1324 974 meruerint
1341 944 1510 984 optinere,
1526 946 1562 975 et
1578 944 1675 976 aliud
1695 954 1716 976 a
1739 944 1840 976 nobis

451 986 645 1018 habueritis
661 987 696 1017 in
715 987 903 1018 mandatis.
951 987 987 1018 Si
1003 997 1099 1028 quos,
1117 989 1247 1027 autem,
1264 988 1498 1019 reclamantes
1513 988 1551 1019 in
1570 988 1637 1020 hac
1659 988 1769 1029 parte'
1777 998 1840 1020 seu

450 1041 556 1071 super
570 1031 750 1072 premissis
766 1032 902 1063 notorie
925 1031 1082 1063 irretitos
1106 1032 1322 1071 inveneritis,
1339 1032 1467 1071 citetis,
1484 1042 1546 1064 seu
1561 1032 1663 1064 citari
1686 1032 1838 1072 faciatis,

451 1076 696 1116 peremptorie,
713 1076 855 1107 eosdem
871 1076 964 1117 quod
981 1079 1208 1117 compareant
1225 1087 1342 1108 coram
1359 1077 1470 1115 nobis,
1487 1077 1542 1108 vel
1558 1077 1689 1108 nostris
1712 1077 1750 1108 in
1772 1077 1841 1109 hac

451 1122 551 1159 parte
579 1120 846 1159 Commissariis,
872 1120 979 1152 certis
1006 1121 1062 1152 die
1083 1123 1120 1152 et
1144 1121 1220 1152 loco
1245 1131 1331 1162 quos
1354 1121 1404 1152 eis
1426 1121 1587 1152 videritis
1609 1121 1840 1162 prefigendos,

451 1174 594 1195 causam
622 1165 886 1196 reclamacionis
913 1175 975 1196 sue
1002 1165 1205 1206 hujusmodi
1230 1165 1267 1196 in
1292 1165 1408 1196 forma
1437 1165 1526 1207 juris
1556 1165 1779 1206 proposituri,
1803 1168 1842 1197 et

451 1208 693 1241 innocenciam
709 1212 810 1241 suam
826 1209 1030 1250 probaturi,
1055 1209 1271 1250 ulteriusque
1287 1209 1428 1249 facturi,
1445 1212 1512 1241 etc.
1532 1208 1698 1251 (without
1714 1208 1827 1251 date).

405 1267 631 1306 Brushford
645 1281 655 1315 ;
683 1268 898 1306 Belca-acio
918 1268 1187 1318 Seque‘stri,—

408 1323 450 1353 In
468 1323 609 1355 Christo
625 1324 673 1354 fili
690 1324 1173 1364 precarissime.-—Supplicat
1189 1321 1268 1364 (sic)
1281 1324 1392 1364 nobis,
1409 1335 1451 1356 ex
1466 1326 1567 1365 parte
1585 1325 1840 1366 Religiosorum

451 1367 627 1407 Virorum,
650 1368 799 1400 Abbatis
817 1371 854 1400 et
879 1368 1081 1400 Conventus
1105 1369 1147 1400 de
1172 1368 1403 1409 Hertylonde,
1427 1371 1504 1408 etc.‚
1528 1369 1841 1410 proprietariorum

453 1412 607 1444 Ecclesie
625 1412 840 1444 Parochialis
857 1413 900 1444 de
918 1412 1172 1452 Brissheforde,
1189 1415 1230 1444 ut
1248 1413 1476 1454 Sequestrum
1491 1413 1529 1444 in
1551 1414 1662 1454 ipsius
1686 1414 1841 1446 Ecclesie

451 1456 636 1496 fructibus,
665 1457 710 1488 ad
734 1457 993 1498 promocionem
1019 1457 1312 1498 parochianorum
1334 1457 1474 1497 ibidem,
1495 1468 1560 1498 pro
1584 1468 1626 1490 eo
1652 1459 1744 1499 quod
1768 1469 1839 1489 non

452 1501 631 1532 habebant
648 1501 887 1534 Presbiterum
903 1502 954 1533 eis
971 1502 1200 1533 Sacramenta
1223 1504 1259 1532 et
1284 1501 1562 1534 Sacramentalia
1577 1502 1839 1534 ministrantem

452 1545 666 1577 auctoritate
689 1548 811 1577 nostra
833 1546 1093 1586 interpositum,
1118 1546 1276 1577 relaxare
1299 1546 1488 1584 vellemus3
1519 1547 1690 1586 volumus,
1721 1547 1840 1588 igitur,

452 1590 555 1630 quod,
573 1590 601 1621 si
617 1590 821 1630 parochiani
834 1591 987 1631 *predicti
1004 1591 1050 1621 ad
1073 1590 1109 1621 id
1133 1590 1369 1630 consenciant,
1388 1591 1615 1631 Sequestrum
1638 1591 1841 1633 hujusmodi

452 1634 627 1666 relaxetis.
674 1635 839 1675 Alioquin
864 1635 1018 1666 Ecclesie
1042 1637 1246 1673 memorate,
1271 1635 1465 1666 secundum
1488 1635 1725 1676 quantitatem
1748 1635 1841 1668 fruc-

451 1680 553 1709 tuum
584 1679 704 1719 ipsius,
729 1679 870 1710 faciatis
901 1679 938 1710 in
969 1679 1106 1710 Divinis
1136 1681 1177 1710 ut
1204 1677 1369 1711 convenit
1398 1679 1603 1712 ministrari.
1648 1680 1747 1720 Vale,
1772 1682 1840 1712 etc.

455 1720 622 1763 (without
638 1721 750 1764 date).

405 1776 599 1815 Bideford
628 1775 863 1830 [Bydforde,
892 1775 998 1830 MS]
1016 1790 1028 1825 3
1058 1778 1209 1816 Master
1237 1778 1285 1815 R.
1318 1778 1556 1826 Beaumont,
1579 1778 1771 1817 Bachelor
1797 1779 1841 1817 in

459 1830 587 1878 Laws,
609 1831 847 1878 subdeacon,
871 1831 991 1878 R.,-
1600 1856 1602 1859 v

407 1886 666 1925 Dispensation:
690 1887 956 1919 non-residence
972 1887 1029 1918 for
1045 1897 1142 1918 seven
1157 1897 1270 1928 years,
1288 1889 1325 1918 to
1342 1888 1450 1930 study
1465 1890 1503 1920 at
1527 1887 1661 1920 Oxford
1683 1898 1723 1920 or
1739 1888 1840 1921 Cam-

453 1931 575 1972 bridge
596 1929 769 1972 (London,
785 1932 828 1962 23
847 1929 959 1972 Feb.).
1541 1937 1545 1939 “

298 1990 386 2016 Mn-
409 1990 822 2043 [ffltoem-Dimissorffi
834 2015 880 2020 —

297 2032 375 2050 ⁶¹⁰&
408 2047 502 2078 John
518 2048 592 2078 atte
611 2047 703 2087 Mile,
720 2047 877 2086 accolite,
897 2046 915 2061 ‘⁴
929 2047 974 2078 ad
990 2057 1111 2078 omnes
1129 2047 1253 2078 Sacros
1271 2047 1419 2079 Ordines
1429 2047 1448 2060 ’'
1469 2046 1672 2088 (London,3
1690 2046 1842 2096 March).

297 2107 397 2168 ”Liicfiss
407 2108 464 2145 St.
488 2106 658 2144 Crowan
672 2119 682 2153 3
711 2106 874 2144 Lice‘nce
894 2112 930 2144 ιο
949 2106 1198 2153 celebrate,—

297 2163 516 2202 decen-stem,
542 2161 683 2200 ibidem,
711 2161 758 2203 vij
786 2162 842 2193 die
873 2161 1031 2203 ejusdem
1063 2161 1204 2200 mensis,
1236 2161 1407 2193 Ricardus
1438 2162 1555 2194 Brune
1586 2164 1623 2194 et
1653 2173 1741 2194 uxor
1766 2163 1843 2205 ejus

298 2208 432 2236 cessione.
452 2207 653 2237 habuerunt
677 2206 875 2237 Licenciam
907 2206 950 2237 de
975 2206 1144 2237 celebrari
1175 2205 1338 2237 faciendo
1369 2206 1506 2246 Divina,
1537 2217 1601 2247 per
1629 2207 1844 2248 presbiteros

299 2243 441 2276 Tfem³5¹¹
454 2251 619 2292 ydoneos,
644 2251 680 2281 in
699 2250 842 2291 Capella
865 2250 960 2282 infra
984 2250 1181 2281 Manerium
1205 2261 1308 2281 suum
1332 2251 1375 2282 de
1401 2251 1563 2292 Clowyns
1583 2249 1788 2292 [Glowanoe‚
1804 2252 1844 2283 in

297 2277 434 2343 &siff-R
456 2295 503 2326 Se.
524 2293 696 2335 Crowan],
714 2295 750 2325 in
767 2295 938 2326 Parochia
959 2295 1087 2326 Sancte
1105 2294 1266 2326 Cruenne
1291 2294 1472 2334 situatum,
1488 2295 1525 2326 in
1548 2296 1730 2336 presencia
1752 2296 1842 2337 ipso-

297 2344 537 2383 Suardpbysum
555 2350 617 2371 seu
633 2349 754 2371 eorum
771 2339 936 2377 alterius;
960 2339 1128 2380 quamdiu
1144 2339 1295 2370 Domino
1310 2339 1483 2379 placuerit
1499 2340 1716 2372 duraturam.

295 2378 875 2449 221¹d¹3¹'Letters-Dimissory,-

297 2445 394 2505 Ῑνὶὶῑξθῐᾶ·
410 2453 562 2485 Thomas
587 2454 713 2493 Cooke,
739 2453 777 2485 of
808 2453 1057 2494 Kingsbridge,
1083 2453 1239 2493 accolite,
1269 2452 1341 2485 “ad
1365 2464 1487 2486 omnes
1513 2454 1637 2486 Sacros
1664 2455 1813 2488 Ordines
1825 2455 1845 2469 ’'

339 2500 345 2506 '
457 2496 584 2539 (Clyst,
604 2499 644 2529 19
661 2497 813 2539 March).

410 2551 561 2590 Exeter
589 2551 835 2599 cathedram
873 2551 1119 2589 Mandatum
1149 2564 1268 2600 super
1294 2551 1524 2600 penitencia
1553 2552 1741 2614 injvfncta
1766 2567 1844 2604 pro

462 2605 726 2643 abstraccione
746 2605 957 2655 cujusdam
975 2605 1140 2654 confiiye
1159 2605 1208 2643 ab
1227 2605 1402 2643 Ecclesia
1419 2606 1709 2653 Emonienm,—-·

404 2660 574 2700 Thomas,
601 2663 678 2700 etc.‚
708 2661 904 2692 Presidenti
933 2660 1087 2701 Capituli
1115 2660 1269 2692 Ecclesie
1294 2663 1413 2692 nostre
1442 2661 1657 2701 Exoniensis,
1682 2663 1844 2702 salutem,

455 2705 659 2744 etc—Quia
682 2715 746 2736 nos
770 2705 887 2736 Nobili
910 2705 1006 2744 Viro,
1031 2704 1181 2736 Domino
1205 2705 1358 2736 Johanni
1382 2705 1425 2736 de
1449 2706 1644 2746 Dyneham,
1669 2707 1784 2746 Militi,
1806 2709 1844 2739 et

455 2749 562 2780 certis
588 2750 666 2790 ejus
689 2749 933 2787 familiaribus,
958 2759 999 2780 ac
1022 2748 1180 2789 personis
1203 2748 1280 2779 aliis
1303 2749 1549 2790 infrascriptis,
1572 2752 1716 2791 propter
1738 2751 1844 2783 viola—

455 2793 589 2824 cionem
608 2793 797 2824 Libertatis
822 2793 976 2824 Ecclesie
999 2795 1118 2824 nostre
1143 2792 1349 2824 Exoniensis
1370 2793 1407 2823 in
1430 2794 1646 2825 extrahendo
1668 2795 1843 2836 quendam

454 2837 652 2868 «Iohannem
678 2837 807 2876 Broun,
832 2837 1032 2876 confugam,
1056 2846 1119 2877 per
1145 2846 1205 2868 eos
1230 2836 1363 2868 factam
1387 2838 1580 2878 nuperime,
1603 2841 1709 2879 prout
1733 2839 1842 2878 scitis,

456 2884 571 2913 certas
595 2881 811 2922 penitencias
834 2881 1052 2922 injunximus
1075 2881 1305 2921 peragendas,
1329 2881 1489 2922 quamvis
1512 2882 1604 2913 idem
1628 2883 1782 2924 confuga
1797 2883 1845 2915 sit

455 2926 500 2956 ad
513 2926 661 2957 eandem
675 2925 868 2957 Ecclesiam
881 2925 998 2956 debite
1011 2925 1217 2962 restitutus;
1241 2925 1414 2964 videlicet,
1432 2925 1526 2957 dicto
1544 2926 1657 2966 Militi,
1670 2929 1711 2958 ut
1726 2927 1844 2969 aliquo

456 2969 520 3001 Die
547 2970 730 3001 Dominico
755 2969 845 3002 citra
877 2969 1020 3001 Festum
1050 2969 1278 3000 Pentecostes
1308 2969 1467 3009 proximo
1497 2969 1669 3011 futurum,
1700 2973 1771 3003 stet
1796 2971 1843 3003 ad
