1988 3256
279 353 373 399 406

277 467 302 492 Α
319 467 355 493 D.

278 501 355 527 1379.

281 534 344 561 voi.
362 534 386 561 Ῑ.

276 899 325 926 fol.
341 899 383 927 76.

483 366 584 399 THE
621 367 862 402 REGISTER
900 368 960 401 OF
995 369 1175 403 BISHOP
1211 369 1616 404 BRANTYNGHAM.

425 467 539 500 munis
563 467 607 500 ad
631 478 693 500 nos
719 467 859 510 querela
882 468 1058 511 perduxit,
1085 472 1121 501 et
1144 469 1313 512 magistra
1338 480 1453 503 rerum
1478 468 1694 511 experiencia
1717 467 1824 500 mani-

424 510 543 550 festat,
563 511 656 553 quod
673 512 829 545 moderni
849 513 1012 555 temporis
1030 512 1225 546 sacerdotes
1242 517 1441 546 nostrarum
1458 513 1633 552 Civitatis,
1655 511 1823 550 Diocesis,

426 563 465 585 ac
486 553 668 603 Provincie
689 555 960 597 Cantuariensis,
983 556 1067 588 adeo
1088 556 1292 599 cupiditatis
1312 557 1403 590 vicia
1422 557 1616 589 infecerunt
1637 555 1740 598 quod,
1765 555 1825 587 sti-

428 597 563 646 pendus
582 598 852 633 racionabilibus
872 610 941 632 non
961 600 1125 640 contenti,
1148 610 1212 642 pro
1230 599 1349 633 labore
1369 600 1494 632 salaria
1512 598 1699 632 vendicant
1720 602 1755 630 et
1775 607 1825 631 re-

425 641 559 690 cipiunt
581 641 769 684 plurimum
791 643 966 676 excessiva
978 656 987 683 ;
1018 644 1287 686 Sacerdotesque
1310 643 1468 685 predicti,
1495 643 1544 675 sic
1567 642 1685 684 cupidi
1708 646 1743 674 et
1766 642 1821 674 de-

423 683 530 734 licati,
563 685 697 718 salariis
725 687 910 719 excessivis
937 686 1137 728 hujusmodi
1166 687 1340 728 sarcinati,
1371 690 1536 720 evomunt
1562 686 1734 726 indomiti,
1765 685 1819 717 de-

424 727 543 769 lirant,
565 733 599 761 et
619 729 793 771 deficiunt,
816 740 856 762 ac
875 740 993 763 eorum
1012 729 1180 770 nonnulli,
1201 734 1281 772 post
1299 731 1432 763 ventris
1450 729 1641 772 ingluviem
1661 732 1696 761 et
1715 728 1831 761 varias

426 772 538 820 carnis
552 770 741 814 illecebras,
758 777 922 815 spumant
936 774 973 806 in
986 772 1176 813 libidinem,
1194 778 1229 808 et
1242 774 1384 807 tandem
1398 775 1433 806 in
1448 772 1617 806 malorum
1630 771 1830 814 voraginem

425 814 586 848 funditus
613 815 873 858 demerguntur,
903 817 939 849 in
966 818 1121 849 virorum
1149 818 1472 850 Ecclesiasticorum
1500 816 1703 850 detestabile
1733 825 1827 848 scan-

423 857 541 907 dalum
555 863 590 892 et
604 859 799 902 exemplum
812 861 1043 902 perniciosum
1056 861 1234 894 laicorum.
1263 861 1319 900 Et,
1337 871 1547 903 quamquam
1561 859 1649 892 bone
1662 858 1826 892 memorie

427 902 597 935 Dominus
620 903 738 935 Simon
762 904 804 937 de
828 904 950 946 Islepe,
977 904 1108 937 dudum
1132 904 1391 937 Cantuariensis
1414 904 1718 946 Archiepiscopus,
1744 902 1824 935 Pre-

423 945 580 978 decessor
595 949 723 988 noster,
742 946 825 979 dum
842 948 877 979 in
893 947 1054 980 humanis
1071 947 1208 990 agebat,
1229 948 1270 980 de
1288 948 1452 980 Fratrum
1470 957 1610 980 suorum
1627 947 1768 979 consilio
1786 950 1822 979 et

425 999 579 1039 assensu,
597 991 723 1023 statuit
739 994 774 1023 et
789 991 966 1024 ordinavit
980 991 1074 1034 quod
1090 991 1268 1034 Capellani
1284 990 1411 1023 Analia
1426 989 1649 1030 celebrantes,
1669 993 1704 1023 et
1721 989 1826 1022 ceteri

423 1043 617 1066 ammarum
639 1044 720 1066 cure
742 1034 971 1076 intendentes,
997 1035 1151 1077 quinque
1173 1034 1320 1073 marcis;
1351 1033 1527 1074 Ecclesiis,
1553 1044 1647 1072 vero,
1673 1043 1733 1065 seu
1759 1032 1821 1065 Ca-

424 1076 523 1118 pellis
538 1075 812 1118 Paroehialibus,
831 1081 865 1110 et
880 1089 960 1111 cure
977 1078 1104 1111 eisdem
1119 1079 1312 1110 imminenti
1329 1078 1518 1110 officiantes
1534 1087 1594 1109 sex
1609 1076 1746 1117 marcis,
1764 1085 1828 1117 pro

426 1120 497 1152 suis
518 1120 700 1163 stipendiis
721 1122 844 1154 annuis
866 1120 1030 1154 deberent
1051 1121 1267 1160 contentari;
1295 1121 1331 1153 in
1353 1120 1555 1154 Sacerdotes
1575 1129 1645 1152 non
1665 1123 1826 1161 parentes

426 1163 567 1195 Statuto
594 1163 795 1205 hujusmodi
821 1175 944 1206 penam
973 1165 1214 1207 Suspensionis
1240 1164 1284 1197 ab
1312 1164 1446 1204 Officio,
1476 1165 1552 1206 ipso
1580 1164 1685 1203 facto,
1717 1163 1823 1204 impo-

423 1206 535 1238 nendo
548 1219 557 1246 3
586 1217 660 1249 nos,
683 1210 811 1253 tamen,
836 1209 1002 1250 temporis
1025 1208 1194 1250 qualitate
1216 1212 1364 1247 attenta,
1390 1208 1433 1241 de
1453 1209 1616 1240 Fratrum
1639 1211 1675 1240 et
1696 1207 1824 1239 Suffra-

423 1260 611 1291 ganeorum
631 1254 841 1294 nostrorum,
864 1252 960 1293 xvjto
982 1251 1037 1284 die
1057 1250 1277 1292 Novembris,
1301 1251 1392 1285 A.D.
1417 1252 1485 1284 Mo.
1510 1249 1645 1284 COCmo
1665 1250 1821 1291 lxxviij0‚

425 1295 462 1326 in
483 1294 634 1336 quadam
655 1304 791 1327 camera
812 1295 905 1327 infra
927 1298 1027 1337 septa
1048 1294 1253 1328 Monasterii
1275 1294 1524 1338 Apostolorum
1546 1294 1644 1327 Petri
1666 1298 1702 1327 et
1723 1294 1826 1327 Pauli

421 1336 648 1378 Gloucestrie,
663 1337 926 1380 Wygorniensis
938 1338 1105 1378 Diocesis,
1123 1342 1268 1381 propter
1282 1338 1347 1371 hoc
1364 1337 1506 1370 insimul
1522 1341 1819 1379 congregatorum,

422 1380 563 1413 consilio
577 1385 612 1414 et
625 1391 777 1419 assensu,
795 1391 900 1424 super
912 1381 1046 1415 salariis
1061 1381 1287 1415 Sacerdotum
1302 1380 1557 1414 Parochialium
1572 1386 1607 1415 et
1622 1381 1820 1421 Annalium,

422 1425 459 1457 in
480 1424 583 1458 dictis
604 1426 732 1458 nostris
754 1425 917 1468 Civitate,
942 1425 1092 1465 Diocesi,
1116 1429 1151 1458 et
1173 1425 1358 1457 Provincia
1379 1424 1619 1458 Cantuariensi
1643 1425 1685 1458 de
1707 1427 1820 1457 cetero

422 1468 665 1510 percipiendis,
686 1469 922 1502 ordinavimus
933 1472 969 1501 et
980 1469 1178 1506 statuimus,
1197 1466 1261 1500 sub
1272 1468 1385 1500 forma
1402 1468 1546 1500 inferius
1557 1466 1826 1508 annotata‚--IN

426 1513 500 1545 DEI
518 1512 686 1553 NOMINE,
706 1512 966 1552 Anam—Nos,
988 1512 1117 1553 Simon,
1138 1516 1218 1553 etc.‚
1240 1511 1283 1545 de
1301 1510 1442 1544 consilio
1460 1511 1626 1544 Fratrum
1644 1515 1679 1544 et
1698 1510 1826 1544 Suffra-

424 1566 612 1597 ganeorum
633 1559 829 1588 nostrorum
851 1556 1037 1588 statuimus
1059 1559 1099 1587 ut
1120 1556 1328 1597 quicumque
1349 1555 1384 1587 in
1407 1555 1534 1587 nostris
1555 1554 1719 1593 Givitate,
1743 1554 1824 1586 Dio-

426 1598 506 1638 cesi,
534 1609 594 1631 seu
619 1597 805 1631 Provincia
830 1597 1084 1638 CantuariensL
1111 1609 1174 1640 pro
1202 1597 1382 1630 animabus
1409 1598 1653 1630 defunctorum
1676 1596 1828 1629 Annalia

425 1641 642 1684 celebraturi,
662 1646 796 1685 septem
809 1643 935 1676 marcis
950 1646 1012 1676 aut
1027 1642 1166 1675 cibariis
1181 1645 1216 1675 et
1231 1641 1345 1674 tribus
1359 1641 1485 1673 marcis
1498 1652 1506 1679 ;
1529 1639 1599 1679 alii,
1618 1643 1746 1681 autem,
1765 1640 1825 1682 qui

425 1696 506 1719 cure
530 1686 723 1718 animarum
746 1686 941 1719 deservient
965 1689 1043 1718 octo
1067 1685 1192 1718 marcis
1217 1689 1278 1718 aut
1303 1684 1441 1717 cibariis
1467 1688 1502 1717 et
1525 1687 1676 1726 quatuor
1699 1684 1824 1716 marcis

425 1729 679 1772 sterlingorum,
699 1730 890 1769 annuatim,
910 1732 1175 1767 contententur;
1198 1728 1396 1761 nullatenus
1412 1738 1455 1761 ex
1471 1732 1574 1770 pacto
1591 1726 1686 1760 ultra
1699 1726 1735 1759 id
1750 1737 1826 1768 per-

424 1774 559 1815 cepturi
573 1773 641 1806 nisi
656 1773 759 1806 aliter
773 1773 856 1806 Loci
873 1773 1057 1806 Diocesani
1073 1783 1152 1805 cum
1167 1771 1235 1805 hiis
1251 1772 1311 1814 qui
1327 1782 1407 1804 cure
1423 1772 1615 1804 animarum
1631 1770 1826 1803 deservient

424 1818 585 1858 primitus
611 1817 826 1849 decreverint
851 1817 924 1848 fore
947 1816 1155 1848 faciendum.
1204 1815 1240 1848 Si
1265 1816 1352 1857 quis,
1382 1818 1508 1853 autem,
1536 1813 1680 1846 clericus
1704 1817 1825 1845 contra

422 1860 512 1893 hanc
534 1863 689 1892 nostram
715 1859 1022 1899 constitucionem,
1051 1859 1163 1892 dando
1189 1869 1248 1891 seu
1272 1857 1479 1900 recipiendo,
1506 1857 1623 1889 venire
1648 1866 1824 1898 presump-

423 1904 518 1943 serit,
542 1903 920 1935 Excommunicacionis
943 1902 1160 1935 Sentenciam
1183 1902 1348 1940 incurrat,
1374 1901 1449 1942 ipso
1469 1901 1584 1939 facto3
1614 1911 1636 1932 a
1655 1911 1734 1942 qua,
1758 1899 1825 1931 nisi

422 1958 485 1989 per
500 1947 731 1980 Diocesanum
747 1946 831 1978 Loci
847 1946 884 1978 in
899 1955 968 1987 quo
984 1944 1178 1987 deliquerit,
1198 1955 1267 1977 non
1283 1946 1414 1987 poterit
1430 1943 1562 1977 absolvi
1576 1956 1584 1983 ;
1610 1943 1820 1981 Senteneias,

423 2001 518 2032 vero,
539 1991 576 2023 in
597 1990 690 2023 dicto
713 1989 853 2023 Statuto
874 1992 993 2021 nostro
1014 1991 1206 2029 contentas,
1229 1992 1310 2030 post
1330 1986 1603 2030 publicacionem
1626 1987 1825 2029 hujusmodi

422 2035 525 2075 juxta
542 2033 720 2066 Canonum
737 2032 960 2073 exigeneiam,
980 2032 1268 2064 contrafacientes
1286 2031 1412 2064 eisdem
1428 2030 1529 2072 ligari
1547 2029 1706 2063 volumus
1724 2034 1758 2062 et
1777 2030 1824 2061 in-

423 2077 527 2109 volvi.
565 2075 805 2114 Fraternitati,
823 2075 940 2117 igitur,
958 2078 1073 2107 vestre
1089 2074 1336 2106 committimus
1352 2074 1517 2116 quatinus
1532 2073 1697 2114 premissa
1713 2073 1828 2105 omnia

426 2124 462 2153 et
478 2119 615 2162 singula
629 2120 666 2152 in
682 2119 834 2153 Civitate
851 2122 887 2151 et
902 2118 1041 2151 Diocesi
1057 2118 1183 2151 vestris
1201 2117 1357 2150 celeriter
1373 2116 1558 2159 publicetis
1575 2120 1611 2151 et
1628 2116 1825 2149 execucioni

423 2163 538 2197 debite
566 2163 803 2202 demandetis;
837 2162 981 2204 ipsaque
1007 2160 1167 2195 omnibus
1193 2165 1229 2194 et
1257 2160 1402 2202 singulis
1430 2160 1665 2202 Suffraganeis
1692 2159 1820 2192 nostris

425 2211 460 2240 et
481 2206 735 2248 Confratribus,
758 2207 793 2238 in
815 2207 885 2239 suis
907 2204 1118 2239 Civitatibus
1139 2209 1173 2237 et
1196 2204 1399 2237 Diocesibus
1420 2202 1629 2245 publicanda
1648 2207 1683 2235 et
1704 2213 1823 2235 execu-

427 2250 517 2282 cioni
535 2248 651 2283 debite
669 2249 919 2288 demandanda,
940 2249 1145 2291 quantocius
1163 2247 1422 2281 transmittatis.
1451 2247 1505 2280 De
1523 2246 1589 2286 die,
1603 2256 1697 2284 vero,
1710 2255 1824 2287 recep-

425 2294 532 2326 cionis
550 2292 772 2326 Presencium
790 2292 1072 2334 execucionisque
1090 2294 1216 2331 vestre,
1238 2302 1278 2323 ac
1295 2291 1398 2323 modo
1416 2294 1451 2323 et
1469 2291 1583 2323 forma
1600 2290 1766 2332 ejusdem,
1786 2293 1823 2322 et

424 2337 508 2380 quid
528 2337 679 2370 feceritis
700 2337 736 2369 in
756 2336 943 2379 premissis,
967 2346 1042 2375 nos,
1066 2335 1154 2367 citra
1175 2334 1319 2367 Festum
1340 2333 1480 2366 Natalis
1503 2334 1644 2366 Domini
1665 2334 1822 2376 proximo

426 2392 517 2414 nunc
549 2381 719 2422 futurum,
753 2379 950 2412 certificetis
982 2389 1045 2421 per
1075 2378 1212 2411 Literas
1243 2381 1391 2410 vestras.
1438 2376 1666 2419 Injungentes
1697 2377 1824 2410 eisdem

430 2424 664 2466 Suffraganeis
683 2424 811 2456 nostris
830 2426 870 2456 ut
888 2432 1006 2455 eorum
1026 2421 1174 2464 quilibet
1191 2421 1234 2454 de
1252 2421 1346 2453 facto
1366 2431 1427 2453 suo
1447 2421 1482 2453 in
1501 2420 1566 2453 hac
1585 2423 1684 2462 parte
1704 2419 1824 2452 habito

426 2478 500 2506 nOS,
521 2468 610 2500 citra
626 2468 769 2499 Festum
787 2466 992 2508 predictum,
1014 2464 1180 2497 certificet
1198 2474 1261 2506 per
1278 2464 1412 2496 Literas
1430 2474 1508 2496 suas
1527 2467 1685 2505 patentes
1703 2462 1826 2495 harum

427 2512 550 2544 seriem
576 2508 983 2543 continentes—Datum
1010 2507 1103 2550 apud
1130 2506 1333 2547 Lamhethe,
1361 2517 1430 2548 quo
1458 2506 1502 2539 ad
1529 2506 1825 2548 consignacionem

427 2554 660 2593 Presencium,
686 2553 760 2594 vjto
785 2552 840 2585 die
864 2550 1088 2594 Septembris,
1115 2550 1207 2584 A.D.
1237 2551 1304 2584 M0.
1334 2549 1470 2584 GCGmo
1494 2549 1622 2590 lxxixo,
1649 2553 1685 2582 et
1709 2552 1826 2582 nostre

425 2596 680 2629 Translacionis
697 2607 786 2628 anno
804 2594 1138 2637 quinto—Quarum
1157 2594 1365 2626 auctoritate
1383 2593 1580 2626 Literarum
1596 2591 1696 2625 vobis
1713 2593 1825 2634 injun-

427 2641 541 2683 gimus
557 2643 592 2673 et
606 2638 810 2672 mandamus
826 2638 990 2681 quatinus
1006 2636 1174 2679 premissa
1189 2637 1304 2670 omnia
1320 2639 1355 2670 et
1371 2634 1517 2677 singula,
1536 2636 1640 2677 juxta
1655 2635 1826 2669 dictarum

427 2683 640 2726 exigenciam
659 2682 869 2723 Literarum,
891 2681 1088 2714 execucioni
1109 2678 1224 2713 debite
1246 2679 1470 2713 demandetis.
1518 2680 1565 2712 Et
1586 2679 1670 2721 quid
1690 2679 1726 2711 in
1747 2689 1822 2721 pre-

427 2728 542 2760 missis
563 2726 714 2759 feceritis
735 2725 867 2759 dictum
886 2723 1127 2757 Reverendum
1148 2723 1300 2762 Patrem,
1325 2724 1413 2756 citra
1434 2723 1576 2756 Festum
1598 2722 1737 2756 Natalis
1758 2723 1825 2756 Do-

428 2771 511 2804 mini
534 2770 783 2812 supradictum‚
809 2767 899 2800 clare
921 2771 957 2800 et
978 2767 1141 2800 distincte
1162 2766 1357 2799 certificetis
1379 2766 1507 2799 Literis
1527 2767 1653 2799 vestris
1675 2766 1823 2807 patent-i-

427 2814 504 2853 bus,
526 2811 734 2846 habentibus
754 2811 846 2845 hunc
866 2815 1030 2844 tenorem.
1079 2809 1212 2842 Datum
1230 2809 1267 2841 in
1286 2807 1442 2841 Manerio
1462 2813 1580 2842 nostro
1601 2810 1642 2843 de
1662 2809 1820 2847 Fulham,

430 2858 538 2899 xviija
565 2857 620 2889 die
645 2856 772 2889 mensis
797 2858 833 2888 et
856 2854 951 2887 Anni
976 2853 1224 2896 predictorum,
1251 2856 1287 2885 et
1313 2856 1431 2885 nostre
1458 2852 1711 2886 Translacionis
1737 2863 1827 2886 anno

429 2899 756 2945 quarto.—-Verum,
775 2899 859 2941 quia
873 2897 990 2931 arduis
1005 2897 1112 2939 Regis
1127 2899 1163 2929 et
1178 2895 1290 2939 Regni
1306 2896 1458 2938 negociis
1473 2895 1715 2939 multipliciter
1729 2906 1826 2930 occu-

429 2946 504 2988 pati
529 2944 710 2977 existimus
733 2943 770 2975 in
794 2940 958 2985 presenti,
987 2940 1170 2983 quominus
1194 2939 1409 2982 expedicioni
1434 2939 1606 2973 dictarum
1630 2939 1827 2973 Literni-um
