1988 3256
69 441 103 468 A.
110 442 146 470 D.

70 477 171 503 1384-5.

72 509 133 536 Vol.
152 511 172 537 l.

70 1284 116 1311 sol.

71 1318 149 1345 138b.

380 339 669 374 REGISTRUM
716 339 1181 376 COMMUNE—ANNO
1210 334 1302 379 15⁰.
1526 333 1621 377 569

230 445 264 476 la
286 446 456 497 liynstre,
481 447 518 477 in
542 447 729 486 Cornubie,
748 451 946 488 vacantem,
970 452 1008 480 et
1032 450 1077 481 ad
1107 450 1218 491 ipsius
1245 451 1386 482 Domini
1416 451 1624 482 Exoniensis

230 490 394 531 Episcopi
419 491 654 523 Collacionem
679 493 837 532 legitime
864 494 1091 532 devolutum;
1122 495 1191 535 qui,
1219 495 1371 536 quidem,
1401 496 1526 526 Frater
1556 495 1621 526 Ge-

229 534 343 566 hellus
357 535 491 576 juravit
507 537 622 567 eidem
639 537 789 568 Domino
803 538 975 578 Episcopo
990 538 1251 578 Obedienciam,
1264 543 1300 571 et
1315 540 1470 580 optinuit
1486 540 1623 571 Literas

228 578 437 611 Collacionis
460 583 497 611 et
521 581 745 612 Induccionis
768 582 805 612 in
827 582 944 614 forma
966 584 1155 615 communi.
1202 585 1304 622 Item,
1330 584 1563 624 comperimus
1586 584 1624 613 in

227 623 351 655 eodem
374 625 467 665 quod
490 625 669 665 predictus
697 626 868 658 Dominus
892 627 1084 667 Johaunes,
1099 630 1177 667 etc,
1202 629 1296 668 apud
1323 628 1434 669 Clyst,
1458 628 1625 659 vicesimo

228 667 284 719 die
309 660 536 709 Septembris,
560 670 647 701 A.D.
665 670 728 701 ΜΟ.
746 670 879 702 0001110
901 672 1170 712 quadragesimo
1192 673 1317 713 primo,
1333 672 1484 703 contulit
1509 671 1623 702 Fratri

228 712 403 744 Willelmo
427 714 469 744 de
493 714 528 745 la
552 714 668 753 Hune,
686 715 868 754 Monacho,
885 715 1028 748 Ordinis
1053 716 1173 747 Sancti
1198 717 1392 755 Benedicti,
1415 717 1622 757 presbitero,

228 767 392 797 expresse
407 758 577 798 professo,
594 759 794 790 Prioratum
811 760 884 790 sive
902 760 1095 791 Ecclesiam
1113 761 1355 792 Parochialem
1378 761 1421 791 de
1437 760 1623 798 Talkarne‚

227 801 316 852 alias
340 802 383 833 de
406 802 441 833 la
466 803 637 843 Mynstre,
654 806 850 842 vacantem,
866 807 903 835 et
918 805 964 835 ad
979 805 1090 845 ipsius
1107 805 1269 845 Episcopi
1287 805 1523 836 Collacionem
1539 804 1623 843 legi-

227 851 314 876 time
335 846 550 886 devolutum,
576 857 640 888 pro
663 858 704 878 eo
727 848 820 888 quod
844 848 964 879 Abbas
987 849 1191 880 Monasterii
1217 849 1427 880 Sanctorum
1452 848 1564 889 Sergii
1587 850 1624 879 et

229 889 348 928 Bachi,
365 891 476 931 ipsius
493 891 647 923 Ecclesie
671 892 744 923 sive
769 892 950 924 Prioratus
974 893 1159 932 Patronus,
1178 893 1389 924 Monachum
1412 893 1550 924 notorie
1573 893 1624 923 in-

228 934 385 974 dignum,
396 938 432 966 et
449 938 523 966 tam
539 936 576 966 in
592 936 778 967 literatura
789 947 896 977 quam
911 937 990 967 aliis
1006 937 1206 968 evidentem
1222 938 1421 978 pacientem
1434 937 1625 975 defectum,

227 982 332 1018 prout
349 989 467 1011 coram
483 980 607 1011 eodem
631 981 782 1011 Domino
806 981 979 1021 Episcopo
1001 981 1217 1022 judicialiter
1239 982 1310 1012 fuit
1334 984 1565 1022 compertum,
1589 981 1627 1011 in

230 1023 292 1054 illa
307 1024 494 1055 vacacione
509 1024 649 1064 prefato
665 1025 838 1065 Episcopo
862 1025 1015 1056 scienter
1036 1026 1268 1066 presentavit.
1315 1026 1361 1056 Et
1384 1026 1479 1057 idem
1504 1026 1630 1056 Frater

230 1067 425 1099 Willelmus
440 1069 598 1108 prestitit
617 1068 828 1100 obediencie
850 1069 1092 1110 juramentum
1115 1072 1152 1101 et
1175 1070 1330 1101 obtinuit
1354 1070 1492 1101 Literas
1517 1070 1628 1100 Colla-

231 1111 342 1143 ciom's
356 1114 394 1143 et
409 1113 644 1152 Induccionis,
661 1113 814 1144 directas
830 1113 1087 1145 Archidiacono
1105 1113 1291 1153 Cornubie,
1308 1115 1363 1145 vel
1376 1115 1454 1156 ejus
1471 1114 1630 1145 Officiali.

233 1156 336 1194 Item,
360 1157 594 1197 comperimus
618 1157 654 1188 in
678 1158 802 1189 eodem
825 1158 928 1198 quod,
953 1161 1078 1190 octavo
1101 1158 1158 1190 die
1182 1159 1278 1197 Julii,
1295 1159 1382 1190 A.D.
1409 1160 1471 1190 ΜΟ.
1498 1158 1631 1190 000010

229 1201 498 1241 quadragesimo
522 1212 624 1240 nono,
650 1202 744 1242 apud
772 1202 1032 1243 Chuddeheghe,
1057 1203 1183 1234 Frater
1207 1203 1417 1235 Guillelmus
1442 1202 1632 1234 Decimarii

228 1245 404 1276 admissus
420 1245 490 1276 fuit
506 1256 570 1287 per
585 1248 820 1277 memoratum
840 1247 1031 1278 Dominum
1047 1247 1068 1278 J
1070 1247 1256 1286 ohannem,
1273 1250 1351 1286 etc„
1368 1248 1414 1279 ad
1431 1248 1632 1278 Prioratum

228 1289 272 1320 de
291 1290 326 1320 la
350 1290 520 1330 Mynstre,
542 1292 739 1329 vacantem,
757 1294 792 1322 et
815 1291 1003 1323 institutus
1026 1292 1063 1322 in
1088 1292 1222 1331 eodem,
1251 1293 1296 1323 ad
1323 1292 1631 1323 Presentacionem

229 1333 380 1365 Abbatis
402 1337 439 1365 et
464 1334 667 1366 Conventus
684 1335 890 1366 Monasterii
913 1335 1122 1367 Sanctorum
1141 1336 1254 1376 Sergii
1278 1339 1314 1367 et
1332 1336 1452 1373 Bachi,
1469 1345 1631 1366 verorum

231 1377 317 1409 dicti
345 1378 528 1410 Prioratus
553 1379 809 1418 Patrouorum3
841 1380 911 1420 qui,
943 1381 1096 1421 quidem,
1130 1381 1255 1411 Frater
1279 1380 1475 1410 Willelmus
1499 1378 1633 1419 juravit

233 1421 492 1461 obedienciam,
509 1425 546 1454 et
562 1424 715 1464 optinuit
735 1424 874 1455 Literas
896 1424 1142 1455 Institucionis
1165 1427 1201 1455 et
1224 1423 1449 1454 Induccionis
1465 1423 1501 1452 in
1518 1422 1633 1452 forma

232 1467 421 1499 communi.
468 1468 571 1506 Item,
589 1469 824 1508 comperimus
839 1468 876 1498 in
894 1469 1057 1507 Registro
1073 1468 1116 1498 de
1133 1470 1291 1506 tempore
1308 1469 1439 1503 nostro,
1456 1466 1548 1505 quod
1559 1474 1633 1501 nos,

233 1511 327 1551 apud
341 1511 451 1552 Clyst‚
462 1512 670 1543 duodecimo
682 1513 738 1543 die
752 1512 884 1543 mensis
902 1512 1036 1549 Marcii,
1050 1512 1136 1541 A.D.
1151 1511 1213 1541 ΜΟ.
1232 1509 1366 1540 GCCmo
1382 1510 1486 1539 lxxmo
1498 1510 1633 1548 quarto,

233 1556 449 1587 contulimus
466 1556 666 1587 Prioratum
683 1557 726 1587 de
742 1557 777 1586 la
802 1556 972 1595 Mynstre,
989 1555 1026 1584 in
1048 1553 1235 1591 cornubia,
1252 1563 1316 1593 per
1331 1555 1481 1583 mortem
1500 1551 1634 1582 Fratris

236 1599 402 1631 Gulielmi
419 1600 620 1638 Decimarii,
635 1600 811 1640 quondam
829 1598 992 1629 Monachi
1013 1597 1217 1628 Monasterii
1235 1597 1444 1627 Sanctorum
1469 1595 1581 1634 Sergii
1598 1597 1634 1625 et

235 1643 355 1682 Bachi,
383 1654 491 1684 prope
514 1643 769 1682 Andegaviam,
793 1645 870 1680 etc„
894 1642 1011 1672 ultimi
1035 1641 1194 1682 ejusdem
1219 1641 1401 1670 Prioratus
1423 1639 1554 1670 Prioris
1576 1649 1633 1669 va-

235 1690 386 1726 cantem,
403 1690 440 1718 et
463 1687 508 1718 ad
531 1689 690 1718 nostram
714 1686 960 1724 Gollacionem,
984 1695 1048 1725 per
1068 1685 1205 1725 lapsum
1227 1684 1406 1724 temporis,
1433 1684 1511 1724 jure
1535 1683 1636 1713 nobis

235 1731 393 1770 legitime
406 1731 580 1768 devoluto,
598 1730 659 1761 illa
674 1731 750 1761 vice
770 1732 1001 1770 spectantem,
1019 1729 1136 1760 Fratri
1154 1729 1275 1759 Mileto
1296 1728 1446 1766 Andree,
1464 1727 1637 1758 Monacho

239 1775 454 1813 Monasterii,
478 1778 556 1814 etc„
573 1774 765 1814 supradicti
779 1788 787 1811 ;
803 1777 840 1805 et
863 1774 979 1814 ips'um
999 1773 1157 1804 Priorem
1173 1773 1392 1804 instituimus
1410 1772 1584 1803 Canonice
1600 1771 1637 1801 in

237 1819 371 1858 eodem,
396 1829 476 1850 cum
504 1819 576 1850 suis
602 1818 740 1859 juribus
763 1821 799 1849 et
823 1818 1052 1858 pertinenciis
1074 1817 1269 1854 universis;
1293 1819 1340 1855 et,
1363 1816 1514 1856 prestita
1537 1815 1638 1845 nobis

238 1863 451 1894 Obediencia
464 1863 641 1894 Canonica
656 1873 720 1903 per
735 1863 896 1901 eundem,
913 1862 1159 1893 mandavimus
1180 1861 1436 1892 Archidiacono
1453 1859 1638 1896 Cornubie,

237 1908 292 1938 vel
315 1908 394 1948 ejus
410 1907 568 1946 officiali,
584 1907 629 1938 ad
646 1907 883 1937 inducendum
907 1906 1069 1937 eundem.
1116 1905 1190 1944 Que
1214 1905 1333 1935 omnia
1355 1907 1391 1935 et
1415 1904 1564 1943 singula,
1589 1903 1639 1933 sic

235 1962 299 1992 per
321 1961 386 1982 nos
409 1953 568 1982 scrutata
588 1954 625 1982 et
648 1951 804 1989 inventa,
834 1950 1022 1989 Magestati
1046 1952 1164 1980 vestre
1189 1949 1296 1988 Regie
1319 1958 1382 1988 per
1404 1947 1470 1978 has
1501 1948 1639 1977 Literas

236 1998 377 2027 nostras
403 1998 567 2036 patentes
593 1997 630 2026 et
653 1995 791 2026 clausas
818 1996 939 2025 nostro
970 1993 1224 2024 innotescimus
1255 1992 1320 2023 sub
1351 1991 1511 2031 sigillo.—
1523 1990 1637 2021 Dated

236 2041 390 2079 London,
409 2041 451 2070 14
468 2039 599 2071 March.

568 2279 813 2344 [mutacio
847 2282 983 2332 Ξῐηηί
1018 2262 1264 2342 memini]

83 2373 160 2435 3222
197 2367 543 2430 gunuffiqmini
571 2366 827 2426 εξίἱίμωεςὶηιο
857 2365 1030 2409 QIOEQD'M‘
1048 2363 1201 2405 lxxxm
1227 2363 1390 2414 quinto,
1412 2363 1452 2403 et
1481 2362 1637 2405 coum-

251 2435 459 2466 ttactumz
480 2421 658 2474 {lomim
678 2418 997 2472 quintohecimo.

196 2495 425 2543 Hennock3
456 2494 699 2532 Mandatum
732 2492 788 2530 ad
821 2490 1153 2529 denunciandum
1184 2485 1538 2526 eaecommunicatos
1570 2484 1631 2521 in-

251 2550 412 2588 icientes
429 2562 576 2586 manus
595 2547 785 2584 violentas
804 2545 852 2582 in
880 2543 1126 2590 Wenlakcz—

197 2606 358 2644 Thomas,
384 2607 461 2642 etc„
484 2605 625 2635 Decano
653 2601 807 2632 Ecclesie
831 2602 952 2632 nostre
979 2598 1201 2630 Cathedralis
1228 2596 1370 2634 Exonie,
1395 2604 1466 2632 seu,
1489 2593 1524 2624 in
1553 2593 1630 2633 ejus

244 2649 417 2688 absencia,
439 2647 638 2680 Presidenti
663 2645 816 2686 Capituli
839 2644 996 2685 predicte
1018 2642 1183 2680 Ecclesie‚
1204 2640 1419 2680 singulisque
1444 2637 1630 2669 Canonicis

242 2692 401 2734 ejusdem
414 2693 588 2730 Ecclesie3
604 2701 751 2728 necnon,
769 2689 910 2727 Exonie,
927 2687 1100 2725 Tottonie,
1117 2683 1392 2724 Barnastapolie,
1403 2686 1439 2713 et
1456 2681 1630 2713 Cornubie

243 2737 281 2767 in
293 2736 388 2768 dicta
398 2736 555 2768 Ecclesia
569 2738 692 2767 nostra
702 2733 889 2765 Exoniensi
905 2731 1179 2768 Archidiaconis‚
1191 2739 1253 2760 seu
1267 2738 1388 2759 eorum
1405 2725 1630 2762 Officia-libus,

243 2780 403 2819 salutem,
415 2781 620 2812 ete—Sane
633 2777 743 2820 [non]
755 2778 884 2818 absque
897 2775 1011 2807 cordis
1023 2775 1141 2805 dolore
1148 2776 1185 2804 et
1195 2772 1399 2803 turbacione
1409 2769 1627 2809 gravissima,

244 2823 385 2855 sceleris
407 2824 620 2856 notorietate
643 2826 849 2860 attestante,
876 2820 1014 2852 noviter
1034 2818 1221 2849 didicimus
1239 2815 1331 2856 quod
1354 2813 1495 2855 quidam
1514 2813 1627 2863 perdi-

243 2867 354 2899 cionis
366 2867 533 2908 alumpni,
542 2868 697 2899 Sathane
708 2866 913 2903 sathellites,
923 2873 1071 2905 quorum
1081 2861 1224 2893 nomina
1235 2861 1439 2900 ignoramus
1448 2860 1581 2898 pariter
1592 2859 1629 2906 et

245 2920 422 2953 personas,
438 2911 476 2942 in
490 2911 665 2952 quendam
681 2911 870 2943 Dominum
892 2909 1062 2941 'rhomam
1078 2904 1255 2943 Wenlake,
1271 2902 1450 2935 vicarium
1475 2900 1629 2932 Ecclesie

208 2961 283 3007 20
