1988 3256
340 371 434 416 448
545 381 647 415 'rna
683 381 926 425 Rneis'rna
964 381 1024 415 OF
1059 381 1240 417 BISHOP
1275 382 1680 418 BRANTYNGHAM.

335 488 413 515 A-D-
495 490 605 531 Muge,
624 489 838 522 Prebendarii
855 489 888 521 in
906 489 1054 521 Ecclesia
1070 489 1185 521 Sancti
1208 489 1386 521 Carentoci
1408 489 1490 521 dum
1508 489 1603 529 vixit,
1619 489 1662 520 ad
1684 487 1884 520 instanciam
1983 506 1988 525 ,ς

335 523 438 586 ¹35]-
494 534 647 574 Magistri
663 534 829 566 Johannis
846 534 1034 575 Lundreyn.
1984 546 1988 570 l

448 583 505 622 St.
528 584 654 622 Teath
673 597 683 632 3
711 583 968 633 Indulyencia
986 597 1064 632 pro
1084 583 1255 621 Ecclesia
1275 584 1411 621 Sancte
1433 583 1613 630 Teme,—

448 638 550 677 Item,
580 639 715 678 ibidem,
744 642 812 670 xmo
839 638 894 669 die
924 638 1029 677 Junii,
1053 637 1220 670 Dominus
1244 637 1407 670 concessit
1432 638 1464 669 xl
1488 638 1559 669 dies
1583 637 1801 679 Indulgencie
1823 647 1884 679 pro

492 682 709 713 visitantibus
726 682 907 713 Ecclesiam
924 682 1046 713 Sancte
1069 681 1188 720 Tethe,
1206 681 1241 712 in
1266 681 1444 722 cornubia,
1460 692 1539 713 cum
1563 681 1703 713 diversis
1725 681 1884 714 clausulis

492 726 701 767 specialibus,
720 729 755 757 et
770 726 844 757 aliis
860 726 1030 757 consuetis
1047 728 1086 757 ut
1102 725 1135 756 in
1153 725 1272 757 forma.

337 778 391 839 {⁸5³1}
448 781 575 832 Royal
596 781 754 819 Mauors
769 794 778 829 ;
812 781 956 820 Contra
966 781 1160 830 fractores
1178 780 1344 818 Domini
1363 780 1479 830 Reyis
1496 781 1541 818 in
1563 780 1829 828 Commota,—

393 832 400 841 ⁸
449 835 548 874 Item,
573 835 698 867 eisdem
722 835 776 867 die
799 838 834 867 et
857 836 938 875 loco,
965 835 1136 866 emanavit
1159 835 1358 867 Mandatum
1382 835 1522 876 singulis
1546 835 1688 866 Decanis
1715 834 1884 867 Cornubie

492 880 670 919 directum,
694 879 737 911 de
760 879 928 911 monendo
950 879 1112 911 fractores
1135 879 1316 910 Parem-um
1341 879 1478 910 Domini
1503 879 1609 910 nostri
1632 878 1731 920 Regis
1757 878 1882 910 ibidem

492 923 712 955 existencium
730 926 770 955 ut
785 923 993 955 satisfaciant
1009 922 1154 954 Domino
1171 922 1263 964 Regi,
1280 922 1332 954 vel
1348 922 1500 964 ejusdem
1519 922 1734 962 custodibus,
1745 921 1835 954 infra
1847 921 1884 954 xl

494 968 574 1006 dies,
592 967 656 999 sub
678 977 762 1008 pena
788 966 1177 1005 Excommunicacionis;
1202 970 1237 997 et
1259 969 1394 1006 extunc,
1411 966 1438 998 si
1461 977 1527 998 non
1553 966 1735 1007 paruerint,
1751 976 1882 998 excom-

492 1011 696 1042 municando
712 1011 856 1043 eosdem.
907 1011 953 1042 Et
968 1011 1094 1042 habeut
1110 1010 1290 1042 certificare
1314 1010 1499 1042 Dominum
1522 1010 1610 1043 infra
1632 1020 1690 1042 sex
1713 1008 1783 1042 dies
1806 1011 1884 1051 post

493 1054 625 1096 lapsum
642 1055 811 1087 dictorum
827 1054 862 1086 xl
877 1055 1020 1087 dierum.

449 1111 972 1162 Lauteglos-by-Camelford
990 1125 1000 1159 3
1030 1111 1183 1149 Licence
1202 1118 1239 1149 to
1257 1112 1503 1157 celebrata—-

450 1166 548 1205 Item,
566 1166 693 1197 eisdem
708 1166 762 1198 die
778 1170 813 1197 et
828 1166 908 1206 1000,
926 1166 1108 1205 [Dominus
1123 1166 1288 1197 Rieardus
1305 1164 1468 1204 BolhamJ,
1486 1167 1610 1198 Rector
1626 1166 1668 1197 de
1692 1165 1881 1206 Lantegles,

494 1210 614 1241 habuit
642 1210 828 1241 Licenciam
853 1210 895 1240 de
917 1210 1114 1241 celebrando
1138 1209 1269 1249 Divina,
1292 1216 1365 1249 etc„
1392 1210 1427 1241 in
1452 1210 1728 1251 Capella-Sancti
1753 1209 1882 1241 'rhome

494 1254 543 1293 [M
546 1252 671 1295 artiris]
681 1254 723 1285 de
741 1251 951 1286 Camelforde
968 1264 976 1292 ;
999 1253 1173 1295 quamdiu,
1197 1256 1259 1285 etc.

449 1304 636 1342 Liskeard
651 1317 662 1352 3
705 1304 942 1345 [Mandatum
978 1304 1023 1341 dc
1055 1304 1285 1342 observando
1319 1303 1610 1342 Dedicacionem
1647 1303 1810 1342 Ecclesie
1836 1303 1883 1341 de

503 1358 763 1407 Lyskerde‚-—

449 1413 604 1452 Thomas,
621 1415 697 1453 etc.,
713 1412 859 1445 Domino
877 1412 1023 1444 Hem-ico
1040 1410 1217 1454 [Fi-undeJ,
1234 1412 1403 1452 Perpetuo
1418 1412 1550 1445 Vicario
1574 1411 1719 1444 Ecclesie
1741 1412 1784 1444 de
1799 1411 1882 1453 Lys-

494 1456 605 1496 kerde,
623 1467 660 1488 ac
675 1457 832 1488 omnibus
848 1460 883 1488 et
898 1456 1038 1497 siugulis
1054 1456 1263 1497 parochianis
1278 1456 1431 1497 ejusdem
1456 1456 1667 1498 presentibus
1687 1459 1724 1489 et
1745 1455 1882 1495 futuris,

493 1501 648 1541 salutem,
666 1500 866 1539 etc-Quia
881 1500 981 1532 certis
997 1502 1032 1532 et
1047 1500 1207 1540 legitimis
1222 1500 1264 1531 de
1287 1501 1405 1540 causis,
1422 1511 1532 1532 coram
1555 1500 1652 1532 nobis
1674 1499 1825 1540 allegatis
1847 1502 1883 1531 et

494 1555 553 1585 per
568 1555 629 1576 nos
645 1545 731 1576 veris
747 1545 903 1584 inventis,
921 1547 961 1576 ut
978 1544 1077 1575 Diem
1095 1544 1324 1576 Dedicacionis
1341 1544 1486 1576 Ecclesie
1502 1547 1623 1584 vestre,
1639 1554 1718 1576 cum
1736 1543 1881 1583 Octabis,

493 1588 528 1619 in
545 1589 598 1619 die
608 1588 852 1620 Translacionis
865 1588 980 1620 Sancti
993 1587 1131 1619 Martini
1144 1587 1177 1627 [4
1190 1588 1212 1619 J
1216 1587 1298 1628 uly],
1315 1588 1357 1620 de
1373 1591 1484 1620 cetero
1499 1588 1750 1630 imperpetuum
1767 1590 1883 1618 tenere

495 1631 670 1674 [vale-atis}
687 1635 723 1664 et
745 1632 780 1664 in
803 1632 936 1664 Divinis
959 1631 1124 1670 Serviciis,
1149 1631 1386 1672 oblacionibus,
1417 1634 1453 1663 et
1474 1632 1546 1663 aliis
1568 1631 1725 1673 operibus
1747 1631 1885 1672 pietatis

493 1675 742 1717 solempnizare,
760 1676 961 1708 auctoritate
975 1678 1091 1707 nostra
1106 1675 1303 1715 Pontificali,
1316 1676 1410 1707 vobis
1425 1676 1639 1707 concedimus
1654 1677 1856 1716 potestatem
1873 1683 1883 1713 ;

492 1719 588 1750 vobis
607 1719 809 1761 precipimus
833 1722 868 1751 et
890 1720 1091 1750 mandamus
1107 1722 1148 1751 ut
1170 1719 1212 1750 de
1234 1722 1345 1751 cetero
1368 1720 1512 1751 eundem
1529 1719 1638 1758 Diem,
1654 1729 1712 1751 seu
1730 1719 1881 1756 Festum,

494 1763 723 1794 Dedicacionis
737 1763 936 1804 hujusmodi
951 1763 1066 1795 taliter
1077 1762 1260 1802 celebretis,
1277 1766 1318 1795 ut
1329 1763 1371 1794 ab
1382 1763 1475 1795 omni
1486 1773 1584 1805 opere
1597 1762 1745 1794 manuali
1757 1762 1815 1794 illo
1826 1761 1882 1793 die

491 1807 691 1839 abstineatis
706 1808 864 1848 quociens
880 1810 915 1839 et
930 1807 1066 1848 quando
1081 1806 1257 1848 contingit,
1270 1810 1304 1839 et
1318 1807 1440 1838 Divino
1452 1807 1598 1839 Servicio
1609 1806 1718 1838 solum
1734 1809 1771 1838 et
1782 1806 1881 1837 devo-

494 1850 566 1882 cius
588 1850 782 1882 intendatis.
842 1851 894 1882 Ab
916 1850 1159 1890 observacione,
1187 1861 1276 1890 ver0,
1306 1850 1516 1882 Festivitatis
1537 1850 1677 1891 antique
1699 1850 1735 1881 iu
1760 1849 1883 1891 Vigilia

494 1894 610 1926 Sancti
627 1894 854 1926 Bartholomei
869 1894 926 1934 [23
939 1894 1025 1935 Aug.
1032 1892 1053 1934 ]‚
1070 1897 1149 1926 ante
1164 1894 1225 1925 hec
1248 1897 1400 1935 tempora
1415 1894 1541 1926 ibidem
1565 1894 1700 1934 usitate,
1717 1893 1805 1934 [vos]
1819 1893 1881 1925 eis·

492 1939 570 1969 dem
586 1939 628 1970 de
644 1938 751 1970 causis
766 1938 970 1970 absolvimus
985 1948 1044 1979 per
1060 1938 1244 1970 Preseutes.
1254 1938 1406 1970 —Dated
1421 1941 1458 1970 at
1481 1937 1683 1978 Lawhittw,
1701 1938 1740 1969 11
1757 1936 1859 1970 June.

451 1987 702 2026 Confessions
718 2001 729 2036 ;
758 1988 1119 2033 Fauianam-ia,-

450 2042 548 2081 Item,
565 2042 701 2082 ibidem,
718 2042 777 2084 xiij
796 2042 850 2073 die
865 2042 970 2081 Junii,
987 2042 1155 2074 Dominus
1178 2042 1347 2073 commisit
1370 2045 1575 2084 potestatem
1600 2042 1710 2074 Fratri
1733 2041 1881 2074 Johanni

494 2085 658 2125 Michelle,
685 2086 820 2118 Ordinis
848 2086 1005 2117 Fratrum
1033 2086 1297 2126 predicatorum,
1324 2086 1367 2117 ad
1397 2087 1605 2118 audiendum
1637 2085 1880 2125 Confessiones,

494 2133 568 2169 etc„
585 2133 620 2160 et
642 2130 730 2170 ipsos
753 2129 995 2161 absolvendum
1018 2130 1053 2161 in
1076 2129 1207 2161 casibus
1229 2130 1415 2170 reservatis,
1439 2130 1569 2161 casibus
1591 2129 1760 2162 consuetis
1782 2129 1881 2162 dum-

493 2176 590 2204 taxat
605 2174 764 2215 exceptis,
780 2184 839 2215 per
853 2173 866 2214 3“
884 2184 1021 2206 annum.

450 2224 507 2262 St.
531 2223 684 2262 Austell
703 2237 714 2272 3
748 2224 1051 2272 Condempnacio
1078 2223 1228 2263 Vinarii
1246 2223 1385 2262 Sancti
1402 2224 1624 2271 Austoli‚—

449 2278 548 2317 Item,
565 2278 655 2319 apud
674 2278 914 2317 Launcestone,
927 2289 971 2309 xv
987 2278 1041 2309 die
1055 2278 1179 2310 mensis
1194 2278 1215 2310 J
1219 2279 1299 2318 unii,
1311 2279 1480 2310 emanavit
1495 2278 1695 2311 Mandatum
1711 2278 1879 2310 directum

494 2322 629 2353 Decano
656 2322 697 2353 de
725 2322 858 2353 Poudre
887 2325 922 2353 et
945 2322 1078 2353 Rectori
1102 2322 1248 2353 Ecclesie
1271 2322 1385 2354 Sancti
1409 2322 1572 2363 Stephani
1597 2322 1631 2353 iu
1656 2321 1819 2361 Bramme,
1843 2332 1881 2354 ao

492 2366 595 2397 eciam
613 2365 759 2397 Domino
775 2365 923 2397 Johanni
936 2364 1051 2407 [Noe]‚
1064 2366 1196 2398 vicario
1213 2366 1357 2397 Ecclesie
1373 2366 1486 2398 Sancti
1500 2366 1634 2406 Goroni,
1647 2366 1681 2397 in
1699 2365 1879 2405 Cornubin,

491 2410 534 2440 ad
551 2410 758 2440 monendum
777 2409 959 2440 Dominum
977 2409 998 2441 J
1001 2409 1168 2441 ohannem
1185 2409 1407 2451 Kylmyuant‚
1422 2409 1592 2441 Vicarium
1609 2409 1724 2441 Sancti
1734 2409 1879 2447 Austoli,

492 2453 534 2484 ad
562 2452 836 2484 satisfaciendum
864 2452 971 2484 Priori
997 2456 1033 2484 et
1061 2453 1252 2485 Conventui
1275 2454 1316 2484 de
1339 2453 1591 2494 'waardraithe
1613 2453 1656 2485 de
1677 2455 1754 2485 octo
1776 2452 1880 2493 libris,

491 2496 626 2528 nomine
644 2496 816 2528 Pensionis
832 2507 943 2528 annue
959 2499 1105 2537 quatuor
1121 2507 1308 2528 marcarum
1324 2497 1424 2528 dictis
1448 2497 1620 2538 Religiosis
1635 2496 1769 2535 debitis,
1788 2498 1824 2528 et
1838 2495 1880 2528 ab

490 2540 616 2571 eisdem
633 2551 693 2581 per
707 2543 776 2573 tres
792 2550 896 2571 annos
908 2540 1037 2581 elapsos
1048 2540 1240 2572 subtractis.
1287 2541 1333 2571 Et
1348 2540 1474 2572 habent
1489 2541 1530 2572 ad
1543 2540 1797 2572 certificandum
1813 2539 1879 2572 Do-

492 2584 632 2623 minum,
650 2584 703 2615 vel
720 2584 982 2623 Commissarios,
999 2594 1076 2616 cum
1093 2594 1152 2625 per
1167 2587 1298 2628 partem
1314 2584 1494 2624 dictorum,
1513 2586 1575 2616 etc.

448 2634 715 2684 Illegitimacy
733 2648 742 2682 ;
773 2633 1093 2683 Dispensacio‚—

448 2689 487 2720 In
519 2689 638 2719 favour
665 2688 700 2719 of
731 2689 847 2729 Heni-y
876 2688 1115 2730 Carwynueke,
1146 2687 1245 2729 clerk,
1273 2688 1344 2720 “de
1371 2688 1482 2721 soluto
1508 2689 1643 2730 genitus
1673 2691 1708 2721 et
1737 2688 1880 2721 solutast

490 2732 728 2772 (Launceston,
754 2733 793 2763 16
810 2732 924 2772 June).

450 2782 677 2820 Bradninch
694 2795 704 2829 3
735 2781 890 2820 Licence
911 2788 948 2820 to
968 2782 1213 2829 celebrate,—
1243 2780 1246 2783 ’

449 2837 547 2876 Item,
572 2837 661 2877 apud
686 2836 839 2867 'l'autone
861 2834 1058 2877 [Episcopi],
1083 2847 1128 2868 xx
1151 2836 1206 2867 die
1229 2836 1335 2876 Junii,
1360 2836 1542 2877 [Heni-icus
1558 2835 1732 2879 BernakeJ,
1759 2837 1884 2870 Rector

492 2880 637 2911 Ecclesie
669 2879 870 2911 Parochialis
901 2880 943 2910 de
975 2879 1226 2920 Bradenynche‚
1252 2879 1373 2912 habuit
1397 2880 1582 2912 Liceneiam
1612 2881 1655 2912 de
1684 2880 1884 2913 celebrando

493 2923 624 2963 Divina,
642 2926 718 2962 etc„
742 2923 777 2954 in
803 2923 937 2964 Capella
953 2923 1076 2955 Sancte
1103 2923 1290 2963 Trinitatis,
1307 2923 1395 2956 infra
1417 2923 1611 2956 Parochiam
1634 2934 1731 2956 suam
1745 2924 1882 2965 situata,

491 2977 569 2999 cum
586 2966 706 2998 melius
722 2966 786 2999 sibi
805 2966 976 2998 videbitur
990 2977 999 3004 ;
1022 2966 1196 3009 quamdiu,
1213 2970 1274 2999 etc.
