1988 3256
279 358 375 401 334
503 371 604 404 THE
628 371 875 405 immersa
900 372 960 404 OF
985 372 1165 404 BISHOP
1189 371 1596 406 BRANTYNGHAM.

275 470 353 531 ἔξ·
430 474 589 506 Mandato
612 476 780 507 contentis
803 475 1006 514 abstineant,
1033 475 1098 507 sub
1120 486 1206 516 pena
1230 474 1596 507 Exeommnuicacionis
1626 472 1763 515 Major-is
1785 472 1820 504 in

276 525 380 566 Vol-'L
429 529 584 560 personas
607 519 935 550 contravenieneium
958 522 1060 561 atque
1084 519 1256 551 rebellium
1281 519 1316 551 in
1339 519 1402 551 hac
1424 522 1519 561 parte
1549 529 1607 560 per
1635 517 1820 549 Dominum

430 562 619 604 predictum
637 563 758 595 merito
772 563 994 595 fulminanda.

385 618 584 657 Oratories
598 631 608 665 ;
639 617 803 656 General
821 618 976 656 Licenoe
995 621 1032 656 to
1051 618 1297 663 celebrate,—

385 673 483 712 Item,
500 671 647 703 secundo
663 672 716 703 die
732 672 815 704 dicti
831 672 965 712 mensis,
981 683 1068 703 anno
1084 676 1119 704 et
1135 673 1206 704 loco
1222 672 1391 714 predictis,
1410 672 1578 704 Dominus
1593 669 1756 704 concessit
1767 669 1821 701 Li-

429 715 575 748 cenciam
595 715 710 747 Nobili
725 716 814 756 Viro,
833 716 978 747 Domino
1001 715 1128 748 Jacobo
1153 716 1336 757 Daudeley,
1362 716 1473 756 Militi,
1497 717 1589 758 quod
1613 714 1729 757 possit,
1745 717 1821 753 etc„

430 760 466 792 in
484 758 627 800 Capellis
643 759 712 791 sive
729 760 891 791 Oratoriis
907 759 1060 801 ejusdem
1075 760 1164 791 infra
1179 760 1345 792 Diocesim
1361 760 1586 792 existentibus
1602 758 1822 799 ubicumque;

430 802 593 845 quamdiu
614 803 758 834 Domino
775 803 938 844 placuerit
955 804 1165 836 duraturam.

393 858 628 907 lloborough
650 871 660 905 3
691 855 879 910 [Monicio
898 859 953 896 ad
970 855 1300 911 residendum}—

387 913 486 952 Item,
504 912 625 954 quinto
640 912 694 944 die
711 912 834 944 mensis
850 912 1013 954 ejusdem,
1038 923 1126 945 anno
1149 916 1185 945 et
1206 913 1278 945 loeo
1301 913 1470 954 predictis,
1488 911 1660 944 emanavit
1684 909 1822 943 Manda-

431 960 518 991 tum.
543 956 607 987 sub
629 956 739 997 sigillo
763 957 909 995 Domini,
934 956 1101 988 directum
1126 957 1371 989 Archidiacono
1394 956 1655 997 Barnastapolie,
1673 955 1726 986 vel
1748 954 1824 997 ejus

433 999 583 1038 Officiali‚
600 1000 643 1031 ad
659 1001 866 1032 monendum
884 1001 1067 1032 Dominum
1093 1001 1279 1033 Robertum
1304 1001 1459 1042 Orispyn,
1478 1001 1653 1032 Rectorem
1678 998 1824 1031 Ecclesie

432 1045 474 1076 de
493 1043 709 1084 Rouburghe,
728 1044 831 1085 quod,
850 1044 940 1076 infra
955 1055 1104 1076 mensem
1123 1055 1142 1076 a
1157 1048 1309 1086 tempore
1325 1044 1522 1076 Monicionis
1538 1044 1646 1075 eidem
1661 1042 1823 1081 faciende,

434 1087 652 1129 personaliter
667 1090 702 1119 et
717 1088 938 1120 effectualiter
960 1088 1105 1120 resideat
1127 1088 1162 1120 in
1186 1099 1247 1120 sua
1270 1088 1418 1120 Ecclesia
1441 1090 1627 1129 prenotata,
1651 1087 1715 1118 sub
1738 1096 1825 1128 pena

431 1131 517 1174 juris
535 1142 543 1170 3
566 1131 714 1172 alioquin
731 1131 773 1163 ad
789 1132 1046 1173 proponendum
1062 1142 1195 1163 causam
1213 1131 1445 1164 racionabilem
1457 1142 1570 1174 quare,
1582 1134 1647 1163 etc.
1666 1141 1673 1170 ;
1686 1133 1722 1162 et
1732 1130 1823 1172 quod

432 1175 592 1207 certificet
609 1175 694 1206 citra
711 1175 851 1206 Festum
869 1176 985 1207 Sancti
1002 1176 1094 1207 Petri
1110 1175 1162 1207 Ad
1186 1175 1332 1208 Vincula.

389 1237 694 1286 Testamentary
709 1249 720 1283 3
754 1236 921 1274 Monicio
940 1237 994 1274 ad
1011 1236 1288 1274 ‘restituendum
1307 1237 1405 1274 bona
1422 1235 1663 1285 defuncti,—

389 1291 488 1330 Item,
506 1293 624 1321 octavo
640 1290 695 1321 die
710 1284 834 1321 mensis
850 1290 945 1330 Julii,
968 1291 1059 1331 apud
1084 1291 1178 1330 Clist,
1203 1291 1373 1322 emanavit
1396 1291 1606 1330 Mandatum,
1629 1289 1694 1322 sub
1716 1288 1825 1330 sigillo

435 1333 581 1371 Domini,
598 1333 765 1365 directum
784 1334 925 1365 Decanis
950 1334 1218 1367 Christianitatis
1243 1334 1378 1374 Exonie,
1403 1334 1628 1375 Plymptonie,
1645 1336 1680 1365 et
1696 1332 1823 1373 Aylles-

432 1378 521 1417 bere,
538 1387 666 1408 necnon
683 1377 825 1418 singulis
842 1378 977 1410 Curatis
993 1378 1142 1419 ipsorum
1160 1378 1405 1418 Decanatuum,
1429 1389 1469 1409 ex
1493 1381 1588 1419 parte
1610 1377 1684 1409 Ade
1707 1375 1824 1416 Golde,

434 1421 454 1454 J
458 1421 599 1452 ohannis
622 1421 757 1459 Talbot,
774 1425 810 1453 et
825 1421 990 1453 Johannis
1009 1421 1156 1461 Whiker,
1183 1422 1412 1454 Executorum
1433 1421 1642 1454 Testamenti
1664 1424 1700 1452 et
1721 1420 1824 1451 bono-

434 1475 511 1497 rum
528 1464 853 1496 Administratorum
871 1465 991 1506 Rogeri
1014 1465 1142 1506 Plente,
1161 1466 1251 1497 Civis
1273 1466 1357 1497 dum
1380 1465 1466 1497 vixit
1483 1465 1619 1505 Exonie,
1636 1465 1678 1496 ad
1694 1464 1823 1495 denun-

435 1509 593 1541 ciandum
617 1519 733 1540 omnes
749 1511 785 1540 et
800 1509 949 1550 singulos
971 1509 1277 1542 excommunicatos
1300 1509 1403 1541 fuisse
1426 1519 1464 1540 ac
1486 1519 1556 1540 esse
1572 1508 1631 1550 qui
1646 1507 1823 1550 pecuniam

435 1555 659 1592 numeratam,
677 1563 809 1592 aurum,
827 1553 955 1592 anulos,
971 1563 1009 1585 ac
1025 1553 1198 1585 firmacula
1220 1563 1321 1585 aurea
1336 1557 1372 1585 et
1386 1556 1552 1594 argentea,
1569 1562 1698 1584 necnon
1714 1562 1766 1583 res
1789 1554 1825 1583 et

435 1597 523 1628 bona
539 1596 602 1627 alia
619 1596 772 1637 plurima,
789 1607 855 1637 que
878 1597 990 1628 dictus
1014 1597 1164 1638 Rogerus
1187 1597 1308 1629 habuit
1324 1600 1475 1638 tempore
1491 1596 1610 1628 mortis
1626 1606 1694 1636 sue,
1711 1598 1825 1637 preter

434 1643 469 1672 et
484 1643 601 1671 contra
617 1640 827 1672 voluntatem
845 1640 1013 1672 dictorum
1031 1641 1271 1680 Executmum,
1288 1641 1420 1683 propria
1442 1640 1643 1679 temeritate,
1660 1639 1730 1671 suis
1747 1649 1824 1670 usu·

436 1685 499 1715 bus
515 1684 740 1725 applicabant,
758 1684 915 1725 ipsosque
939 1685 1145 1716 Executores
1167 1685 1350 1725 quominus
1373 1684 1463 1716 dicta
1480 1684 1566 1715 bona
1581 1684 1681 1725 juxta
1696 1683 1823 1715 Volun-

434 1731 540 1759 tatem
558 1727 725 1760 Ultimam
742 1728 925 1759 Testatoris
941 1727 1044 1759 libere
1059 1728 1294 1760 administrare
1309 1731 1472 1770 poterunt
1493 1728 1623 1759 notorie
1638 1726 1822 1768 impedien-

434 1772 487 1810 do,
504 1771 610 1812 ipsam
628 1772 841 1803 Sentenciam
860 1772 1229 1804 Excommunicacionis
1250 1772 1319 1804 late
1334 1772 1368 1804 in
1386 1772 1448 1804 hac
1470 1775 1567 1813 parte
1589 1771 1693 1803 eciam
1709 1770 1823 1802 incur-

432 1815 547 1847 rendo.
595 1815 641 1846 Et
657 1815 784 1846 habent
799 1815 887 1846 diem
912 1815 954 1846 ad
978 1815 1231 1848 certificandum
1256 1816 1441 1848 Dominum
1464 1815 1548 1857 quid
1570 1815 1731 1847 duxerint
1745 1813 1824 1845 faci·

422 1859 559 1890 endum
576 1859 611 1890 in
629 1859 806 1899 premissis,
823 1857 910 1890 citra
932 1859 1073 1891 Festum
1097 1860 1211 1891 Sancti
1235 1860 1327 1891 Petri
1349 1859 1440 1901 quod
1463 1859 1589 1891 dicitur
1611 1858 1663 1890 Ad
1686 1857 1825 1890 Vincula

432 1902 585 1944 proximo
599 1902 669 1944 jam
687 1903 855 1934 futurum.

277 1957 330 2018 {3¹-
388 1957 640 1996 Confessions
656 1971 666 2005 3
695 1958 759 1995 Ad
777 1957 1016 1996 audiendum
1040 1958 1293 2007 Confessiorzes
1312 1958 1478 1996 Domini
1497 1957 1698 2007 Daudeley
1708 1962 1743 1995 et
1761 1969 1826 1994 sue

312 2011 319 2018 '
433 2011 595 2062 familie
614 2012 800 2057 libere,—

389 2066 544 2105 Thomas,
562 2069 637 2105 etc.‚
655 2066 765 2098 Fratri
781 2066 950 2098 Willelmo
973 2066 1014 2097 de
1039 2065 1193 2105 Chedele,
1219 2066 1354 2098 Ordinis
1379 2065 1639 2105 predicatorum,
1664 2065 1819 2104 salutem,

433 2113 493 2141 etc.
500 2110 596 2141 —Ad
611 2110 817 2141 audiendum
834 2111 868 2142 in
884 2110 957 2142 foro
973 2109 1084 2141 anime
1101 2110 1332 2141 confessiones
1346 2109 1476 2141 Nobilis
1488 2109 1560 2141 Viri
1575 2113 1611 2141 et
1626 2108 1742 2141 dilecti
1754 2108 1823 2148 filii,

435 2154 570 2185 Domini
586 2153 713 2193 Jacobi,
731 2154 868 2186 Domini
885 2153 1072 2194 Daudeley,
1086 2153 1364 2194 singularumque
1380 2163 1596 2194 personarum
1613 2153 1715 2184 libere
1727 2150 1822 2184 fami-

433 2197 476 2229 lie
491 2197 597 2238 ipsius
613 2197 750 2228 Domini
766 2197 831 2230 tibi
846 2197 999 2230 confiteri
1015 2197 1213 2236 volencium,
1229 2207 1306 2229 cum
1322 2197 1496 2237 contingat
1511 2196 1623 2238 ipsum
1639 2196 1824 2228 Dominum

433 2241 468 2272 in
485 2244 600 2272 nostra
616 2241 748 2272 Diocesi
763 2241 972 2279 commorari,
989 2241 1137 2282 ipsisque
1153 2252 1213 2281 pro
1229 2240 1413 2272 commissis
1436 2240 1600 2272 salutares
1616 2239 1823 2281 penitencias

434 2284 684 2326 injungendum
701 2295 708 2323 ;
733 2295 862 2317 necnon
879 2286 921 2317 ad
937 2284 1180 2316 absolvendum
1195 2285 1339 2322 eosdem,
1357 2284 1460 2316 eciam
1476 2284 1510 2315 in
1527 2283 1672 2315 casubus
1694 2283 1790 2315 nobis
1804 2293 1825 2315 a

433 2328 510 2370 jure
526 2328 578 2359 vel
594 2329 839 2360 cousuetudine
861 2328 1049 2367 reservatis,
1069 2328 1250 2360 violacione
1272 2328 1294 2360 J
1297 2328 1410 2360 urium
1433 2328 1467 2359 et
1483 2327 1695 2359 Libertatnm
1711 2329 1825 2359 nostre

434 2372 644 2404 cathedralis
661 2372 806 2404 Ecclesie
829 2373 957 2404 Exonie
980 2372 1162 2403 dumtaxat
1184 2372 1342 2413 exceptis,
1367 2371 1579 2412 [facultatem
1606 2374 1723 2402 tenore
1746 2370 1823 2402 Pre-

432 2415 582 2447 sencium
599 2415 826 2456 concedimus]
843 2427 851 2456 ;
875 2427 935 2458 pro
951 2418 1067 2447 nostro
1083 2415 1293 2457 beneplacito
1305 2415 1669 2447 duraturam—Dated
1682 2418 1718 2446 at
1728 2414 1824 2454 cust,

433 2460 473 2491 16
489 2459 582 2500 July.

391 2514 592 2565 Subsidy3
626 2514 863 2553 Mandatum
890 2515 937 2553 de
964 2513 1145 2553 Subsidio
1173 2514 1188 2551 l
1216 2514 1387 2552 millium
1425 2514 1617 2551 librarum
1643 2512 1688 2551 in
1707 2515 1826 2561 parte

444 2575 573 2606 aretro
593 2568 836 2616 existente,—

391 2623 492 2661 ltem,
511 2622 581 2663 xiiij
601 2622 769 2654 Kalendas
786 2623 933 2664 Augusti
949 2623 1004 2663 [19
1021 2621 1119 2662 July]
1130 2621 1220 2663 apud
1234 2621 1428 2662 Cryditone,
1441 2623 1643 2653 emanarunt
1654 2620 1824 2659 Mandata,

434 2665 499 2697 sub
515 2666 623 2707 sigillo
640 2666 786 2705 Domini,
811 2666 1061 2698 Archidiaconis
1084 2665 1222 2704 Exonie,
1245 2665 1413 2704 Tottonie,
1438 2669 1473 2696 et
1498 2664 1756 2705 Barnastapolie,
1780 2663 1823 2695 ad

434 2709 706 2740 denunciandum
724 2720 839 2741 omnes
855 2720 1011 2750 personas
1027 2709 1130 2741 fuisse
1152 2712 1187 2740 et
1210 2719 1280 2740 esse
1303 2708 1617 2747 excommunicatos,
1635 2707 1767 2748 publice
1790 2710 1826 2738 et

434 2753 661 2793 solempniter,
678 2753 711 2784 in
729 2753 884 2784 Ecclesiis
900 2757 935 2784 et
951 2753 1047 2785 Locis
1065 2752 1122 2783 ubi
1139 2762 1266 2783 moram
1282 2752 1437 2791 trahunt,
1456 2762 1522 2792 que
1546 2750 1741 2784 Subsidium
1758 2750 1824 2782 Do-

434 2796 526 2827 mino
547 2796 626 2837 Regi
642 2807 749 2837 nuper
765 2807 958 2828 concessum
969 2797 1121 2828 nondum
1133 2795 1316 2835 solverunt,
1327 2806 1365 2826 ac
1375 2796 1479 2826 eciam
1491 2795 1533 2826 ad
1545 2794 1825 2836 sequestrandum

434 2841 576 2879 fructus,
600 2843 673 2878 etc„
698 2840 891 2879 earundem,
915 2850 1044 2872 necnon
1069 2839 1234 2870 Beneficia
1257 2842 1292 2870 et
1316 2839 1402 2870 Loca
1424 2839 1573 2880 ipsarum
1595 2847 1825 2879 personarum,

436 2893 544 2924 usque
561 2883 749 2924 plenariam
766 2883 1033 2915 satisfaccionem
1049 2882 1155 2914 debiti
1171 2882 1240 2914 sive
1256 2882 1405 2914 Subsidii
1428 2881 1614 2921 memorati,
1639 2881 1825 2913 Interdicto

435 2926 667 2958 Ecclesiastico
682 2926 951 2967 subponendum,
968 2930 1028 2958 etc.
1077 2924 1124 2958 Et
1139 2925 1267 2957 habent
1281 2926 1371 2957 diem
1386 2926 1429 2957 ad
1444 2925 1696 2958 certificandum
1710 2923 1823 2956 Domi-

432 2980 528 3008 num,
547 2970 751 3010 ubicumque
766 2970 871 3002 fuerit
886 2970 922 3002 in
938 2970 1085 3003 Civitate
1101 2969 1153 3002 vel
1170 2969 1311 3010 Diocesi,
1321 2969 1377 3001 die
1391 2969 1487 3002 Lune
1497 2969 1648 3011 proxima
1660 2970 1737 3010 post
1746 2967 1823 2999 Fes-

434 3018 508 3046 tum
526 3013 777 3057 Assuuipcionis
794 3013 898 3046 Beate
915 3013 1026 3046 Mai-ie.
