1988 3256
442 349 727 385 RsGISTsUM
764 347 1222 385 coMMUNs-ANNO
1262 337 1356 380 13⁰.
1560 331 1655 380 487

115 454 189 481 ΑΙ)-
271 457 378 488 clesia
392 459 514 488 nostra
530 457 727 496 Exoniensi,
745 457 800 488 die
818 455 859 498 [a
874 456 976 487 blank
991 454 1118 497 θρασεῖ]
1135 466 1278 487 causam
1294 458 1331 487 et
1346 464 1480 493 causas,
1497 453 1527 484 si
1550 463 1655 494 quam

115 489 190 548 5³3}
198 521 222 549 Ι.
271 501 326 532 vel
342 501 371 532 si
387 512 484 542 quas,
501 501 698 541 legitimam
714 502 769 532 vel
785 501 972 542 legitimas,
988 511 1052 541 pro
1069 511 1105 532 se
1121 500 1276 531 habeant
1291 509 1398 540 quare
1415 499 1460 530 ad
1476 500 1655 548 construc-

271 545 406 577 cionem
423 548 459 577 et
474 546 736 586 reparacionem
753 546 995 578 Cancellorum
1012 545 1224 586 hujusmodi,
1240 555 1281 575 ac
1305 544 1489 575 Librorum
1513 544 1550 573 et
1574 542 1656 572 aho-

271 599 350 620 rum
367 590 673 628 Ornamentorum,
689 590 734 621 ad
757 590 912 630 ipsorum
935 590 1066 621 ibidem
1089 589 1386 627 emendacionem,
1402 586 1655 624 invencionem‚

272 637 308 664 et
324 634 620 666 sustentacionem
634 634 900 675 pertinencium,
911 644 974 674 per
983 633 1163 665 fructuum
1174 643 1317 664 suorum
1331 631 1658 663 Ecclesiasticorum

273 678 597 719 Sequestracionem
614 679 775 719 compelli
791 689 861 710 non
877 678 1038 717 debeant,
1054 678 1092 708 in
1107 677 1223 708 forma
1242 677 1332 718 juris
1348 676 1487 707 divisim
1502 674 1656 716 proposi-

270 722 352 761 turi,
367 723 582 763 ulteriusque
597 723 726 754 facturi
742 725 779 754 et
794 723 969 763 recepturi
983 722 1075 763 quod
1090 721 1233 763 justicia
1255 720 1427 752 suadebit.
1473 719 1658 751 Parochia-

273 777 346 806 nos,
363 770 493 806 autem,
511 767 747 798 Ecclesiarum
771 769 807 798 et
825 767 1047 807 Capellarum
1063 766 1337 807 prescriptamm
1354 775 1396 796 ex
1419 766 1520 805 parte
1535 766 1658 794 nostra

275 811 448 842 moneatis
463 814 500 842 et
515 811 750 843 effectualiter
763 811 948 850 inducatis,
959 813 1000 841 ut
1016 809 1101 851 [ve1‚
1119 808 1223 850 MS.]‚
1234 820 1304 840 non
1321 809 1543 840 obstantibus
1558 807 1659 848 penis

275 858 311 886 et-
337 855 618 896 injunccionibus
640 866 703 896 per
725 858 939 887 memoratos
971 854 1237 886 Commissarios
1264 854 1352 885 alias
1380 853 1486 884 factis
1517 850 1658 892 (quibus

275 900 443 939 derogare
459 900 632 938 nolumus,
649 902 704 931 set
719 910 779 931 eas
794 900 955 930 volumus
971 899 1008 930 in
1024 909 1087 930 suo
1102 899 1226 930 robore
1244 895 1482 939 permanere),
1498 896 1659 928 defectus

276 954 511 985 quoscumque
535 944 571 975 in
595 944 746 984 Capellis
762 944 964 985 hujusmodi
980 946 1016 975 et
1040 943 1198 974 Navibus
1214 942 1460 980 Ecclesiamm,
1478 941 1659 980 Librisque

275 991 313 1019 et
335 989 414 1019 aliis
438 988 663 1020 Ornamentis
685 988 723 1019 in
746 988 961 1019 Visitacione
982 987 1122 1028 prefata
1145 986 1294 1018 detectis
1309 988 1346 1018 et
1361 985 1561 1026 compertis,
1577 995 1659 1025 quo-

277 1042 356 1063 rum
373 1032 532 1072 refeccio,
549 1033 738 1073 reparacio,
755 1035 792 1064 et
808 1032 1024 1064 sustentacio
1039 1032 1084 1063 ad
1100 1042 1159 1063 eos
1183 1032 1226 1062 de
1241 1031 1320 1072 jure
1336 1030 1392 1062 vel
1407 1029 1660 1062 consuetudine

278 1077 450 1108 hactenus
472 1077 606 1108 usitata
629 1079 665 1108 et
681 1077 867 1108 observata
882 1077 1058 1117 pertinere
1074 1076 1250 1114 dicuntur,
1271 1075 1406 1106 faciant
1428 1073 1663 1106 effectualiter

277 1121 434 1161 reparari
449 1121 544 1152 infra
559 1132 686 1152 novem
709 1131 848 1152 menses
871 1131 893 1152 a
916 1123 1074 1161 tempore
1095 1120 1297 1161 hujusmodi
1319 1118 1526 1150 Monicionis
1544 1119 1662 1148 vestre

278 1165 329 1196 eis
344 1165 439 1196 facte
455 1165 620 1197 continue
636 1165 891 1204 numerandos;
907 1175 1055 1206 quorum
1068 1167 1141 1196 tres
1153 1174 1292 1196 menses
1301 1174 1364 1204 pro
1379 1163 1504 1203 primo,
1516 1165 1590 1193 tres
1599 1172 1662 1202 pro

278 1209 441 1248 secundo,
457 1212 494 1241 et
517 1210 669 1251 reliquos
684 1212 758 1241 tres
772 1220 836 1250 pro
860 1209 970 1241 tercio
993 1219 1034 1240 ac
1057 1208 1293 1249 peremptorio
1315 1207 1467 1238 termino
1491 1210 1527 1238 et
1553 1206 1661 1237 Moni-

278 1254 376 1285 cione
394 1254 570 1285 Canonica
586 1254 637 1285 eis
652 1254 824 1293 assignari
837 1254 1008 1292 volumus,
1018 1255 1143 1292 etnos,
1160 1253 1283 1291 eciam,
1300 1254 1421 1283 tenore
1438 1250 1663 1282 Presencium

279 1298 510 1338 assignamus,
520 1298 586 1329 sub
601 1309 693 1338 pena
710 1297 954 1338 Suspensionis
971 1297 1207 1329 Ecclesiamm
1223 1299 1259 1328 et
1273 1296 1496 1336 Capellamm
1507 1294 1662 1335 prefata-

277 1352 356 1372 rum
380 1353 402 1373 a
425 1343 632 1373 Divinorum
648 1342 885 1374 celebracione
908 1342 945 1372 in
968 1341 1111 1380 eisdem,
1135 1344 1171 1372 et
1193 1340 1379 1372 Interdicti
1394 1350 1417 1371 a
1431 1340 1613 1380 sepultura
1628 1338 1665 1369 in

280 1386 331 1417 eis
341 1389 377 1418 et
388 1386 578 1418 Cimiteriis
589 1387 798 1425 earundem;
811 1397 907 1427 quas,
919 1386 1070 1427 quidem,
1083 1385 1327 1426 Suspensionis
1336 1387 1374 1415 et
1384 1383 1569 1415 Interdicti
1582 1383 1664 1414 Sen-

281 1431 415 1462 tencias
430 1431 467 1461 in
484 1431 649 1462 Ecclesiis
665 1434 701 1462 et
718 1431 870 1471 Capellis
887 1430 1102 1469 memoratis,
1115 1432 1150 1461 et
1167 1440 1288 1461 earum
1306 1428 1507 1467 cimiteriis,
1520 1428 1550 1459 si
1565 1437 1664 1467 paro-

281 1474 397 1506 chiani
422 1475 552 1515 prefati
577 1475 831 1506 Monicionibus
854 1475 982 1506 vestris
1004 1474 1216 1516 hujusmodi,
1241 1484 1361 1515 ymmo
1384 1473 1502 1504 verius
1523 1471 1665 1510 nostris,

281 1528 404 1558 parere
428 1519 715 1559 contempserint,
741 1529 839 1550 mora
868 1521 905 1550 et
935 1519 1038 1559 culpa
1067 1529 1188 1550 eorum
1218 1517 1498 1558 precedentibus,
1529 1526 1667 1548 exnunc

281 1565 386 1602 prout
408 1565 538 1594 extunc
560 1563 708 1594 ferimus
730 1563 767 1594 in
790 1563 859 1594 hiis
883 1563 1041 1603 Scriptis.
1088 1563 1134 1593 Et
1149 1562 1233 1603 quid
1255 1561 1412 1593 feceritis
1433 1561 1470 1592 in
1486 1560 1667 1601 premissis

281 1617 349 1647 quo
371 1607 417 1638 ad
441 1607 656 1639 Citacionem
689 1607 820 1639 Decani
844 1610 881 1638 et
913 1607 1066 1647 Capituli
1096 1617 1138 1638 ac
1167 1606 1388 1638 vicariorum
1418 1605 1668 1646 predictorum,

281 1651 483 1682 certificetis
513 1661 587 1690 nos,
619 1652 810 1684 Officialem
840 1654 902 1682 aut
927 1651 1215 1682 Commissarium
1246 1650 1413 1691 prefatos,
1444 1650 1482 1680 in
1513 1648 1669 1680 Ecclesia

283 1698 406 1726 nostra
429 1696 634 1736 prescripta,
657 1696 836 1727 antedicto
855 1695 921 1734 die,
945 1705 1008 1736 per
1031 1695 1168 1726 Literas
1192 1697 1329 1726 vestras
1352 1696 1517 1734 patentes
1543 1693 1669 1724 harum

282 1739 408 1770 seriem
424 1740 655 1771 continentes.
702 1740 802 1779 Quid,
819 1742 950 1778 autem,
967 1739 1012 1771 ad
1027 1739 1259 1780 parochianos
1274 1738 1487 1779 prescriptos
1502 1737 1670 1775 feceritis,

283 1786 320 1814 et
336 1783 402 1824 ipsi
425 1784 462 1814 in
485 1784 664 1824 premissis
688 1784 852 1815 duxerint
874 1783 1087 1823 faciendum,
1109 1794 1183 1822 nos,
1199 1783 1378 1823 prefatum
1395 1782 1598 1820 officialem,
1614 1781 1669 1812 vel

285 1827 583 1867 Commissarium,
593 1828 687 1859 infra
699 1828 919 1868 Quindenam
934 1830 1015 1868 post
1028 1829 1172 1859 Festum
1187 1827 1305 1859 Sancti
1320 1826 1500 1858 Michaelis
1512 1826 1670 1866 proximo

282 1882 377 1947 ἒὲιῐίξ
399 1872 569 1948 futubrgm‚
586 1873 786 1904 certificetis
802 1872 970 1913 legitime,
987 1875 1027 1903 ut
1042 1874 1096 1904 est
1112 1872 1393 1903 moris.—Dated
1407 1873 1445 1902 at
1462 1870 1670 1910 Ghudleigh,

374 1927 471 1948 ecem
518 1927 545 1948 r.

124 1979 197 2045 [last-l
231 1980 477 2029 Cornwood3
518 1981 795 2020 Denunciaaeio
832 1981 1160 2020 excommunicati
1196 1994 1288 2019 cum
1317 1980 1403 2018 alia
1439 1979 1665 2018 exeo-acione

176 2034 183 2040 ’
279 2035 546 2084 facienda,—

240 2090 402 2130 Thomas,
426 2094 503 2130 etc.‚
527 2092 784 2123 Archidiacono
810 2094 931 2123 nostro
954 2091 1127 2130 Tottonie‚
1144 2091 1199 2122 vel
1223 2090 1300 2132 ejus
1325 2090 1482 2129 officiali,
1507 2089 1669 2128 salutem,

284 2135 488 2175 etc—Quia
511 2146 575 2167 nos
598 2136 796 2167 Johannem
822 2136 972 2176 Mareys,
997 2136 1182 2167 Rectorem
1208 2135 1363 2166 Ecclesie
1388 2134 1603 2166 Parochialis
1627 2134 1670 2165 de

285 2179 498 2211 Cornewode
522 2191 558 2211 se
581 2180 767 2219 dicentem,
791 2180 837 2211 ad
859 2180 1134 2220 comparendum
1157 2189 1275 2210 coram
1299 2179 1409 2218 nobis,
1426 2179 1533 2210 certis
1556 2178 1611 2209 die
1636 2181 1673 2209 et

286 2223 362 2255 loco
378 2224 443 2255 sibi
467 2224 512 2255 ad
528 2224 594 2255 hoc
610 2225 766 2264 legitime
783 2224 982 2264 assignatis,
999 2234 1105 2264 super
1118 2223 1274 2264 perjurio
1297 2226 1334 2254 et
1356 2223 1434 2254 aliis
1458 2223 1564 2254 certis
1587 2222 1670 2253 arti-

287 2267 375 2298 culis
391 2268 455 2299 sibi
476 2279 518 2299 ex
540 2268 661 2300 Officio
684 2271 804 2300 nostro
820 2279 918 2300 mero
939 2268 984 2299 ad
1007 2268 1163 2299 debitam
1185 2267 1301 2298 anime
1327 2277 1388 2298 sue
1416 2267 1671 2298 correccionem

287 2312 478 2343 obiciendis
507 2322 755 2353 responsurum
779 2312 1012 2353 personaliter
1041 2312 1200 2350 citatum,
1231 2311 1369 2352 publice
1399 2311 1672 2351 preconizatum,

287 2356 423 2387 diucius
454 2359 688 2396 expectatum,
720 2359 757 2388 et
787 2357 884 2387 nullo
921 2356 1026 2387 modo
1056 2358 1329 2396 comparentem,
1361 2355 1671 2395 pronunciavimus

288 2401 414 2431 merito
430 2404 684 2439 contumacem,
701 2402 738 2432 et
753 2401 868 2441 ipsum
885 2400 921 2431 in
937 2411 1065 2440 penam
1082 2400 1302 2431 contumacie
1318 2399 1520 2441 hujusmodi
1536 2409 1672 2430 excom-

289 2444 545 2476 municavimus
568 2445 605 2475 in
630 2445 786 2485 Scriptis,
809 2444 952 2486 justicia
968 2445 1158 2482 suadente3
1181 2444 1280 2475 vobis
1303 2444 1568 2482 committimus,
1593 2445 1671 2482 etc.,

288 2489 454 2530 quatinus
469 2489 602 2520 dictum
618 2490 638 2520 J
641 2489 816 2520 ohannem
834 2489 974 2529 Mareys
990 2489 1040 2519 sic
1055 2488 1395 2519 excommunicatum
1407 2487 1516 2518 fuisse
1532 2491 1568 2518 et
1585 2497 1672 2526 esse,

287 2532 323 2562 in
349 2532 505 2564 Ecclesia
528 2533 570 2564 de
595 2533 807 2564 Cornewode
823 2532 983 2573 predicta
1005 2535 1042 2563 et
1065 2532 1142 2563 aliis
1166 2532 1433 2570 circumvicinis,
1451 2532 1582 2562 Diebus
1607 2533 1672 2562 Do-

288 2576 426 2608 minicis
456 2579 492 2608 et
525 2577 684 2615 Festivis,
714 2577 810 2608 intra
842 2577 1026 2608 Missurum
1058 2576 1261 2616 solempnia,
1294 2586 1374 2607 cum
1413 2576 1527 2616 major
1557 2575 1594 2606 in
1625 2576 1675 2606 eis

288 2620 430 2651 affuerit
446 2621 565 2661 populi
582 2621 783 2660 multitudo,
800 2620 1020 2652 denuncietis
1035 2623 1072 2651 et
1088 2620 1292 2652 denunciari
1311 2620 1452 2651 faciatis
1466 2634 1473 2657 ;
1497 2631 1518 2651 a
1542 2620 1674 2650 denun-

288 2664 442 2696 ciacione
459 2665 661 2706 hujusmodi
676 2676 746 2696 non
763 2667 941 2696 cessantes
956 2675 1134 2705 quousque
1151 2664 1246 2695 aliud
1270 2674 1291 2694 a
1312 2664 1412 2694 nobis
1428 2664 1622 2695 habueritis
1638 2664 1674 2694 in

289 2708 477 2740 mandatis.
524 2709 660 2748 Citetis,
684 2709 837 2749 insuper,
855 2719 917 2740 seu
941 2709 1043 2740 citari
1067 2708 1217 2747 faciatis,
1234 2708 1478 2748 peremptorie,
1494 2708 1674 2748 prefatum

288 2752 487 2783 Johannem
520 2753 670 2794 Mareys,
694 2753 786 2794 quod
809 2755 1012 2793 compareat
1035 2762 1153 2783 coram
1177 2752 1287 2790 nobis,
1305 2752 1359 2783 vel
1383 2751 1530 2783 officiali
1554 2755 1683 2783 nostro

291 2796 489 2837 Principali,
506 2799 579 2835 aut,
596 2797 633 2828 in
649 2797 759 2837 ipsius
775 2797 949 2834 absencia,
966 2796 1077 2827 nostri
1102 2796 1307 2827 Consistorii
1333 2796 1539 2827 Exoniensis
1563 2796 1674 2827 Presi-

291 2840 396 2871 dente
412 2851 641 2882 quocumque,
659 2841 714 2872 die
732 2841 828 2872 Lune
846 2841 1003 2881 proximo
1026 2843 1106 2880 post
1132 2841 1274 2871 Festum
1300 2839 1494 2880 Epiphanie
1517 2840 1675 2880 proximo

291 2884 462 2923 futurum,
478 2895 584 2925 super
599 2885 754 2926 perjurio
769 2887 806 2916 et
822 2885 899 2916 aliis
915 2884 1021 2916 certis
1041 2884 1197 2915 articulis
1220 2884 1334 2915 eidem
1349 2894 1392 2915 ex
1408 2883 1529 2915 Officio
1545 2887 1674 2923 nostro,

291 2928 336 2959 ad
360 2928 516 2960 debitam
540 2929 656 2961 anime
680 2939 741 2961 sue
761 2929 1027 2968 correccionem,
1044 2928 1109 2959 sibi
1126 2928 1327 2967 obiciendis,
1343 2930 1379 2959 et
1395 2930 1480 2959 tunc
1496 2928 1626 2959 ibidem
1643 2929 1675 2960 ei
