1988 3256
308 364 402 410 398

305 479 380 505 A.D.

305 512 380 539 1379.

304 547 376 577 [Vol.
390 547 443 578 11.]

298 2797 358 2827 [fol.
374 2797 429 2826 29.]

532 378 635 411 THE
661 378 905 412 REGISTER
929 378 989 411 OF
1013 378 1197 412 BISHOP
1220 377 1623 412 BRANTYNGHAM.

451 484 539 523 fuga
557 485 592 514 et
612 482 783 514 evasionis
802 481 955 524 periculo
975 481 1049 513 fieri
1068 484 1198 523 posset,
1220 480 1320 514 nobis
1339 480 1484 514 indilate
1501 480 1845 518 transmitterentur3

456 525 609 568 alioquin
626 526 662 558 in
677 526 763 558 artis
781 525 975 558 carceribus
994 525 1313 567 de[s]cenderentur
1329 528 1364 558 et
1381 524 1445 558 sub
1463 525 1534 557 fida
1549 524 1708 557 custodia
1725 523 1853 556 detine-

454 573 576 602 rentur
590 569 696 601 donec
712 568 807 601 aliud
822 579 926 610 super
940 568 1005 601 hoc
1018 568 1261 601 mandaremus
1274 582 1282 609 ;
1306 568 1496 608 credentes,
1514 571 1683 610 preterea,
1701 570 1854 609 recepta-

454 618 559 655 tores,
578 613 785 653 defensores,
806 616 841 645 et
857 613 1011 645 fautores
1028 622 1147 645 eorum
1163 612 1543 645 Excommunicacionis
1561 612 1744 645 Sentencia
1759 612 1855 643 inno-

456 658 614 690 davimus
628 670 636 697 ;
659 656 892 690 Absolucione
907 657 1073 699 ipsorum,
1091 659 1313 698 preterquam
1329 656 1364 688 in
1381 657 1504 688 mortis
1521 655 1679 695 articulo,
1697 654 1854 687 Romano

451 701 613 734 Pontifici
637 703 824 734 reservata.
873 699 920 733 Et
944 701 1086 742 insuper
1110 699 1325 732 decrevimus
1350 698 1442 741 quod
1467 699 1675 741 quicumque
1700 697 1850 740 aliquem

455 744 691 788 predictorum
717 745 864 777 scienter
888 748 1126 786 presumerent
1153 743 1395 777 Ecclesiastice
1419 743 1556 776 tradere
1583 742 1761 785 sepulture
1787 741 1855 774 Ex-

456 788 732 820 commicacionis
755 787 936 820 Sentencie
960 786 1191 829 subjacerent,
1220 797 1240 820 a
1263 781 1334 830 q‘ua
1357 786 1491 820 absolvi
1514 797 1583 819 non
1607 790 1760 828 possent,
1786 786 1854 819 nisi

455 833 553 874 prius
570 832 721 874 propriis
739 831 898 864 manibus
915 830 1174 864 extumularent
1190 834 1225 864 et
1241 831 1362 873 procul
1380 832 1530 864 eicerent
1548 830 1594 864 ab
1611 831 1854 864 Ecclesia-stica

456 875 636 918 sepultura
660 886 806 918 corpora
829 875 1025 908 eorundem.
1074 876 1122 908 Et
1146 874 1396 917 subsequenter
1419 875 1615 909 districcius
1641 874 1856 908 inhibuimus

455 919 615 952 omnibus
630 923 665 953 et
680 919 825 962 singulis
840 919 972 953 Christi
985 918 1174 961 Fidelibus,
1192 921 1374 961 utriusque
1390 929 1503 959 sexus,
1522 919 1769 960 cujuscumque
1786 920 1854 950 sta-

454 968 523 1005 tuS,
542 963 681 1006 gradus,
700 964 843 1004 ordinis,
861 964 1082 1003 condicionis,
1101 964 1294 1006 dignitatis,
1313 963 1369 997 vel
1385 961 1635 1006 preeminencie
1652 963 1851 1005 existerent,

455 1008 563 1039 eciam
580 1007 609 1040 si
624 1007 746 1050 Regia,
765 1007 937 1049 Reginali,
957 1007 1144 1050 Imperiali,
1164 1007 1219 1040 vel
1237 1007 1444 1047 Pontificali,
1465 1018 1525 1040 seu
1542 1007 1666 1049 quavis
1683 1005 1753 1039 alia
1769 1006 1853 1048 Dig-

454 1051 565 1083 nitate
582 1050 766 1092 fulgerent,
787 1052 897 1084 eciam
914 1052 943 1084 si
960 1055 1073 1086 essent
1091 1051 1216 1085 Sancte
1234 1050 1389 1083 Romane
1407 1050 1559 1083 Ecclesie
1577 1049 1790 1091 Cardinales,
1810 1059 1854 1082 ne

454 1095 489 1126 in
506 1094 729 1135 Civitatibus,
748 1095 891 1136 Castris,
909 1095 1023 1136 Villis,
1041 1095 1097 1128 vel
1113 1095 1216 1128 Locis
1230 1095 1302 1128 suis
1318 1094 1469 1136 aliquem
1484 1094 1719 1137 predictorum
1734 1093 1852 1135 damp-

454 1141 617 1171 natorum
636 1139 784 1171 scienter
801 1139 1005 1181 reciperent,
1027 1149 1087 1171 seu
1105 1138 1173 1172 illis
1192 1139 1235 1171 ad
1253 1138 1312 1171 illa
1330 1138 1464 1171 aditum
1481 1135 1635 1180 prebere,
1656 1137 1712 1170 vel
1730 1137 1775 1170 ad
1793 1136 1854 1169 illa

453 1182 490 1213 in
511 1180 637 1224 quibus
658 1182 806 1224 predicti
827 1182 1019 1225 dampnati,
1043 1182 1100 1215 vel
1122 1182 1247 1224 aliquis
1268 1192 1398 1223 eorum,
1422 1180 1623 1214 habitarent
1644 1180 1700 1214 vel
1721 1190 1854 1212 moram

453 1225 631 1259 traherent
658 1225 773 1267 blada,
803 1227 935 1269 vinum,
967 1236 1097 1266 carnes,
1129 1236 1294 1268 pannum,
1326 1225 1432 1267 ligna,
1464 1224 1643 1265 victualia,
1675 1225 1850 1268 pecunias,

451 1279 593 1311 merces,
615 1279 681 1309 res,
703 1269 760 1301 vel
780 1279 995 1312 quecumque
1015 1269 1107 1302 bona
1128 1269 1196 1302 alia
1231 1269 1275 1302 ad
1297 1280 1416 1302 eorum
1437 1279 1538 1302 usum
1560 1268 1673 1309 utilia,
1697 1272 1849 1311 portare,

452 1314 602 1356 mittere,
623 1314 679 1347 vel
699 1313 842 1354 deferre,
865 1324 925 1346 seu
945 1314 1089 1356 portari,
1113 1317 1174 1346 aut
1193 1314 1300 1354 mitti,
1323 1313 1380 1346 vel
1399 1313 1525 1346 deferri
1546 1313 1659 1346 facere
1678 1323 1850 1355 presume—

452 1361 540 1398 rent,
559 1367 621 1389 nec
636 1367 699 1399 per
714 1357 800 1389 alios
816 1357 1069 1399 quoquomodo,
1090 1357 1119 1389 si
1135 1357 1198 1390 hec
1215 1356 1398 1399 prohibere
1415 1360 1567 1399 possent,
1586 1357 1691 1397 mitti,
1712 1356 1849 1398 deferri,

451 1411 510 1433 seu
533 1402 666 1443 portari
690 1402 942 1443 permitterent.
992 1400 1250 1441 Prohibuimus,
1277 1401 1430 1442 insuper,
1457 1411 1499 1432 ne
1523 1401 1600 1442 quis
1626 1400 1767 1442 aliquod
1792 1401 1852 1432 im-

452 1445 689 1487 pedimentum
707 1449 862 1487 prestare
879 1445 1033 1484 auderet,
1052 1455 1115 1487 per
1130 1455 1167 1477 se
1180 1444 1237 1477 vel
1254 1444 1360 1477 alium
1377 1455 1436 1477 seu
1455 1444 1551 1486 alios,
1569 1443 1708 1486 publice
1724 1444 1781 1477 vel
1796 1455 1851 1477 oc-

452 1488 555 1530 culte,
588 1488 718 1521 directe
748 1488 804 1521 vel
833 1489 1013 1528 indirecte,
1045 1488 1230 1531 quominus
1261 1488 1409 1530 predicti
1439 1487 1625 1528 Robertus,
1658 1487 1848 1527 Johannes,

452 1532 634 1574 Geraldus‚
652 1536 687 1565 et
702 1532 841 1572 Petrus,
859 1536 893 1566 et
910 1532 970 1564 alii
986 1532 1166 1574 dampnati
1183 1533 1341 1574 superius
1359 1532 1539 1573 nominati,
1559 1534 1776 1573 caperentur,
1795 1530 1851 1564 de-

451 1577 657 1618 tinerentur,
688 1580 724 1609 et
753 1576 797 1608 ad
826 1587 889 1609 nos
917 1577 1261 1615 transmitterentur3
1298 1577 1501 1618 quinymmo
1531 1576 1690 1610 omnibus
1719 1577 1851 1610 Christi

452 1619 630 1653 Fidelibus
649 1620 807 1652 districte
824 1620 1036 1662 precipimus
1054 1619 1146 1662 quod
1164 1620 1241 1662 ipsi,
1263 1620 1319 1653 vel
1338 1630 1456 1653 eorum
1476 1619 1634 1663 quilibet,
1655 1623 1853 1662 prestarent

452 1664 500 1696 eis
521 1663 580 1705 qui
600 1663 737 1695 eosdem
757 1673 890 1705 capere,
914 1673 974 1695 seu
994 1667 1115 1706 captos
1136 1664 1295 1705 detinere,
1323 1668 1360 1697 et
1377 1664 1421 1696 ad
1441 1675 1502 1697 nos
1522 1665 1760 1697 transmittere
1781 1663 1849 1696 vel-

450 1706 534 1747 lent,
559 1711 770 1749 oportunum
792 1706 970 1748 auxilium,
995 1707 1188 1748 consilium,
1212 1710 1248 1740 et
1268 1707 1435 1748 favorem,
1459 1708 1519 1750 qui
1542 1719 1610 1740 non
1633 1712 1755 1740 contra
1775 1718 1850 1750 pre-

447 1751 554 1783 missa
575 1750 631 1783 vel
653 1750 794 1793 aliquod
816 1751 1062 1792 premissorum
1086 1751 1250 1791 facerent,
1278 1762 1337 1784 seu
1362 1752 1422 1793 qui
1445 1751 1620 1793 prefatum
1643 1751 1847 1790 Robertum,

450 1795 508 1837 qui
523 1805 558 1827 se
572 1793 784 1827 Clementem
797 1794 932 1836 Papam
945 1794 1112 1835 nominat,
1129 1795 1279 1827 scienter
1291 1794 1425 1837 Papam
1438 1795 1667 1835 nominarent,
1684 1798 1853 1836 tenerent,

453 1838 642 1875 crederent,
670 1848 731 1870 seu
756 1838 985 1879 predicarent,
1016 1838 1045 1870 si
1070 1848 1215 1880 persone
1241 1838 1432 1879 singulares
1458 1838 1847 1878 Excommunicacionis,

452 1882 492 1922 si,
511 1891 605 1921 ver0,
623 1880 862 1914 Communitas
879 1892 939 1914 seu
955 1882 1175 1915 Universitas
1191 1882 1306 1915 forent
1322 1882 1506 1915 Interdicti
1523 1879 1722 1915 Sentencias
1739 1883 1849 1915 incur-

451 1929 567 1957 rerent
582 1935 621 1957 eo
637 1925 724 1967 ipso,
742 1935 782 1957 ac
798 1924 968 1958 Civitates
984 1928 1019 1958 et
1034 1929 1125 1958 terre
1140 1926 1295 1968 ipsorum
1313 1925 1458 1958 aliorum
1476 1930 1632 1959 carerent
1647 1926 1851 1958 commercio

452 1968 656 2010 Civitatum,
675 1972 859 2010 terrarum,
880 1971 985 2010 atque
1002 1968 1168 2009 locorum,
1189 1979 1228 2001 ac
1246 1968 1417 2002 Civitates
1434 1969 1510 2011 ipse
1526 1969 1724 2002 Pontificali
1741 1969 1851 2012 digni-

450 2015 526 2045 tate
544 2023 580 2045 se
599 2015 780 2045 noscerent
800 2012 875 2044 fore
892 2012 1091 2055 privandos.
1139 2012 1189 2045 Et
1206 2011 1367 2046 volumus
1386 2013 1479 2055 quod
1499 2012 1543 2046 ab
1561 2012 1763 2055 hujusmodi
1783 2015 1850 2047 Ex-

452 2056 776 2088 communicacionis
802 2055 986 2089 Sentencia
1008 2055 1124 2089 nullus
1149 2055 1194 2089 ab
1219 2055 1286 2089 alio
1312 2066 1416 2098 quam
1441 2067 1462 2089 a
1485 2056 1642 2090 Romano
1667 2056 1847 2097 Pontifice,

450 2103 672 2142 preterquam
693 2100 729 2132 in
750 2100 873 2132 mortis
896 2098 1056 2139 articulo,
1081 2103 1199 2141 posset
1220 2098 1365 2140 absolvi,
1390 2110 1453 2133 nec
1475 2100 1707 2134 Interdictum
1730 2100 1851 2143 hujus-

449 2143 543 2175 modi
557 2152 620 2185 per
633 2143 740 2175 alium
755 2153 860 2185 quam
873 2153 937 2185 per
950 2142 1096 2175 eundem
1111 2142 1307 2176 Romanum
1322 2143 1528 2177 Pontificem
1541 2144 1689 2177 relaxari
1705 2145 1847 2180 valeret.

451 2185 590 2228 Omnes,
614 2186 766 2228 insuper,
790 2186 850 2228 qui
871 2196 892 2219 a
912 2186 1048 2229 prefato
1069 2185 1234 2226 Roberto,
1256 2190 1426 2229 tanquam
1447 2198 1467 2219 a
1489 2187 1646 2221 Romano
1668 2188 1847 2229 Pontifice,

452 2239 686 2272 quascumque
711 2230 867 2270 Gracias,
894 2229 1150 2272 Indulgencias,
1179 2230 1405 2271 Devociones,
1436 2230 1635 2273 Privilegia,
1665 2232 1850 2275 Dispensa-

448 2275 574 2315 ciones,
594 2284 654 2307 seu
670 2273 881 2314 Prelaturas,
902 2274 1113 2317 Dignitates‚
1133 2276 1354 2315 Personatus,
1375 2286 1435 2308 seu
1453 2277 1573 2318 quevis
1592 2278 1661 2310 alia
1677 2277 1851 2311 Beneficia

450 2317 507 2350 vel
533 2317 666 2359 Officia,
696 2317 942 2351 Ecclesiastica
967 2317 1023 2351 vel
1049 2317 1235 2359 mundana,
1265 2329 1327 2360 per
1353 2330 1390 2351 se
1417 2324 1479 2353 aut
1504 2320 1747 2363 interpositam
1773 2331 1848 2363 per-

451 2371 569 2393 sonam
605 2365 775 2404 peterent,
799 2371 859 2394 seu
880 2361 988 2394 eciam
1010 2361 1152 2403 proprio
1172 2365 1270 2395 motu
1292 2361 1419 2403 oblata,
1443 2363 1582 2404 donata,
1607 2374 1667 2396 seu
1688 2374 1849 2397 concessa

450 2408 672 2447 acceptarent
694 2415 755 2437 seu
777 2405 981 2447 reciperent,
1008 2405 1222 2438 decrevimus
1245 2405 1319 2438 fore
1342 2405 1523 2447 inhabiles,
1550 2411 1585 2441 et
1609 2418 1666 2441 eos
1689 2407 1847 2441 inhabili-

449 2449 614 2490 tavimus,
638 2448 682 2481 ad
704 2448 872 2491 premissa
893 2451 929 2481 et
950 2449 1071 2490 quevis
1093 2447 1162 2481 alia
1184 2448 1358 2482 Beneficia
1380 2450 1624 2484 Ecclesiastica
1646 2450 1846 2491 obtinenda,

451 2495 487 2524 et
515 2492 730 2534 privavimus
760 2492 833 2533 jam
862 2490 1036 2531 obtentis3
1073 2495 1109 2525 et
1138 2492 1394 2534 nichilominus,
1427 2494 1456 2525 si
1487 2504 1635 2535 persona
1664 2495 1754 2529 foret
1784 2497 1850 2529 sin-

451 2535 582 2577 gularis
594 2535 984 2575 Excommunicacionis,
1000 2536 1039 2575 si,
1053 2546 1148 2575 vero,
1162 2535 1401 2570 Communitas
1417 2537 1474 2570 vel
1491 2539 1611 2580 quevis
1629 2538 1850 2573 Universitas

449 2579 643 2617 Interdicti‚
658 2579 873 2611 incurrerent
886 2579 1085 2611 Sentencias
1097 2579 1174 2620 ipso
1184 2578 1278 2611 facto
1291 2591 1300 2618 3
1320 2590 1340 2612 a
1351 2590 1431 2622 qua,
1445 2581 1595 2623 quidem,
1611 2582 1852 2615 Excommuni-

450 2622 599 2654 cacionis
611 2621 794 2655 Sentencia
807 2621 931 2663 aliquis
945 2621 1089 2662 absolvi,
1104 2626 1140 2655 et
1151 2622 1381 2657 Interdictum
1395 2624 1596 2666 hujusmodi
1611 2624 1656 2659 ab
1669 2626 1737 2659 alio
1749 2637 1852 2669 quam

451 2676 471 2697 a
486 2665 643 2698 Romano
660 2665 830 2698 Pontifice
844 2665 991 2698 relaxari
1007 2676 1076 2698 non
1091 2670 1242 2708 possent.
1279 2666 1516 2710 Decrevimus,
1536 2679 1683 2712 quoque,
1702 2670 1776 2703 fore
1793 2668 1850 2703 ab·

451 2708 582 2741 solutos
603 2719 624 2741 a
644 2707 761 2741 debito
782 2708 973 2749 fidelitatis,
997 2708 1162 2750 homagii,
1186 2719 1246 2742 seu
1267 2709 1353 2752 ligii,
1379 2714 1415 2744 et
1435 2711 1578 2746 alterius
1599 2713 1848 2756 cujuscumque

452 2751 619 2795 obsequii,
641 2762 758 2785 omnes
778 2756 813 2785 et
834 2752 987 2795 singulos
1007 2753 1067 2794 qui
1088 2753 1215 2785 eisdem
1235 2753 1445 2796 dampnatis,
1470 2756 1628 2798 superius
1647 2758 1846 2798 nominatis,

450 2797 659 2838 juramento,
678 2795 901 2839 obligacione,
920 2797 1156 2838 promissione,
1176 2797 1414 2840 submissione,
1432 2800 1488 2833 vel
1504 2804 1618 2842 pacto,
1632 2810 1849 2843 quacumque

450 2839 615 2872 firmitate
634 2838 775 2880 vallato,
798 2843 901 2872 antea
918 2839 1067 2873 fuissent
1085 2840 1243 2879 astricti;
1270 2841 1356 2875 alias
1376 2853 1482 2885 penas
1501 2843 1630 2877 eisdem
1650 2844 1848 2887 dampnatis

450 2883 638 2917 infliximus
655 2886 691 2915 et
705 2893 726 2915 a
740 2883 817 2924 jure
832 2883 983 2916 inflictas
998 2883 1212 2918 decrevimus
1228 2886 1263 2918 in
1281 2896 1343 2919 suo
1359 2885 1482 2920 robore
1500 2887 1694 2922 duraturas.
1742 2890 1848 2924 Volu-

450 2937 539 2966 mus,
553 2926 704 2968 insuper,
719 2925 812 2968 quod
827 2936 945 2959 omnes
959 2930 994 2960 et
1009 2926 1136 2969 singuli
1152 2926 1283 2962 Christi
1299 2929 1434 2963 Fideles
1449 2931 1520 2973 qui,
1535 2931 1657 2966 Crucis
1671 2937 1849 2976 assumpto

451 2972 635 3012 caractere,
660 2968 704 3002 ad
726 2969 941 3013 prefatorum
964 2970 1237 3004 scismaticorum
1259 2976 1295 3005 et
1315 2971 1582 3017 dampnatorum
1604 2976 1847 3011 exterminium
