1988 3256
319 383 414 427 492
542 394 642 428 THE
667 393 911 429 REGISTER
934 394 994 427 OF
1019 393 1198 429 BISHOP
1221 394 1626 432 BRANTYNGHAM.

1850 0 1875 30 aff?
1882 0 1988 96 «π’-ἱ

1811 102 1814 103 ⁷
1916 82 1918 85 v
1939 78 1945 84 ·
1972 97 1988 126 ³

1959 137 1961 139 ·
1977 135 1988 162 1

1976 165 1988 408 i

1979 503 1988 564 ἐ

314 495 391 556 {¹38¹}
429 499 483 536 St.
510 497 668 548 Illogan
685 511 695 545 3
724 498 806 535 Pro
825 497 1081 547 repam-acione
1102 498 1430 538 Ecclesie.Sancti
1450 496 1696 550 Illoyani,—

317 554 531 592 v.,1,1,1tem‚
563 553 704 592 ibidem,
730 553 855 584 ultimo
883 553 938 584 die
964 553 1048 584 dicti
1074 554 1215 593 mensis,
1244 555 1415 586 Dominus
1440 555 1593 587 Thomas
1624 554 1858 593 Gottesforde,

473 599 601 629 Rector
626 597 779 629 Ecclesie
803 597 1019 628 Parochialis
1045 598 1164 629 Sancti
1193 599 1354 639 Illogani,
1380 599 1504 631 habuit
1536 600 1690 631 Literam
1718 609 1857 640 repara-

471 642 590 681 cionis,
608 642 777 673 directam
795 642 941 673 Officiali
958 642 1205 674 Archidiaconi
1229 643 1415 675 Cornubie.

424 692 729 746 Testamentary
746 708 757 742 3
786 695 1054 744 Sequestracio
1073 695 1265 734 bonorum
1282 696 1453 735 Domini
1474 697 1615 735 Thome
1640 696 1856 747 Bao-owlby,

480 749 727 789 cancellarii
745 750 844 788 dum
862 749 965 787 vincit
984 749 1291 797 Emoniensis,—

426 807 588 844 Thomas,
606 808 682 844 etc„
699 805 849 836 Vicariis
873 805 1056 845 Perpetuis
1081 806 1316 837 Ecclesiamm
1340 807 1596 839 Parochialium
1621 808 1664 839 de
1688 807 1856 838 Brixham

469 853 506 881 et
522 850 564 881 de
582 850 755 890 Pomeray
773 847 1102 890 [Berry-Pomeroy],
1123 850 1284 890 salutem,
1301 851 1504 883 etc.—Cum
1528 852 1683 883 virorum
1707 851 1854 883 Ecclesi-

469 895 659 926 asticorum
678 894 953 932 Secularium,et
968 894 1132 934 precipue
1150 895 1405 926 Ganonicorum
1423 896 1577 927 Ecclesie
1592 899 1711 927 nostre
1729 896 1855 927 Cathe-

469 939 576 970 dralis
601 938 742 977 Exonie,
760 939 1017 979 Rectorumque
1041 949 1082 970 ac
1098 939 1317 970 Vicariorum
1341 940 1595 980 Perpetuorum
1620 940 1855 972 Ecclesiam
1981 955 1988 959 ·‘

469 984 562 1014 dicte
578 985 698 1014 nostre
716 982 881 1021 Diocesis,
898 982 1215 1023 Testamentorum,
1232 984 1261 1015 si
1277 994 1343 1025 que
1360 985 1590 1024 condiderint,
1604 983 1805 1016 Insinuaci'o
1819 986 1856 1016 et
1980 988 1988 1023 ῑ

469 1027 690 1068 Approbacio
701 1042 708 1065 3
722 1027 761 1066 si,
770 1037 862 1066 vero,
874 1027 918 1058 ab
928 1027 1098 1058 intestato
1108 1028 1331 1068 decesserint,
1340 1028 1510 1060 bonorum
1521 1039 1664 1060 suorum
1674 1029 1855 1060 mobilium
1980 1025 1988 1044 ¹

468 1071 760 1109 Administracio3
785 1071 830 1102 ad
842 1082 906 1102 nos
922 1071 964 1102 dc
982 1072 1234 1103 consuetudine
1250 1073 1417 1104 laudabili
1434 1073 1505 1104 sint
1521 1074 1657 1105 notorie
1674 1073 1855 1111 devolut03
1980 1045 1988 1108 i

468 1127 616 1157 cumque
633 1116 763 1147 nostris
779 1116 825 1147 sit
841 1116 984 1147 auribus
999 1116 1138 1147 noviter
1152 1117 1359 1148 nunciatum
1376 1117 1566 1148 Dominum
1583 1118 1753 1149 Thomam
1770 1117 1854 1148 Bar-

467 1161 585 1202 nolby,
611 1160 866 1192 Cancellarium
891 1160 975 1190 dum
999 1160 1086 1191 vixit
1118 1160 1271 1192 Ecclesie
1298 1164 1418 1193 nostre
1443 1161 1664 1194 Cathedralis
1686 1162 1853 1202 predicte,

468 1206 572 1237 sortis
596 1205 748 1236 humane
771 1204 930 1235 debitum
954 1205 1183 1244 persolvisse3
1207 1216 1251 1237 ne
1275 1206 1367 1236 bona
1390 1206 1532 1237 mobilia
1547 1208 1584 1237 et
1608 1206 1854 1238 Ecclesiastica

467 1260 533 1291 que
549 1249 710 1290 prefatus
726 1249 897 1280 Dominus
914 1249 1065 1280 Thomas
1082 1249 1245 1281 decessus
1261 1250 1314 1281 sui
1331 1252 1488 1291 tempore
1508 1250 1691 1291 optinebat
1713 1260 1851 1282 amove-

466 1297 573 1325 antur
589 1296 722 1325 temere
746 1303 808 1324 seu
831 1293 1055 1333 dissipentur,
1072 1303 1138 1334 que
1162 1294 1199 1324 in
1222 1304 1306 1325 usus
1325 1295 1400 1335 pios
1424 1305 1488 1335 pro
1513 1295 1630 1326 anime
1653 1305 1715 1326 sue
1737 1295 1852 1326 salute

466 1339 585 1370 forent
611 1339 653 1369 de
678 1338 756 1379 jure
781 1337 1028 1376 convertenda,
1054 1337 1097 1369 de
1122 1338 1247 1378 quibus
1270 1339 1508 1370 verisimiliter
1533 1339 1786 1377 formidamus3
1809 1349 1853 1370 ex
1968 1350 1973 1373 ·.

465 1383 533 1414 hiis
557 1382 672 1414 causis
694 1384 731 1413 et
754 1382 831 1413 aliis
854 1381 1022 1422 legitimis
1045 1392 1108 1413 nos
1131 1382 1177 1413 ad
1200 1382 1236 1413 id
1259 1383 1491 1422 moventibus,
1515 1383 1607 1414 bona
1629 1383 1794 1415 universa
1815 1385 1853 1414 et

466 1427 614 1467 singula,
630 1427 668 1457 in
684 1437 981 1467 quorumcumque
993 1426 1155 1457 manibus
1170 1426 1265 1458 infra
1275 1430 1413 1458 nostras
1430 1427 1619 1459 Civitatem
1630 1429 1666 1459 et
1677 1427 1851 1459 Diocesim

465 1471 657 1503 existencia
683 1471 903 1511 ubicumque,
929 1481 995 1511 que
1027 1471 1112 1502 dicti
1137 1471 1278 1502 Domini
1306 1471 1438 1503 Thome
1468 1474 1626 1512 tempore
1651 1472 1704 1503 sui
1735 1471 1852 1503 obitus

465 1517 670 1555 extiterunt,
686 1525 823 1546 necnon
839 1515 987 1554 fructus,
1004 1515 1173 1554 redditus,
1189 1518 1226 1546 et
1241 1519 1432 1556 proventus
1447 1526 1682 1557 quoscumque
1705 1516 1751 1547 ad
1773 1526 1850 1556 pre-

465 1561 579 1592 fatam
611 1560 864 1591 Cancellariam
896 1559 1156 1600 quomodolibet
1179 1563 1389 1600 spectantes,
1417 1560 1723 1601 sequestravimus,
1746 1563 1852 1602 prout

464 1606 525 1636 illa
555 1607 591 1636 et
621 1605 699 1635 illos
722 1606 845 1635 tenore
869 1604 1094 1635 Presencium
1117 1607 1396 1644 sequestramus;
1430 1604 1633 1646 hujusmodi
1655 1605 1768 1636 nostri
1792 1604 1851 1637 Se-

465 1649 597 1690 questri
622 1648 817 1680 custodiam
843 1646 979 1688 [vobis]
1004 1648 1041 1678 in
1065 1648 1215 1679 Domino
1238 1649 1510 1688 committentes,
1535 1649 1626 1680 sicut
1647 1649 1686 1680 in
1709 1659 1849 1680 omnem

465 1696 631 1725 eventum
647 1703 710 1733 pro
726 1692 857 1723 eisdem
874 1695 992 1723 vestro
1007 1692 1187 1724 volueritis
1203 1693 1357 1733 periculo
1373 1693 1593 1734 respondere.
1632 1693 1848 1733 Inhibemus,

464 1739 616 1778 insuper,
633 1737 770 1777 publice
792 1739 828 1768 et
852 1747 1024 1777 expresse,
1041 1739 1077 1768 et
1100 1747 1163 1777 per
1178 1747 1239 1768 vos
1263 1737 1423 1768 volumus
1446 1737 1607 1777 inhiberi,
1623 1748 1668 1769 ne
1684 1738 1761 1779 quis
1784 1738 1850 1769 sub

464 1793 555 1823 pena
575 1782 663 1823 juris
689 1782 916 1822 Sequestrum
939 1784 1100 1812 nostrum
1124 1781 1325 1822 hujusmodi
1347 1784 1528 1822 presumat
1551 1784 1684 1813 temere
1707 1782 1848 1814 violare.

463 1827 581 1865 Vobis,
598 1826 718 1866 igitur,
735 1825 952 1866 conjunctim
968 1828 1004 1856 et
1021 1825 1169 1864 divisim,
1187 1826 1441 1857 committimus
1456 1828 1493 1857 et
1511 1826 1720 1857 mandamus
1736 1826 1848 1867 quati-

463 1882 529 1902 nus
560 1870 761 1911 hujusmodi
794 1870 1020 1910 Sequestrum
1051 1872 1212 1901 nostrum
1243 1880 1306 1910 pro
1337 1870 1500 1910 congruis
1530 1871 1606 1902 loco
1628 1873 1665 1902 et
1688 1873 1847 1912 tempore

464 1915 580 1946 debite
600 1914 795 1955 publicetis,
818 1916 853 1945 et
876 1914 1018 1945 faciatis
1039 1924 1102 1954 per
1122 1914 1209 1946 alios
1231 1925 1327 1946 more
1351 1915 1456 1946 simili
1475 1915 1656 1955 publicari.
1703 1915 1749 1946 Et
1764 1915 1848 1956 quid

462 1960 627 1998 feceritis,
645 1962 722 1998 etc,
738 1958 940 1989 certificetis
963 1968 1026 1989 nos
1049 1958 1138 1989 citra
1168 1959 1343 1990 decimum
1359 1959 1451 1990 diem
1468 1959 1599 1991 mensis
1620 1959 1763 2000 Aprilis,
1786 1969 1850 2000 per

462 2007 608 2043 vestras,
633 2003 861 2034 etc.—Dated
884 2006 922 2033 at
947 2002 1056 2043 myst,
1081 2003 1121 2033 31
1147 2003 1279 2034 March.

305 2055 405 2100 [Apm-
420 2054 872 2104 Letters·Dimiss01·y,—-

306 2089 374 2119 ΗΜ
419 2111 512 2142 John
523 2110 649 2150 Wylly,
661 2109 803 2147 deaccn,
821 2107 839 2121 ‘⁶
848 2108 893 2139 ad
905 2107 1050 2138 Sacrum
1062 2107 1321 2139 Presbiteratus
1334 2107 1500 2139 Ordinem
1510 2107 1528 2120 '’
1545 2106 1672 2149 (Clyst,
1685 2109 1706 2139 5
1717 2106 1848 2149 April).

418 2155 570 2185 William
587 2153 818 2192 Wodebourn,
831 2152 972 2191 deacon,
987 2151 1058 2182 “ad
1077 2151 1222 2182 Sacrum
1240 2152 1703 2198 Presbitemtuwrdinem‘’
1721 2151 1848 2194 (myst,

462 2200 483 2230 8
499 2199 530 2229 Α
556 2198 599 2229 ril
623 2222 629 2229 .

418 2209 569 2274 Thomii's
586 2196 751 2283 Iicsquyt,
768 2241 976 2280 subdeacon,
994 2239 1012 2254 “
1026 2240 1071 2271 ad
1089 2240 1212 2271 Sacros
1228 2240 1442 2272 Diae-onatus
1457 2243 1494 2272 et
1511 2241 1770 2274 Presbiteratus
1785 2241 1847 2273 Or-

464 2287 563 2318 dines
574 2286 593 2299 '’
613 2285 724 2326 (same
741 2284 852 2325 date).

418 2332 569 2363 Thomas
595 2331 699 2370 Cade,
725 2330 933 2368 subdeacon,
958 2328 1033 2360 “ad
1058 2329 1181 2360 Sacros
1205 2329 1420 2361 Diaconatus
1442 2331 1478 2360 et
1503 2329 1762 2364 Presbiteratus
1785 2330 1846 2362 Or-

462 2375 589 2407 dines”
611 2374 738 2416 (myst,
757 2375 799 2405 10
813 2372 943 2414 April).

306 2419 351 2445 fol.
419 2420 535 2460 Philip
553 2420 645 2458 Bole,
696 2418 713 2462 ἶ
747 2419 762 2452 <
774 2418 1000 2456 subdeacons,
1030 2417 1047 2431 ‘⁴
1059 2418 1104 2448 ad
1137 2417 1259 2448 Sacros
1291 2417 1505 2449 Diaconatus
1528 2420 1564 2449 et
1588 2418 1847 2450 Presbiteratus

304 2452 381 2479 1⁰⁵b-
418 2465 509 2496 John
529 2464 683 2505 Gybbys‚
696 2467 711 2502 ‚s
745 2458 760 2501 ὶ
820 2462 968 2494 Ordines
979 2462 997 2475 ’²
1026 2460 1152 2503 (Clyst,
1171 2462 1210 2492 11
1228 2460 1357 2502 April).

416 2509 509 2540 John
527 2509 626 2547 Hele,
643 2507 799 2546 accolito,
818 2507 836 2520 “
849 2507 894 2538 ad
911 2517 1031 2537 omnes
1049 2506 1172 2537 Sacros
1189 2505 1366 2537 Ordines”
1387 2504 1498 2546 (same
1515 2504 1626 2547 date).

418 2554 549 2585 Robert
567 2552 773 2593 Hyrwarde,
791 2551 933 2590 deacon,
951 2550 969 2564 ‘⁴
980 2551 1025 2581 ad
1046 2550 1191 2581 Sacrum
1216 2550 1475 2582 Presbiteratus
1488 2550 1659 2582 'Ordinem
1670 2550 1688 2564 ”
1716 2549 1844 2593 (myst,

462 2598 502 2628 12
520 2595 649 2637 April).

413 2650 690 2701 Ashprington
707 2662 717 2697 5
746 2649 908 2686 Licence
929 2654 966 2686 co
985 2647 1235 2694 celebrate,—

417 2707 519 2745 ltem,
548 2705 688 2744 ibidem,
717 2704 790 2745 xiiij
823 2704 878 2735 die
910 2703 1040 2734 mensis
1071 2703 1239 2744 ejusdem,
1270 2703 1441 2734 Dominus
1471 2703 1650 2735 Johannes
1680 2703 1843 2743 Andrew,

462 2751 589 2782 Rector
606 2749 759 2780 Ecclesie
777 2748 990 2780 Parochialis
1009 2748 1052 2778 de
1077 2747 1370 2787 Ashepringtone,
1388 2747 1511 2778 habuit
1534 2747 1732 2779 Licenciam
1756 2748 1843 2779 cele·

459 2794 594 2832 brandi,
611 2796 647 2825 et
663 2792 832 2824 celebrari
848 2791 1001 2823 faciendi
1018 2791 1145 2822 Divina
1156 2801 1219 2831 per
1234 2791 1446 2831 presbiteros
1461 2792 1626 2832 ydoneos,
1647 2792 1684 2823 in
1701 2791 1844 2832 Capella

461 2838 581 2869 Sancti
606 2838 728 2876 David,
746 2837 839 2867 infra
864 2836 1069 2867 Parochiam
1087 2845 1196 2874 suam,
1212 2835 1248 2866 in
1265 2835 1423 2876 ejusdem
1439 2838 1476 2867 et
1493 2835 1613 2867 Sancti
1638 2835 1733 2867 Petri
1749 2835 1845 2868 dicto

459 2883 504 2914 ad
520 2882 670 2913 Vincula
688 2881 801 2912 Festis
814 2895 822 2919 ;
846 2880 1023 2921 quamdiu,
1040 2883 1106 2911 etc.

412 2934 872 2984 Letters-Dimissory,—-
1908 2983 1910 2986 ι

415 2989 567 3021 Richard
585 2989 690 3028 More,
708 2988 849 3027 dcacon‚
867 2986 886 3001 “
897 2987 942 3019 ad
959 2988 1104 3020 Sacrum
1118 2988 1378 3021 Presbiteratus
1395 2989 1562 3021 Ordinem
1570 2989 1589 3003 ”
1606 2987 1718 3030 (same
1730 2986 1844 3030 date).
1904 3006 1907 3018 2
