1988 3256
376 346 470 391 518

374 459 450 487 A.D.

373 495 475 520 1383-4.

375 527 437 554 Vol.
454 527 475 555 1.

371 1925 417 1951 sol

370 1958 446 1986 llfib.

369 2368 443 2395 onia.

422 2348 432 2354 ·
482 2337 524 2367 In
541 2337 848 2376 Archidiaconatu‚
864 2337 1037 2376 videlicet,
1054 2336 1241 2375 Exonie,-

586 358 687 390 THE
728 356 972 391 REGISTER
1004 356 1064 390 OF
1100 355 1277 390 BISHOP
1315 355 1719 392 BRANTYNGHAM.

532 463 663 495 nostris
695 464 885 507 Ecclesias,
906 475 967 495 seu
993 464 1229 496 Ecclesiamm
1255 464 1451 503 Porciones,
1481 466 1650 505 tanquam
1681 463 1927 505 appropriatus
1975 478 1988 507 ,1

533 508 693 539 detinent
697 509 817 549 ‚quive
834 509 870 539 in
887 509 1011 540 alienis
1025 508 1191 540 Ecclesiis
1201 511 1263 540 aut
1276 508 1455 540 Parochiis
1465 509 1656 540 Pensiones
1665 511 1728 540 aut
1738 507 1927 541 Porciones
1977 512 1988 550 ,1

533 553 668 593 aliquas
693 553 891 594 percipiunt
916 553 1142 591 decimarum,
1169 553 1372 593 Capellasve
1399 563 1461 584 seu
1488 553 1652 584 Oratoria
1675 552 1771 584 infra
1793 548 1926 585 limites

529 597 679 638 alicujus
696 598 874 636 Parochie,
888 598 942 628 vel
958 598 1046 629 alias
1062 578 1362 638 qualitercumque
1379 608 1416 629 se
1426 597 1555 628 habere
1571 597 1896 638 pretendentibusf
1884 606 1924 628 m

531 641 566 671 in
578 642 703 682 quibus
715 642 842 672 Divina
851 642 988 673 faciunt
999 642 1183 680 celebrari;
1194 652 1340 681 necnon,
1352 642 1525 673 universis
1537 642 1754 680 Rectoribus,
1761 641 1924 681 Vicariis,

530 688 566 716 et
582 686 858 727 quibuscumque
874 687 953 718 aliis
977 687 1154 717 Beneficia
1176 667 1424 718 ’Ecclesiastica
1447 686 1689 726 optinentibus
1711 686 1924 727 qualiacum-

530 740 615 770 que·
609 755 616 768 ,
641 731 733 771 quod
749 733 824 761 tam
842 731 1027 770 Ecclesiae,
1044 731 1231 762 Porciones
1244 731 1481 762 Ecclesiarum
1503 741 1564 762 seu
1580 731 1691 762 eciam
1707 730 1925 762 decimarum
1983 739 1988 769 j

531 774 732 815 hujusmodi
750 778 912 806 tenentes
928 778 964 806 et
979 775 1224 826 percipientes,
1241 785 1377 807 necnon
1395 774 1556 815 Capellas
1572 777 1608 806 et
1625 775 1788 806 Oratoria
1802 774 1923 816 hujus-
1985 796 1988 807 2

531 819 626 849 modi
643 830 679 850 se
695 819 824 850 habere
841 820 1010 859 dicentes,
1022 819 1089 861 jus,
1102 819 1130 850 si
1144 819 1236 860 quod
1248 819 1403 850 habeant
1414 829 1518 860 super
1527 819 1613 858 illis;
1629 829 1734 860 quam
1746 819 1923 859 Rectorofl,
1980 823 1988 854 ’ἱ

531 863 673 903 Vicarii,
701 874 742 895 ac
765 864 825 895 alii
851 864 1055 895 Beneficiati
1078 864 1202 895 titulos
1225 874 1315 902 suos,
1340 864 1466 904 quibus
1488 864 1727 895 mediantibus
1750 863 1927 948 Ecclesiss

530 910 592 938 aut
609 908 786 940 Beneficia
802 908 1004 949 hujusmodi
1019 908 1153 939 fuerint
1170 908 1331 947 assecuti,
1343 908 1372 939 si
1388 908 1550 940 fortassis
1565 908 1720 949 plurales
1729 908 1895 940 extiterm

531 952 850 992 Dispensacionem,
869 953 898 984 si
921 963 1026 993 quam
1050 953 1205 983 habeant
1228 953 1264 983 in
1288 963 1330 984 ea
1352 955 1453 993 parte
1470 952 1694 992 Canonicam,
1711 962 1802 992 011111,
1817 961 1926 984 causa
1968 995 1970 997 ,

531 996 757 1028 Visitacionis
773 997 975 1038 hujusmodi
990 997 1213 1036 excercende,
1226 1007 1289 1037 per
1304 1007 1366 1028 vos
1378 997 1433 1028 vel
1445 997 1711 1028 Commissarios
1726 999 1873 1037 vestros,
1882 998 1925 1028 nt

530 1041 566 1071 in
583 1041 677 1072 dicto
695 1042 863 1072 Mandato
879 1044 996 1072 vestro
1013 1042 1222 1080 continetur,
1239 1042 1300 1072 fiet
1316 1041 1488 1072 transitus
1503 1051 1566 1082 per
1580 1041 1732 1082 eosdem,
1748 1041 1872 1073 diebus
1886 1042 1924 1072 et

531 1085 616 1117 locis
632 1096 695 1126 per
709 1086 797 1117 alias
814 1086 951 1117 Literas
967 1088 1104 1117 vestras
1120 1086 1348 1126 designandis
1363 1096 1427 1126 pro
1449 1085 1601 1116 termino
1623 1085 1869 1126 peremptorio,
1885 1087 1923 1117 et

531 1130 596 1160 sub
618 1140 710 1170 pena
724 1130 823 1171 juris,
841 1141 959 1161 coram
975 1130 1075 1162 vobis
1098 1133 1160 1161 aut
1177 1130 1435 1161 Commissariis
1458 1130 1586 1162 vestris
1608 1129 1808 1169 exhibeant,
1824 1129 1920 1161 dete-

530 1181 627 1213 gant,
641 1177 677 1205 et
693 1175 892 1214 ostendant,
904 1175 1015 1206 eciam
1026 1174 1175 1206 fecimus
1187 1174 1402 1205 denunciari.
1450 1174 1617 1215 Quodque
1627 1174 1745 1209 eidem,
1754 1173 1924 1206 Mandane

529 1221 656 1258 vestro,
674 1218 711 1249 in
721 1221 892 1259 quantum
903 1221 1071 1250 contenta
1081 1219 1153 1250 sive
1164 1221 1367 1259 expressata
1376 1219 1413 1249 in
1429 1219 1551 1250 eodem
1561 1229 1748 1259 personam
1762 1220 1922 1250 nostram

529 1266 755 1302 concernunt,
773 1263 957 1304 dignitate,
973 1263 1121 1304 juribus,
1134 1266 1170 1294 et
1181 1263 1493 1294 consuetudinibus
1502 1263 1632 1294 nostris
1645 1262 1922 1304 Episcopalibus,

529 1317 743 1348 personeque
760 1311 879 1339 nostre
895 1318 936 1339 ac
954 1308 1118 1346 Ecclesie,
1137 1307 1311 1346 Civitatis,
1328 1310 1364 1338 et
1380 1307 1536 1338 Diocesis
1552 1310 1754 1339 nostrarum
1768 1306 1920 1348 predict·

528 1362 629 1382 arum
661 1362 798 1392 semper
823 1352 929 1384 salvis
955 1352 993 1382 in
1023 1352 1195 1391 omnibus,
1225 1352 1416 1392 paruimus,
1447 1361 1622 1392 paremus,
1653 1354 1691 1383 et·
1719 1351 1922 1392 parebimus

528 1396 732 1427 obedienter
747 1399 783 1427 et
799 1399 1010 1436 reverenter,
1028 1399 1201 1437 quat-enus
1225 1396 1268 1427 de
1290 1396 1368 1437 jure
1391 1396 1447 1427 vel
1471 1396 1723 1427 consuetudine
1745 1398 1920 1428 tenemur.

529 1439 649 1480 Citari,
673 1441 826 1481 insuper,
850 1441 1000 1472 fecimus
1022 1441 1256 1481 peremptorie
1280 1441 1460 1472 Decanum
1483 1442 1519 1471 et
1544 1440 1746 1480 Capitulum
1763 1439 1919 1472 Ecclesia

527 1487 647 1516 nostre
672 1485 860 1524 antedicte,
882 1495 923 1516 ac
946 1487 1082 1516 ceteras
1105 1485 1277 1516 Personas
1299 1484 1458 1526 ejusdem
1482 1495 1549 1525 que
1571 1484 1779 1517 Visitacioni
1801 1486 1919 1518 vestm

527 1529 697 1561 interesse
722 1532 890 1561 tenentur
920 1530 963 1560 de
994 1529 1247 1560 consuetudine
1271 1529 1327 1560 vel
1352 1529 1394 1560 de
1419 1529 1518 1570 jure;
1552 1539 1700 1570 quorum
1729 1529 1919 1561 citatorum

526 1574 670 1604 nomina
685 1574 722 1604 in
740 1574 872 1605 Cedula
888 1574 1114 1605 Presentibus
1138 1584 1275 1605 annexa
1290 1573 1567 1613 conscribuntur,
1583 1573 1676 1614 quod
1691 1574 1920 1614 00th

527 1628 644 1649 coram
661 1618 769 1658 vobis,
787 1629 848 1650 seu
865 1618 1123 1650 Commissariis
1138 1617 1276 1657 vestris,
1293 1618 1360 1657 die,
1376 1618 1461 1657 loco,
1478 1620 1514 1649 et
1530 1618 1617 1650 hora
1638 1617 1676 1649 in
1691 1617 1786 1650 dicto
1801 1620 1920 1650 vestro
1953 1655 1956 1658 Δ

527 1662 695 1694 Mandato
718 1663 905 1702 contentis,
929 1665 1085 1694 vestram
1108 1662 1359 1694 Visitacionem
1383 1672 1447 1702 per
1469 1672 1541 1701 vos,
1566 1672 1628 1694 seu
1652 1662 1920 1694 Commissa-ios

526 1709 662 1738 vestros
694 1707 723 1739 si
754 1717 825 1749 yos,
857 1707 1090 1747 personaliter
1115 1707 1284 1747 impediti,
1316 1706 1353 1738 id
1379 1706 1496 1738 facere
1521 1707 1714 1747 nequeatis,
1743 1706 1918 1739 Canonioe

525 1751 735 1790 faciendam,
752 1752 856 1791 prout
871 1752 929 1792 jus
950 1751 1058 1791 exigit
1075 1751 1281 1789 admissuri;
1306 1751 1436 1785 facturi
1452 1753 1489 1782 et
1511 1751 1687 1791 recepturi
1710 1750 1803 1792 quod
1816 1750 1920 1792 juxta

526 1806 659 1826 morem
675 1796 901 1827 Visitacionis
917 1795 1118 1837 hujusmodi
1137 1795 1311 1826 Canonice
1328 1795 1539 1826 dictaverint
1555 1791 1775 1827 Sancciones.
1821 1794 1918 1827 Iulii.-

526 1839 610 1878 beri,
637 1840 759 1879 eciam,
786 1840 936 1872 fecimus
961 1840 1093 1871 eisdem
1120 1840 1261 1871 Decano
1288 1842 1324 1870 et
1349 1839 1521 1880 Capitulo,
1546 1849 1588 1871 ac
1614 1839 1741 1871 ceteris
1767 1838 1920 1872 subditis
1944 1870 1947 1874 ,

526 1884 666 1923 nostris,
683 1895 726 1915 ne
743 1885 779 1915 in
796 1884 1029 1926 prejudicium
1045 1886 1162 1915 vestre
1179 1883 1405 1915 Visitacionis
1428 1883 1631 1925 hujusmodi
1645 1883 1807 1915 faciende
1822 1883 1916 1925 quic·
1942 1910 1944 1914 ,

529 1939 633 1968 quam
642 1931 867 1968 attemptent,
879 1932 940 1960 aut
948 1929 1082 1959 faciant
1090 1928 1288 1969 aliqualiter
1295 1928 1673 1968 attemptari—Dated
1680 1929 1718 1959 at
1726 1927 1918 1970 Salisbury,
1946 1927 1948 1931 ’

532 1972 549 1985 “
561 1983 628 2013 quo
644 1973 689 2004 ad
705 1972 1041 2013 consignacionem,'’
1059 1974 1080 2003 3
1098 1972 1439 2011 March.-Nomina‚
1455 1982 1548 2011 vero,
1573 1972 1616 2004 de
1640 1972 1766 2013 quibus
1787 1972 1826 2004 in
1847 1972 1919 2004 isto
1932 1983 1949 2010 ',

528 2017 783 2048 Certificatorio
799 2018 839 2048 fit
855 2017 991 2048 mencio
1006 2017 1043 2048 in
1061 2017 1213 2048 secundo
1228 2016 1313 2047 folio
1328 2017 1530 2057 precedenti
1546 2016 1680 2048 inserta
1696 2018 1789 2048 sunt.

481 2060 773 2109 Appointment
791 2060 834 2098 of
854 2060 1166 2098 Penitentiaries
1179 2072 1190 2107 3
1220 2060 1500 2097 I’em'tenciarii
1517 2059 1760 2108 deputati,—

483 2115 586 2154 Item,
611 2115 704 2155 apud
729 2115 838 2156 Clyst‚
862 2116 998 2146 decimo
1022 2115 1077 2146 die
1105 2115 1235 2146 mensis
1264 2115 1396 2154 Marcii,
1423 2115 1593 2146 Dominus
1619 2114 1804 2155 deputavit
1827 2114 1916 2147 Con·
1939 2138 1942 2142 Α

526 2159 678 2191 sessores
694 2159 730 2190 in
753 2159 1108 2191 Archidiaconatibus
1125 2159 1266 2198 Exonie‚
1291 2159 1463 2198 Tottonie,
1489 2159 1764 2200 Barnastapolie,
1781 2161 1818 2191 et
1833 2158 1917 2191 Cor-

525 2204 642 2243 nubie,
659 2207 699 2235 ut
715 2204 864 2235 inferius
879 2204 1102 2241 continetur3
1126 2206 1162 2234 et
1187 2213 1291 2243 super
1313 2203 1379 2234 hoc
1402 2203 1669 2235 Archidiaconis
1691 2203 1916 2235 Arohidiaoo·
1936 2211 1937 2214 ’

524 2252 673 2279 natuum
688 2248 937 2289 predictorum,
954 2258 1017 2280 seu
1032 2258 1153 2279 eorum
1170 2247 1394 2287 Officialibus,
1407 2250 1662 2279 emanaverunt
1679 2247 1858 2287 Mandata,
1873 2249 1916 2296 ut

525 2292 561 2323 in
577 2292 702 2331 forma,
705 2310 749 2314 —
1937 2297 1940 2301 ¹

481 2382 524 2411 In
540 2382 714 2411 Decavzatu
727 2382 766 2412 de
778 2383 863 2420 Ken,
878 2381 1088 2421 Magistrum
1102 2381 1271 2411 Thomam
1285 2378 1457 2420 [Tuggel]
1471 2382 1507 2411 et
1520 2380 1710 2412 Dominum
1718 2380 1740 2412 J
1741 2379 1918 2412 ohannem

527 2423 768 2466 [Dagenelle]‚
786 2426 828 2457 de
847 2425 1107 2467 Stokeintynhy
1110 2425 1153 2456 de
1177 2428 1212 2456 et
1237 2425 1279 2456 de
1304 2425 1383 2456 Ken
1400 2425 1636 2456 Ecclesiarum
1659 2424 1919 2456 Parochialiun
1931 2431 1936 2473 ἶ·

525 2470 702 2501 Rectores.

480 2514 524 2544 In
547 2514 722 2544 Decumum
746 2514 785 2544 de
812 2515 902 2544 Dona
887 2514 1005 2552 ssorde,
1030 2513 1198 2544 Dominos
1221 2513 1435 2544 Willelmum
1461 2510 1631 2553 [Schute]
1656 2515 1693 2544 et
1716 2510 1935 2545 :Iohannem¹

527 2556 590 2598 [de
608 2556 820 2599 Strattone]‚
839 2559 881 2589 de
899 2558 1134 2589 Tettebourne
1150 2560 1186 2588 et
1202 2557 1401 2588 Whitstone
1418 2557 1653 2588 Ecclesiamm
1672 2557 1848 2589 Rectores.
1932 2581 1937 2589 1*

481 2602 526 2632 In
552 2602 726 2632 Decwnatu
754 2603 793 2633 de
823 2603 1001 2641 Gadebery,
1027 2602 1195 2633 Dominos
1219 2601 1411 2632 chricum
1438 2599 1622 2642 [Borrige]
1647 2603 1684 2632 et
1702 2601 1917 2633 Willelmum

529 2644 653 2686 [Oke]‚
685 2647 728 2677 de
769 2647 972 2687 Shogbroke
1010 2649 1046 2677 et
1085 2646 1128 2677 de
1160 2646 1357 2686 Cadeleghe
1390 2645 1627 2677 Ecclesiamm
1658 2642 1932 2678 Paroehialiun’

529 2689 705 2722 Rectores.

482 2735 526 2764 In
541 2735 716 2765 Deccmatu
739 2735 778 2765 cle
804 2736 995 2774 Turertone,
1013 2734 1180 2768 Dominos
1198 2733 1376 2764 Simonem
1401 2731 1542 2774 [Yem]‚
1560 2734 1744 2765 Rectorem
1761 2732 1917 2766 Ecolede

527 2778 742 2810 Parochialis
755 2779 798 2809 de
812 2779 1019 2819 Sampforde
1031 2776 1226 2819 [Peverel]‚
1240 2780 1276 2809 et
1288 2778 1527 2809 Alexandrum
1539 2775 1773 2820 [Tympeqn]
1781 2776 1915 2810 Victri-

526 2832 585 2853 um
603 2823 758 2854 Ecclesia
775 2823 989 2855 Paroehialis
1005 2823 1048 2853 de
1066 2822 1325 2853 Burlescumbe.

480 2867 524 2896 In
539 2867 714 2898 Decamrtu
737 2867 776 2898 (le
800 2868 982 2906 Plymptm
1007 2867 1175 2898 Dominos
1197 2866 1394 2897 Johannem
1420 2864 1483 2906 [de
1507 2863 1709 2907 Pillaunde]
1734 2868 1771 2897 et
1785 2865 1915 2899 Willel-
1920 2886 1922 2891 ·

525 2921 633 2949 mum,
651 2911 694 2942 de
711 2912 893 2952 Plymptre
909 2916 945 2943 et
962 2911 1206 2951 Kentysbeare
1218 2910 1454 2942 Ecclesiarum
1467 2910 1726 2942 Parochialium
1737 2910 1925 2943 Rectene-¹:

478 2955 522 2985 In
538 2956 713 2986 Decanatu
729 2956 769 2986 de
784 2955 1024 2995 Donkeswfile,
1042 2954 1210 2987 Dominos
1225 2954 1246 2986 J
1248 2954 1423 2986 ohannem
1442 2951 1627 2996 [Wyllys],
1648 2954 1832 2986 Rectorem
1849 2953 1913 2999 Bp-
