1988 3256
298 350 392 396 180

290 464 378 496 [A.D.

292 498 380 530 1372]

291 533 357 559 Vol.

293 567 334 593 ΙΙ.

497 359 599 394 THE
633 358 880 394 REGISTER
916 357 976 392 OF
1011 357 1190 392 BISHOP
1224 355 1634 394 BRANTYNGHAM.

442 469 478 498 et
493 466 587 498 illam
610 465 733 497 dilecto
757 465 874 497 clerico
898 468 1023 503 nostro,
1046 463 1223 503 Reyinaldo
1248 463 1346 503 Galle,
1370 464 1614 496 contulerimus
1637 464 1740 505 Regio
1758 463 1837 506 jure

441 513 567 549 nostro,
583 512 619 541 et
634 509 723 541 idem
739 509 878 541 clericus
894 511 1008 539 noster
1023 509 1063 540 ad
1081 508 1187 547 ipsam
1204 508 1467 549 Preposituram,
1486 508 1614 540 virtute
1637 507 1837 541 Collacionis

442 557 556 585 nostre
572 553 731 594 predicte,
749 553 915 585 Canonice
931 553 977 583 sit
992 552 1167 591 admissus,
1185 555 1220 583 et
1236 562 1308 583 eam
1332 552 1366 583 in
1390 553 1508 584 eodem
1531 552 1607 593 jure
1630 555 1744 583 nostro
1766 551 1837 593 jam

445 598 633 639 possideat:
666 600 715 636 tu,
740 600 864 634 tamen,
889 596 1091 636 pretendens
1114 596 1240 636 primos
1264 596 1396 627 fructus
1418 596 1461 627 de
1483 596 1599 627 eadem
1623 595 1838 636 Prepositura

444 642 553 673 eidem
570 640 716 672 Domino
741 639 882 671 Summo
906 639 1071 678 Pontifici,
1088 639 1219 670 racione
1241 639 1419 680 cujusdam
1446 639 1648 671 Provisionis
1669 639 1749 670 inde
1772 639 1836 670 Ro-

443 685 539 716 berto
556 685 631 715 Hoo
647 694 706 724 per
721 684 831 724 ipsum
850 683 1034 714 Dominum
1052 683 1231 714 Summum
1251 683 1456 723 Pontificem,
1473 693 1681 724 quamquam
1695 683 1739 714 ad
1758 682 1836 714 Pro-

444 729 606 759 visionem
621 727 726 768 ipsius
744 727 880 758 Domini
896 726 1029 758 Summi
1045 726 1217 758 Pontificis
1233 730 1316 758 tunc
1332 737 1400 758 non
1416 727 1600 768 spectabat,
1618 736 1656 758 eo
1679 725 1771 768 quod
1793 726 1837 758 ad

443 772 550 813 ipsam
574 771 863 803 Presentacionem
889 773 1040 801 nostram
1063 773 1146 802 tunc
1168 770 1344 811 pertinuit,
1361 770 1473 809 facte;
1496 770 1696 812 hujusmodi
1711 769 1837 811 primos

442 816 576 847 fructus
599 825 618 846 a
638 814 729 846 dicta
753 814 967 855 Prepositura
994 824 1052 854 per
1077 814 1370 855 Sequestraciones
1396 817 1431 846 et
1455 814 1536 846 alias
1563 814 1728 846 Censuras
1757 815 1837 846 tuas

442 859 552 891 levare
582 858 806 897 demandasti,
832 858 866 890 in
890 857 996 889 nostri
1020 860 1255 898 contemptum
1281 861 1317 889 et
1339 857 1564 900 prejudicium
1588 860 1625 890 et
1649 858 1779 889 Corone
1801 859 1837 889 et

444 902 627 943 Dignitatis
650 905 763 933 nostre
786 902 888 943 Regie
911 901 1070 933 lesionem
1094 901 1317 941 manifestam,
1341 905 1377 933 et
1397 902 1495 934 aliter
1517 912 1619 943 quam
1642 908 1743 933 autea
1765 900 1838 933 fleri

441 946 640 984 consuevit3
663 956 735 985 nos,
758 945 957 987 hujusmodi
978 955 1082 976 novas
1104 945 1336 985 imposiciones
1358 945 1392 977 iu
1416 945 1488 987 ipso
1511 946 1626 986 Regno
1648 948 1764 977 nostro
1779 945 1835 976 de-

441 992 551 1022 cetero
566 989 638 1021 fieri
654 990 818 1028 nolentes,
836 989 901 1020 tibi
917 988 1129 1030 precipimus,
1145 988 1287 1020 firmiter
1302 988 1529 1030 injungentes,
1546 989 1648 1030 quod,
1665 989 1692 1020 si
1708 989 1757 1020 ita
1773 991 1834 1028 est,

439 1037 524 1066 tunc
539 1033 582 1065 ab
597 1033 794 1074 hujusmodi
810 1032 1042 1064 exaccionibus
1057 1032 1099 1063 de
1115 1032 1231 1073 primis
1247 1032 1416 1064 fructibus
1439 1032 1653 1074 Prepositure
1676 1032 1834 1074 predicte,

440 1078 610 1110 occasione
626 1076 774 1118 predicta
797 1075 933 1108 interim
957 1076 1127 1115 faciendis,
1144 1076 1353 1117 supersederi
1375 1077 1580 1115 demandes3
1604 1076 1836 1117 sequestrum,

440 1122 469 1153 si
491 1121 582 1162 quod
605 1131 664 1162 per
686 1123 733 1159 te,
751 1131 809 1151 seu
833 1120 877 1151 ad
900 1119 1099 1151 Mandatum
1123 1122 1235 1159 tuum,
1252 1120 1287 1151 in
1302 1119 1365 1152 hac
1380 1123 1476 1161 parte
1498 1120 1628 1152 factum
1644 1119 1760 1159 fuerit,
1785 1130 1834 1152 re-

439 1166 566 1197 laxans.
616 1164 673 1203 Et,
699 1164 726 1195 si
750 1174 850 1195 causa
871 1163 1080 1194 racionabilis
1110 1163 1279 1195 subfuerit
1301 1174 1404 1205 quare
1425 1164 1461 1196 id
1483 1164 1591 1196 facere
1612 1174 1681 1195 non
1704 1163 1835 1204 debeas,

439 1212 523 1240 tunc
539 1218 599 1239 nos
615 1208 694 1239 inde
709 1208 743 1239 in
762 1207 1000 1239 Cancellariam
1017 1210 1176 1246 nostram,
1192 1206 1257 1239 sub
1272 1207 1381 1248 sigillo
1396 1210 1467 1247 tuo,
1484 1207 1642 1239 distincte
1658 1210 1695 1238 et
1709 1209 1834 1248 aperte,

440 1253 512 1284 sine
528 1251 702 1290 dilacione,
721 1251 841 1295 reddas
863 1250 1035 1289 cerciores,
1053 1250 1116 1282 hoc
1138 1250 1244 1282 Breve
1267 1251 1363 1283 nobis
1385 1251 1776 1283 remittentes.—Tested
1800 1253 1836 1283 at

441 1295 689 1334 Westminster,
707 1296 747 1327 10
764 1295 838 1327 Oct.
860 1293 1079 1336 [1372].—Et
1095 1305 1166 1333 nos,
1190 1294 1286 1326 Sedis
1308 1294 1499 1335 Apostolice
1522 1295 1678 1327 Nuncius
1701 1298 1736 1327 et
1759 1294 1833 1327 Col-

440 1340 547 1371 lector
569 1338 751 1380 predictus,
768 1339 796 1369 si
811 1338 860 1369 ita
874 1342 927 1369 est
943 1340 983 1369 ut
998 1338 1032 1369 in
1049 1338 1114 1369 isto
1130 1338 1237 1369 Breve
1259 1338 1464 1379 continetur,
1489 1338 1709 1380 Sequestrum
1733 1348 1834 1380 appo·

440 1383 557 1422 situm,
577 1382 605 1414 si
621 1382 713 1422 quod
729 1382 783 1422 sit,
800 1385 836 1412 et
851 1381 931 1413 alias
948 1382 1114 1413 Censuras
1136 1385 1278 1421 nostras,
1294 1385 1462 1422 quantum
1483 1392 1663 1424 possumus
1678 1385 1713 1414 et
1735 1382 1834 1414 debe-

440 1437 526 1466 mus,
543 1437 602 1468 per
621 1427 798 1457 Presentes
813 1425 1014 1464 relaxamus,
1033 1435 1210 1466 quousque
1226 1425 1319 1457 aliud
1333 1425 1439 1457 fuerit
1463 1437 1523 1467 per
1544 1426 1642 1458 illum
1664 1426 1708 1458 ad
1730 1435 1833 1468 quem

442 1470 591 1511 pertinet
612 1469 818 1508 ordinatum,
845 1472 880 1500 et
903 1479 1004 1510 super
1024 1468 1086 1500 hoc
1108 1469 1323 1501 concedimus
1345 1470 1447 1511 parti,
1472 1469 1501 1502 si
1523 1469 1678 1510 voluerit,
1704 1470 1834 1502 Literas

442 1517 635 1555 oportun-as.
682 1513 782 1553 Quas,
810 1513 959 1554 quidem,
987 1512 1117 1545 Literas
1144 1513 1208 1544 sub
1237 1512 1346 1555 sigillo
1377 1513 1461 1546 dicti
1494 1513 1690 1546 Collectoris
1719 1510 1850 1555 postea‘

440 1558 588 1590 vidimus
603 1557 774 1599 sigillatas.
1549 1557 1746 1591 SUARDEBY.

290 1618 365 1645 A·D·
396 1617 526 1654 4.—De
541 1617 694 1649 veniendo
709 1616 755 1648 ad
771 1616 1285 1657 Parliamentum.—Edwardus,
1299 1617 1499 1656 etc—Quia
1513 1627 1615 1659 super
1630 1617 1834 1659 quibusdam

290 1651 393 1679 1370-1.

441 1661 556 1693 arduis
580 1664 615 1692 et
642 1660 844 1702 urgentibus
871 1659 1028 1701 negociis,
1053 1662 1127 1700 etc„
1153 1660 1420 1692 Parliamentum
1443 1663 1599 1693 nostrum
1616 1662 1707 1703 apud
1725 1662 1834 1694 West-

442 1704 685 1737 monasterium
699 1704 754 1735 die
771 1704 865 1735 Lune
881 1704 916 1735 in
934 1703 1041 1745 prima
1057 1704 1246 1745 septimana
1256 1704 1527 1745 Quadragesime,
1540 1705 1698 1737 videlicet
1708 1705 1743 1737 in
1756 1705 1832 1738 Fes-

442 1753 479 1781 to
496 1748 611 1781 Sancti
627 1747 766 1786 Mathie,
784 1747 949 1788 Apostoli,
966 1747 1120 1788 proximo
1135 1748 1264 1788 futuro,
1282 1751 1398 1780 tenere
1413 1748 1655 1788 ordinavimus,
1673 1752 1709 1780 et
1725 1749 1830 1781 vobis-

444 1803 519 1824 cum
539 1803 577 1824 ac
593 1792 712 1824 ceteris
728 1791 880 1831 Pmlatis,
900 1791 1125 1832 Magnatibus,
1141 1794 1176 1823 et
1192 1791 1392 1824 Proceribus
1415 1792 1498 1824 dicti
1515 1793 1622 1833 Regni
1638 1793 1746 1824 nostri
1768 1793 1833 1825 col-

444 1836 598 1878 loquium
611 1835 733 1867 habere
745 1838 780 1866 et
795 1835 995 1874 tractatum,
1012 1834 1107 1867 vobis
1124 1835 1158 1866 in
1171 1835 1238 1867 fide
1249 1839 1284 1867 et
1297 1836 1478 1867 dileccione
1490 1836 1616 1877 quibus
1631 1837 1728 1868 nobis
1739 1840 1832 1869 tene-

445 1880 531 1911 mini
546 1880 756 1918 mandamus,
773 1879 915 1910 firmiter
929 1878 1159 1920 injungentes,
1177 1880 1278 1920 quod,
1296 1880 1454 1911 omnibus
1468 1880 1543 1911 aliis
1559 1881 1783 1921 pretermissis
1798 1884 1834 1913 et

445 1923 663 1955 exous-acione
679 1933 893 1964 quacumque
909 1926 1070 1961 cessante,
1087 1922 1142 1954 die
1158 1923 1299 1954 Sabbati
1314 1923 1349 1955 in
1367 1923 1468 1955 Festo
1485 1922 1601 1955 Sancti
1618 1924 1710 1955 Petri
1722 1924 1757 1956 in
1772 1925 1831 1956 Ca-

445 1968 568 1999 thedra
583 1967 735 2008 proximo
750 1966 870 1998 futuro
885 1966 1012 1997 ibidem
1029 1966 1250 2007 personaliter
1265 1967 1442 2006 intersitis,
1461 1970 1586 1999 extunc
1602 1968 1762 2000 continue
1774 1979 1832 2000 no-

446 2012 586 2050 biscum,
604 2013 640 2042 et
655 2021 733 2042 cum
749 2010 869 2042 ceteris
886 2010 1038 2050 prelatis,
1055 2010 1279 2051 Magnetibus,
1290 2014 1326 2042 et
1338 2011 1535 2042 Proceribus
1548 2011 1718 2052 predictis,
1733 2022 1835 2054 super

447 2055 546 2086 dictis
562 2054 707 2095 negociis
722 2054 904 2086 tractaturi
920 2057 1140 2095 vestrumque
1156 2055 1332 2086 consilium
1350 2054 1546 2096 impensuri.
1594 2055 1639 2086 Et
1654 2055 1727 2096 hoc,
1744 2056 1835 2088 sicut

446 2109 507 2130 nos
523 2101 559 2129 et
573 2098 734 2129 honorem
751 2101 907 2129 nostrum
923 2108 960 2129 ac
977 2097 1228 2138 expedicionem
1246 2098 1460 2138 negociorum
1477 2098 1704 2138 predictorum
1724 2100 1832 2140 diligi-

446 2142 502 2182 tis,
519 2141 713 2173 nullatenus
729 2141 906 2173 omittatis.
953 2141 1210 2173 Premunientes
1225 2142 1399 2174 Decanum
1416 2145 1452 2173 et
1475 2142 1672 2184 Capitulum
1690 2142 1835 2176 Ecclesie

447 2188 558 2217 vestre
589 2185 797 2225 Exoniensis,
828 2195 866 2216 ac
894 2184 1155 2216 Archidiaconos
1178 2188 1359 2227 totumque
1383 2186 1519 2218 Clerum
1543 2189 1653 2218 vestre
1676 2186 1834 2228 Diocesis,

446 2230 537 2271 quod
553 2229 654 2260 iidem
672 2229 826 2260 Decanus
841 2231 877 2260 et
895 2228 1128 2261 Archidiaconi
1150 2229 1185 2260 in
1209 2230 1351 2270 propriis
1374 2229 1524 2270 personis
1546 2230 1626 2270 suis,
1641 2240 1679 2262 ac
1701 2231 1834 2264 dictum

447 2272 644 2314 Capitulum
668 2283 727 2314 per
753 2282 872 2312 unum,
899 2272 1056 2313 idemque
1082 2272 1200 2304 Clerus
1226 2283 1285 2314 per
1307 2273 1392 2304 duos
1419 2273 1653 2305 Procuratores
1675 2275 1833 2316 ydoneos,

446 2317 580 2358 plenam
603 2321 638 2348 et
660 2316 882 2348 sufficientem
906 2318 1109 2357 potestatem
1132 2316 1175 2347 ab
1197 2316 1278 2358 ipsis
1301 2316 1459 2357 Capitulo
1481 2319 1516 2348 et
1538 2317 1636 2349 Clero
1656 2317 1831 2359 habentes,

447 2361 539 2392 dicto
554 2360 608 2391 die
624 2360 763 2391 Sabbati
777 2359 903 2392 ibidem
920 2359 1088 2398 intersint,
1104 2361 1147 2391 ad
1163 2360 1407 2392 consulendum
1423 2363 1459 2392 et
1473 2360 1753 2394 consenciendum
1769 2363 1835 2395 hiis

446 2414 512 2446 que
528 2407 611 2435 tunc
626 2403 668 2435 de
683 2403 854 2435 communi
869 2403 1005 2435 consilio
1020 2403 1103 2435 dicti
1119 2403 1225 2444 Regni
1247 2403 1363 2443 nostri,
1380 2403 1524 2435 Domino
1539 2403 1686 2444 favente,
1704 2405 1777 2438 fieri
1799 2410 1835 2439 et

447 2447 594 2479 ordinari
618 2447 797 2488 contigerit
825 2457 927 2488 super
955 2447 1101 2487 negociis
1131 2447 1319 2479 antedictis.
1370 2447 1529 2487 Scientes,
1559 2448 1706 2489 insuper,
1730 2450 1832 2491 quod,

445 2494 582 2533 propter
596 2491 801 2523 arduitatem
817 2490 1031 2531 negociorum
1055 2490 1293 2532 predictorum,
1311 2491 1566 2523 Procuraciones
1582 2502 1641 2523 seu
1664 2493 1832 2526 excusaci-

446 2545 545 2566 onem
560 2534 717 2576 aliquam,
733 2534 884 2575 legitimo
899 2537 1049 2566 cessante
1071 2534 1322 2575 impedimento,
1339 2545 1400 2575 pro
1415 2534 1518 2574 vobis,
1534 2535 1715 2567 admittere
1737 2537 1832 2569 nolu-

445 2588 521 2610 mus
536 2578 601 2609 ista
617 2578 866 2610 vice.--Tested
881 2580 918 2609 at
935 2577 1179 2618 Westminster,
1197 2577 1216 2611 7
1232 2578 1318 2618 Jan„
1333 2577 1580 2611 1370-1.-'rhe
1592 2578 1718 2621 Bishop
1730 2583 1834 2613 wrote

446 2625 482 2653 to
494 2622 545 2653 his
559 2621 881 2663 Official·Principal,
894 2621 960 2652 and
973 2623 1009 2652 to
1024 2621 1083 2652 the
1098 2621 1189 2652 Dean
1205 2621 1273 2661 and
1286 2622 1443 2662 Chapter,
1455 2622 1628 2663 enjoining
1643 2622 1831 2657 obedienoe.

448 2667 515 2697 But
532 2666 566 2696 in
582 2665 641 2697 the
657 2664 786 2706 margin
810 2665 838 2696 is
862 2664 1073 2705 written‚—“
1086 2665 1187 2697 Istud
1210 2665 1315 2696 Breve
1338 2675 1405 2697 non
1428 2665 1549 2697 habuit
1570 2666 1738 2708 effectum,
1753 2668 1833 2710 quia

446 2708 724 2749 Archiepiscopus
740 2719 807 2740 non
824 2709 1004 2750 scripserat
1018 2718 1078 2749 pro
1093 2706 1242 2741 eodem.’'

291 2766 382 2793 101.2.
403 2767 534 2804 5.—Ad
563 2767 827 2808 distrinyendum
857 2767 1052 2809 Episcopum
1074 2771 1104 2799 et
1126 2767 1300 2799 Robertum
1332 2767 1412 2807 Ηοο,
1435 2768 1597 2801 occasione
1626 2769 1834 2811 Prepa-‘ture

446 2811 781 2887 gla⁸ss⁶y⁶'-Tesoed
797 2812 843 2853 by
859 2812 898 2844 R.
914 2812 957 2843 de
973 2811 1113 2853 Thorpe,
1130 2814 1167 2843 at
1182 2811 1430 2852 westminster,
1448 2813 1490 2844 29
1506 2813 1540 2844 N
1541 2823 1592 2844 ov.
1613 2812 1739 2854 [13701.
1778 2814 1834 2847 8oe

480 2865 507 2887 o.
549 2878 556 2885 .

400 2919 533 2955 6.—De
547 2919 745 2952 admittendo
758 2930 927 2962 personam
942 2920 1092 2953 idoneam
1106 2919 1152 2952 ad
1166 2919 1408 2962 Prepesiluram
1419 2920 1775 2962 predictam—'reem
1786 2923 1833 2967 by

446 2963 506 2996 the
521 2974 620 3003 same,
638 2964 679 2995 23
696 2963 783 3004 Jan„
802 2964 930 2998 1370-1.
