1988 3256
294 350 389 395 250

292 466 327 493 A.
332 466 368 494 D.

292 499 367 527 1371.

294 534 355 562 Vol.
368 535 391 564 1.

294 1608 344 1635 fol.

293 1643 355 1669 lssb.

495 361 595 395 THE
630 361 873 396 REGISTER
907 362 968 395 OF
1009 362 1186 396 BISHOP
1227 363 1627 401 BRANTYNGHAM.

447 469 619 511 quatinus,
635 470 724 502 infra
738 470 840 502 unius
857 470 979 502 mensis
994 469 1145 510 spacium
1160 479 1180 500 a
1195 469 1321 502 noticia
1335 471 1500 512 presentis
1522 471 1630 504 nostri
1653 472 1832 504 Processus

445 524 485 545 ac
499 514 533 545 in
550 524 589 545 eo
604 517 853 554 contentorum,
869 525 927 545 seu
945 513 1165 554 requisicione
1180 523 1281 555 super
1295 513 1356 546 hec
1371 515 1461 547 facta
1471 515 1617 555 inantea,
1633 518 1832 557 computan-

446 557 686 599 dum,—quod,
699 558 848 599 quidem,
867 558 1017 599 spacium
1029 557 1077 588 eis
1092 557 1248 589 omuibus
1264 560 1300 590 et
1314 558 1454 600 singulis
1469 570 1529 600 pro
1544 559 1662 600 primo,
1675 559 1832 599 secundo,

445 604 482 632 et
497 601 602 633 tercio
620 602 845 642 peremptorio
861 602 1007 633 termino
1023 611 1061 632 ac
1084 601 1271 633 Monicione
1296 602 1461 634 Canonica
1476 606 1594 635 tenore
1617 603 1832 635 Presencium

445 645 813 686 assignamus,——-vobis,
837 655 896 677 seu
920 645 976 677 alii
998 644 1052 676 vel
1074 645 1157 684 aliis,
1181 645 1224 676 ad
1247 645 1308 677 hec
1330 649 1443 678 vestro
1465 647 1613 688 periculo
1635 646 1832 688 deputando

445 689 499 720 vel
521 689 738 729 deputandis,
764 700 825 730 pro
847 688 1044 730 hujusmodi
1074 689 1198 720 nostris
1229 690 1522 730 procuracionibus
1544 694 1581 722 et
1602 691 1734 723 racione
1757 700 1831 731 pro-

445 732 659 764 curacionum
685 733 850 773 presentis
873 733 973 774 primi
995 732 1085 772 anni,
1102 733 1226 774 quibus
1248 733 1405 766 videlicet
1427 734 1656 775 predictorum
1679 733 1834 775 superius

446 776 701 817 designatorum
731 780 864 817 partem
895 787 992 808 suam
1023 777 1065 808 de
1095 777 1195 808 dictis
1225 776 1357 809 duabus
1379 778 1534 818 partibus
1556 778 1726 811 dictarum
1757 788 1831 818 pro-

445 821 661 852 curacionum
684 824 813 862 quanta
836 821 944 862 major
966 830 1099 852 summa
1121 820 1202 852 alias
1223 820 1257 852 in
1276 821 1479 863 Episcopatu
1494 824 1608 854 vestro
1631 833 1692 863 pro
1714 821 1832 863 hujus-

446 864 538 895 modi
567 865 863 905 procuracionibus
886 865 987 896 nnius
1014 864 1139 905 integri
1161 864 1241 895 anni
1264 865 1382 897 extitit
1404 866 1576 906 persoluta
1597 866 1724 907 absque
1747 865 1832 897 diffi-

445 908 575 939 cultate
605 908 785 949 persolvat.
844 908 920 948 Vos,
945 918 1088 950 quoque,
1114 908 1299 940 Dominum
1321 909 1535 950 Episcopum,
1562 910 1722 949 Vicarios,
1754 909 1832 941 Offi-

446 951 554 991 ciales,
594 952 647 983 vel
681 952 911 984 locatenentes
947 951 1125 993 predictos,
1164 955 1200 984 et
1236 955 1389 984 vestrum
1427 953 1627 994 quemlibet,
1660 953 1761 985 modo
1798 956 1835 984 et

445 995 554 1027 forma
591 995 753 1036 predictis
793 996 998 1037 requirimus
1035 998 1071 1027 et
1109 1006 1295 1035 monemus,
1325 996 1487 1038 vobisque
1524 997 1762 1029 nichilominus
1799 999 1836 1028 et

446 1042 599 1071 vestrum
622 1039 771 1079 cuilibet,
798 1039 1012 1071 Auctoritate
1034 1039 1195 1080 predicta,
1218 1039 1439 1081 injungimus
1463 1043 1538 1080 etc„
1555 1041 1728 1082 quatinus,
1746 1040 1836 1072 infra

446 1082 548 1114 unius
572 1083 696 1114 mensis
719 1083 869 1124 spacium
885 1094 905 1115 a
921 1084 976 1115 die
990 1083 1193 1124 recepcionis
1210 1083 1426 1115 Presencium
1449 1085 1726 1125 computandum,
1743 1083 1835 1126 quod

446 1127 598 1167 spacium
614 1127 719 1166 vobis,
738 1130 774 1159 et
790 1132 943 1159 vestrum
960 1127 1109 1166 cuilibet,
1126 1137 1187 1168 pro
1203 1128 1430 1168 peremptorio
1446 1128 1594 1159 termino
1608 1138 1647 1160 ac
1664 1127 1833 1160 Canonica

449 1170 636 1202 Monicione
659 1171 877 1212 assignamus,
902 1174 1093 1212 presentem
1118 1174 1273 1202 nostrum
1299 1171 1496 1203 Processum
1512 1174 1548 1203 et
1563 1174 1725 1204 contenta
1743 1171 1778 1203 in
1795 1181 1834 1203 eo

446 1214 490 1246 ad
506 1214 665 1246 noticiam
683 1215 835 1246 omnium
851 1218 887 1246 et
910 1215 1121 1255 singulorum
1144 1215 1313 1246 dictarum
1338 1215 1496 1247 Civitatis
1517 1218 1554 1247 et
1577 1215 1725 1247 Diocesis
1748 1225 1832 1255 quos

445 1268 582 1299 presens
600 1258 713 1299 tangit
730 1259 905 1299 negocium
928 1258 1103 1297 deducere,
1127 1258 1292 1300 ipsosque,
1316 1269 1377 1299 per
1400 1270 1457 1290 vos
1473 1259 1527 1290 vel
1541 1259 1645 1291 alium
1662 1269 1721 1291 seu
1737 1259 1829 1298 alios,

445 1302 617 1343 requirere
633 1312 735 1343 super
750 1302 814 1334 hiis
830 1302 944 1334 debite
960 1306 995 1333 et
1010 1301 1152 1334 sollicite
1175 1302 1373 1343 procuretis,
1396 1302 1587 1334 adhibendo
1617 1302 1830 1344 diligenciam

447 1345 599 1377 debitam
616 1346 649 1377 in
667 1346 852 1387 colligendo
868 1350 904 1378 et
919 1346 1110 1387 recipiendo
1126 1346 1302 1387 pecuniam
1319 1346 1598 1387 procuracionum
1620 1346 1829 1388 hujusmodi,

446 1400 484 1421 ac
501 1390 714 1429 Collectores,
732 1400 791 1421 seu
803 1390 1071 1428 subcollectores,
1087 1400 1172 1430 quos
1186 1390 1230 1421 ad
1245 1389 1308 1422 hoc
1324 1390 1579 1431 deputaveritis,
1600 1390 1772 1422 reddendo
1786 1389 1830 1422 ad

445 1433 509 1465 hoc
531 1433 700 1466 sollicitos.
747 1433 899 1475 Insuper,
925 1436 1050 1472 tamen,
1067 1433 1256 1474 predictam
1278 1434 1456 1475 pecuniam
1478 1434 1616 1476 majoris
1637 1444 1770 1466 summe
1785 1433 1830 1466 ad

445 1487 546 1518 quam
563 1477 598 1508 in
616 1477 764 1509 Civitate
776 1480 812 1509 et
825 1478 956 1509 Diocesi
969 1477 1129 1518 predictis
1140 1477 1337 1519 hujusmodi
1349 1478 1416 1509 due
1427 1481 1540 1519 partes
1551 1478 1830 1519 procuracionum

445 1521 612 1562 presentis
627 1521 729 1562 primi
751 1521 830 1553 anni
853 1521 1051 1560 ascendunt,
1076 1531 1144 1552 una
1166 1532 1244 1553 cum
1268 1526 1365 1563 parte
1387 1522 1520 1554 racione
1543 1522 1730 1562 fructuum,
1754 1522 1828 1554 red-

445 1565 592 1605 dituum,
611 1567 847 1605 proventuum,
860 1569 897 1597 et
912 1546 1155 1596 obvencionum
1172 1568 1372 1605 vestrarum,
1389 1576 1448 1597 seu
1464 1566 1506 1597 ad
1519 1576 1668 1598 mensam
1682 1569 1830 1598 vestram

447 1609 679 1650 Episcopalem
704 1611 890 1650 spectante,
918 1619 977 1640 vos
1005 1619 1066 1650 pro
1091 1608 1191 1641 dictis
1220 1609 1353 1641 duabus
1379 1609 1534 1650 partibus
1559 1609 1729 1642 dictorum
1753 1620 1828 1652 pro·

447 1652 663 1684 curacionum
680 1653 846 1694 presentis
863 1652 963 1694 primi
977 1652 1058 1684 anni
1073 1653 1359 1694 contingentibus,
1382 1653 1471 1685 infra
1494 1653 1579 1685 duos
1593 1664 1726 1686 menses
1740 1664 1760 1685 a
1775 1653 1831 1686 die

445 1696 569 1728 noticie
579 1697 744 1737 presentis
757 1697 865 1729 nostri
878 1697 1055 1728 Processus
1066 1697 1218 1738 proximo
1230 1700 1419 1738 sequentes,
1432 1707 1516 1738 quos
1526 1697 1621 1729 vobis
1637 1708 1697 1739 pro
1708 1697 1828 1739 primo,

445 1740 602 1780 secundo,
614 1743 687 1780 etc„
699 1740 893 1781 prefigimus
909 1751 947 1772 ac
962 1740 1067 1772 eciam
1078 1740 1297 1781 assignamus,
1313 1741 1357 1772 ad
1374 1741 1557 1773 Civitatem
1569 1741 1829 1781 Londouiarum,
1856 1763 1858 1765 v

445 1784 567 1816 vestris
582 1786 618 1816 et
633 1784 783 1825 ipsorum
799 1785 994 1825 sumptibus
1009 1787 1045 1816 et
1067 1784 1233 1825 expensis,
1258 1787 1336 1817 tute
1359 1785 1515 1817 mittatis
1563 1785 1714 1817 Scientes
1738 1785 1830 1827 quod

445 1838 590 1869 expense
606 1827 805 1869 hujusmodi
825 1828 867 1859 ad
886 1831 1019 1860 tantam
1042 1838 1210 1860 summam
1234 1839 1449 1870 nequaquam
1465 1829 1650 1861 ascendent
1664 1829 1708 1860 ad
1723 1839 1828 1871 quan-

445 1874 522 1903 tum
539 1872 760 1903 ascenderent
774 1872 831 1903 ille
846 1882 940 1913 quas,
955 1871 1055 1912 juxta
1070 1874 1276 1913 potestatem
1293 1872 1389 1904 nobis
1405 1883 1423 1903 a
1440 1873 1526 1904 Sede
1543 1873 1736 1914 Apostolica
1751 1883 1828 1905 con-

448 1925 585 1954 cessam,
601 1926 660 1947 vos
676 1918 850 1956 oporteret
864 1916 988 1954 subire,
1009 1915 1233 1947 ministrando
1248 1916 1433 1947 necessaria
1449 1916 1590 1948 Nunciis
1606 1916 1732 1948 nostris
1746 1926 1830 1958 quos

446 1959 618 1990 occasione
640 1959 837 2000 hujusmodi
860 1969 921 1991 nos
943 1959 987 1990 ad
1006 1970 1065 1991 vos
1087 1959 1263 2000 continget
1284 1959 1479 1999 destinare3
1510 1960 1705 2002 dictamque
1720 1962 1831 1992 totam

448 2003 626 2044 pecuniam
656 2003 745 2034 infra
777 2003 928 2034 eundum
959 2003 1145 2034 terminum
1178 2003 1433 2035 Venerabilibus
1460 2006 1495 2035 et
1524 2003 1700 2045 Religiosis
1725 2004 1829 2043 Viris,

445 2047 613 2078 Lewensis
636 2049 673 2078 et
695 2047 738 2078 de
762 2047 1033 2088 Bermundeseye
1058 2046 1274 2078 Prioratuum
1291 2047 1474 2086 Prioribus,
1492 2047 1772 2080 Procuratoribus
1794 2050 1831 2080 et

449 2089 692 2132 Receptoribus
721 2090 856 2130 nostris,
880 2090 924 2122 ad
946 2090 1009 2122 hoc
1031 2090 1219 2131 specialiter
1241 2090 1448 2130 constitutis,
1475 2091 1619 2132 persolvi
1641 2091 1773 2123 faciatis
1794 2093 1831 2123 et

447 2134 552 2166 eciam
568 2133 739 2174 assignari,
757 2134 809 2165 vel
825 2144 898 2165 eam
914 2134 958 2165 ad
973 2134 1082 2165 locum
1099 2134 1159 2165 ubi
1174 2134 1356 2175 contigerit
1371 2144 1431 2166 nos
1447 2137 1531 2166 tunc
1543 2145 1622 2174 esse,
1635 2135 1664 2166 si
1674 2135 1828 2167 malueri-

448 2178 503 2217 tis,
517 2181 558 2209 nt
573 2178 797 2218 premittitur,
814 2178 1002 2209 destinetis.
1049 2177 1283 2210 Certificantes
1298 2188 1358 2219 per
1373 2181 1502 2210 vestras
1518 2181 1674 2219 patentes
1689 2178 1829 2218 Literas,

447 2231 506 2254 seu
530 2221 709 2253 Publicum
732 2221 1015 2260 Instrumentum,
1033 2232 1101 2260 nos,
1118 2222 1171 2253 vel
1187 2221 1319 2253 dictum
1335 2222 1590 2254 Procuratorem
1606 2225 1772 2264 nostrum,
1787 2222 1831 2254 de

447 2265 501 2297 die
516 2265 718 2306 recepeionis
736 2265 960 2304 Preseneium,
977 2265 1019 2297 de
1036 2265 1135 2297 modo
1151 2268 1187 2297 et
1198 2265 1450 2306 quantitatibus
1469 2266 1737 2307 imposicionum,
1754 2269 1828 2298 tax·

446 2309 612 2349 acionum,
629 2312 666 2341 et
680 2309 890 2341 solucionum
901 2319 939 2340 ac
951 2308 1190 2341 Beneficiorum
1204 2319 1354 2348 suorum,
1367 2319 1427 2351 per
1435 2310 1565 2342 rotulos
1576 2320 1635 2342 seu
1647 2313 1830 2351 quaternos

446 2352 510 2384 sub
527 2353 714 2394 Episcopali
729 2357 790 2384 aut
807 2353 906 2385 Curio
931 2352 1134 2403 Episcopalis
1156 2353 1264 2393 sigillo
1286 2353 1442 2393 inclusos,
1458 2356 1494 2385 et
1515 2354 1558 2385 de
1579 2354 1737 2386 omnibus
1758 2355 1832 2388 aliis

445 2400 481 2428 et
499 2396 640 2437 singulis
655 2407 722 2438 que
744 2396 888 2428 feceritis
910 2396 944 2428 in
962 2396 1139 2437 premissis.
1186 2396 1354 2438 Alioquin,
1371 2397 1399 2428 si
1414 2407 1482 2437 vos,
1498 2401 1560 2429 aut
1574 2398 1733 2438 Abbates,
1749 2401 1830 2439 ete,

445 2440 598 2482 superius
614 2440 788 2481 designati,
799 2451 857 2472 seu
874 2451 958 2481 quos
973 2439 1170 2481 hujusmodi
1186 2440 1359 2481 negocium
1376 2441 1496 2482 tangit,
1509 2445 1571 2473 aut
1585 2452 1700 2473 eorum
1716 2442 1831 2484 aliqui,

445 2485 480 2515 in
497 2484 666 2524 premissis
681 2489 742 2516 aut
757 2483 994 2525 piemissorum
1010 2483 1123 2524 aliquo
1135 2484 1395 2515 contradictores
1411 2495 1469 2516 seu
1482 2485 1713 2517 inobedientes
1728 2485 1830 2518 fueri-

446 2528 491 2559 tis
508 2527 559 2559 vel
572 2528 736 2567 rebelles3
759 2531 820 2559 aut
835 2527 864 2559 si
881 2538 949 2566 vos,
969 2527 1021 2558 vel
1038 2527 1239 2559 Collectores
1255 2527 1404 2568 predicti,
1423 2528 1513 2560 ultra
1535 2529 1701 2570 predictas
1723 2539 1829 2571 quan·

447 2571 563 2603 titates
579 2575 615 2603 et
630 2572 818 2603 moderatas
834 2581 994 2612 expensas
1009 2581 1093 2612 quas
1108 2570 1278 2603 occasione
1294 2571 1531 2612 premissorum
1548 2572 1619 2604 fieri
1641 2573 1830 2614 contigerit,

445 2625 506 2655 pro
521 2615 647 2646 eisdem
663 2615 796 2647 duabus
811 2615 963 2656 partibus
979 2615 1254 2665 procuracionum
1270 2614 1394 2646 debitis
1416 2626 1476 2656 per
1491 2626 1558 2655 vos,
1575 2627 1635 2648 seu
1656 2616 1761 2648 alium
1777 2616 1831 2649 vel

445 2658 537 2697 alios,
554 2658 698 2691 scienter
712 2658 902 2700 receperitis
923 2669 983 2690 seu
1006 2658 1185 2699 exigeritis,
1201 2661 1359 2699 pretextu
1382 2658 1580 2700 hujusmodi
1602 2663 1717 2692 nostre
1733 2660 1831 2692 Gom·

446 2702 622 2742 missionis,
640 2702 734 2735 vobis
749 2702 894 2734 Domino
911 2702 1084 2743 Episcopo,
1100 2702 1154 2734 cui
1177 2702 1212 2733 in
1228 2701 1290 2733 hac
1305 2705 1400 2743 parte
1416 2703 1459 2734 ob
1474 2703 1699 2736 reverenciam
1716 2703 1830 2736 Ponti-

446 2745 549 2777 ficalis
564 2746 739 2787 dignitatis
754 2746 946 2785 deferimus,
962 2745 1072 2787 spacio
1087 2755 1145 2777 sex
1161 2745 1292 2777 dierum
1315 2746 1357 2777 ad
1380 2747 1595 2787 purgandum
1619 2757 1747 2779 moram
1770 2757 1830 2780 seu

445 2789 580 2830 culpam
602 2790 637 2821 in
661 2790 802 2830 singulis
823 2800 927 2831 supra
948 2792 982 2821 et
1003 2789 1090 2821 infra
1106 2789 1268 2830 injunctis
1283 2789 1427 2829 indulto,
1444 2793 1480 2822 et
1495 2801 1555 2832 pro
1571 2790 1738 2823 Canonica
1759 2791 1830 2823 Mo-

446 2832 576 2865 nicione
600 2834 770 2875 premissa,
786 2833 815 2865 si
837 2833 1074 2865 nichilominus
1097 2833 1313 2874 perstiteritis
1335 2833 1370 2865 in
1393 2833 1492 2875 culpa
1513 2844 1572 2866 seu
1596 2844 1689 2866 mora
1711 2833 1829 2876 hujus·

446 2876 548 2916 modi,
572 2877 760 2918 ingressum
791 2876 938 2909 Ecclesie
959 2876 1191 2908 interdicimus
1213 2876 1248 2908 in
1271 2876 1336 2908 hiis
1357 2877 1498 2918 Scriptis
1517 2887 1526 2916 ;
1557 2880 1594 2910 et
1614 2877 1644 2910 si
1665 2887 1726 2919 per
1747 2877 1830 2910 alios

445 2930 504 2951 sex
526 2920 597 2952 dies
620 2921 728 2953 dictos
750 2931 809 2952 sex
830 2919 1013 2952 inmediate
1035 2923 1223 2961 sequentes,
1239 2921 1331 2961 quod
1346 2920 1440 2953 vobis
1463 2921 1567 2953 eciam
1587 2931 1648 2962 pro
1664 2920 1831 2954 Canonica

446 2962 635 2996 Monicione
657 2964 875 3006 assignamus,
899 2963 1126 2996 Interdictum
1149 2963 1346 3006 hujusmodi
1367 2965 1607 3004 sustinueritis,
1627 2975 1685 2996 vos
1707 2965 1742 2996 in
1765 2964 1830 2998 hii·
