1988 3256
476 349 764 384 REGISTRUM
801 347 1264 384 COMMUNE—-ANNO
1302 338 1364 382 30.
1601 338 1696 382 319

150 451 226 512 1⁸57}
296 453 402 487 vestri
430 454 607 487 reverendi
635 455 789 496 predicti,
822 455 1039 495 auctoritate,
1074 455 1249 487 Decanum
1281 457 1318 487 et
1351 454 1556 496 Capitulum
1582 458 1699 487 nostre

148 518 214 546 Vol·
231 519 255 546 1·
297 498 511 532 Cathedralis
534 499 690 538 Ecclesie,
709 499 1034 540 Archidiaconosque
1056 499 1091 530 in
1114 498 1232 530 eadem
1257 498 1418 538 Ecclesia,
1443 509 1482 530 ac
1506 499 1613 530 eciam
1632 499 1698 530 Ab·

304 543 400 574 bates
422 547 459 574 et
482 542 614 574 Priores
638 544 833 574 Conventus
855 543 919 574 sub
941 553 976 575 se
998 543 1171 580 habentes,
1194 552 1234 573 ac
1255 542 1340 573 alios
1367 542 1595 574 Ecclesiarum
1620 543 1699 574 Pre-

151 585 261 626 certifi-
300 587 397 625 latos,
428 589 604 626 exemptos
634 588 670 618 et
700 596 766 617 non
796 589 984 627 exemptos.
1009 587 1215 627 Olet-umque
1245 588 1444 617 nostrarum
1473 586 1635 618 Civitatis
1665 589 1702 618 et

150 625 251 680 ⁰²⁸3?
305 629 462 668 Diocesis,
474 629 616 661 fecimus
625 632 661 661 et
674 629 907 662 mandavimus
922 630 1020 662 citari
1037 629 1261 670 peremptorie
1273 640 1312 661 ac
1331 629 1522 670 premuniri
1538 629 1702 670 quatinus

151 662 284 721 32¹1in
304 674 455 715 ipsorum
471 673 594 714 singuli
609 683 722 704 coram
737 673 840 712 vobis,
857 677 919 706 aut
936 674 1055 705 vestris
1078 673 1113 705 in
1136 673 1198 704 hac
1220 676 1319 714 parte
1342 673 1632 705 Locatenentibus
1647 673 1699 705 vel

151 720 286 760 cedentis,
307 716 563 755 Commissariis,
582 716 637 748 die
659 719 696 748 et
719 717 789 748 loco
811 717 847 748 in
870 717 993 749 Literis
1015 717 1218 758 supradictis
1241 717 1375 758 plenius
1391 717 1605 757 expressatis,
1622 727 1701 748 cum

153 755 277 794 D0¹³¹l¹²⁰
306 760 562 793 continuacione
577 763 613 792 et
627 761 863 801 prorogacione
878 761 1011 792 dierum
1033 764 1116 792 tuuc
1131 760 1351 801 seqnencium
1374 763 1410 792 et
1434 761 1595 800 locorum,
1612 770 1700 792 com-

152 788 286 856 gissgpo
307 807 448 846 pareant
462 806 504 835 ut
521 804 700 845 prefertur,
717 804 843 835 facturi
857 807 893 836 et
908 804 1078 844 recepturi
1100 805 1134 835 in
1158 804 1324 841 omnibus,
1343 807 1378 835 et
1394 814 1455 845 per
1470 804 1593 843 omnia,
1610 804 1702 845 quod

154 862 243 883 trans·
307 853 406 880 tenor
421 847 588 879 dictarum
606 847 807 884 Literarum,
821 858 880 879 seu
900 847 1053 880 Mandati
1068 847 1174 879 vestri
1189 847 1366 879 reverendi
1381 847 1580 888 supradicti,
1597 848 1703 889 exigit

153 889 278 917 missum.
303 894 339 924 ct
361 891 515 932 requirit.
562 891 693 927 Omnia,
718 891 865 932 insuper,
887 891 952 923 alia
974 892 1009 923 in
1032 891 1157 922 eisdem
1183 891 1306 923 Literis
1329 893 1502 930 contenta,
1528 894 1703 932 quatenus

305 945 375 974 ηοε,
393 935 575 967 Civitatem
599 939 635 966 et
653 934 818 966 Diocesim
840 939 973 966 nostras
994 938 1056 967 aut
1080 935 1242 966 Personas
1265 935 1300 966 in
1323 935 1452 966 eisdem
1477 939 1702 974 concernunt,

303 980 405 1022 juxta
421 978 501 1017 vim,
518 978 675 1017 formam,
693 981 729 1010 et
744 978 905 1010 effectum
927 978 1121 1016 earundem,
1138 978 1332 1010 execucioni
1355 978 1471 1010 debite
1494 982 1702 1019 reverenter,

306 1025 409 1065 prout
424 1021 530 1062 decet,
547 1022 690 1053 fecimus
711 1021 916 1054 demandari.
961 1022 1120 1059 Nomina,
1138 1032 1226 1061 vero,
1243 1032 1303 1063 per
1326 1032 1387 1053 nos
1411 1032 1470 1053 seu
1496 1022 1705 1054 auctoritate

305 1071 421 1098 nostra
436 1065 622 1098 citatorum
637 1065 672 1097 in
687 1075 726 1097 ea
740 1069 847 1106 parte,
864 1065 899 1097 in
917 1065 1046 1098 Cedula
1063 1066 1281 1097 Presentibus
1304 1075 1436 1097 annexa
1458 1065 1611 1106 plenarie
1626 1076 1703 1098 con-

305 1110 472 1143 tinentur.
519 1109 768 1141 Paternitatem
785 1112 932 1141 vestram
946 1109 1261 1141 reverendissimam
1281 1109 1340 1140 diu
1365 1113 1542 1141 conservet
1559 1109 1594 1141 in
1612 1120 1702 1151 pros-

308 1153 398 1196 peris
413 1153 521 1184 nostri
536 1153 716 1185 clemencia
731 1153 914 1185 Salvatoris
931 1153 1097 1185 l—Dated
1112 1156 1150 1185 at
1167 1152 1367 1194 Chudleigh,
1387 1154 1429 1184 22
1448 1153 1537 1185 Nov.

271 1209 424 1241 -Tenor
440 1207 562 1241 Cedule
576 1207 654 1239 talis
670 1212 767 1247 est,—

265 1253 412 1286 Nomne.
427 1259 624 1284 crrA'ronum
639 1259 675 1282 m
692 1251 834 1283 DIOGESI
852 1252 1044 1283 Exonmsm
1059 1263 1113 1283 :—

266 1297 428 1337 Magister
445 1295 614 1327 Robertus
629 1295 801 1336 Sumpter,
816 1295 970 1327 Decanus
987 1295 1125 1327 Exonie.

267 1340 434 1373 Dominus
448 1339 594 1370 Thomas
609 1338 741 1380 Swaby,
760 1339 890 1370 Exonie
1012 1341 1020 1349 ”

268 1384 434 1416 Dominus
451 1383 552 1423 Hugo
569 1381 798 1423 Bryddeham,
813 1382 973 1414 Tottonie
1182 1403 1418 1436 Archidiaconi

269 1427 431 1468 Magister
447 1426 613 1457 Henricus
631 1425 855 1465 Whytefelde,
870 1425 1120 1467 Barnastapolie
1421 1429 1427 1435 ”

199 1498 203 1503 .
270 1470 436 1503 Dominus
450 1469 596 1501 Thomas
613 1469 771 1509 Orgrave,
790 1469 959 1502 Cornubie

269 1515 390 1547 Frater
405 1513 609 1553 Stephanus,
626 1512 739 1543 Abbas
754 1512 976 1554 Tavystochie

240 1596 243 1597 ⁷
271 1559 392 1590 Frater
408 1557 605 1595 Willelmus,
621 1555 669 1613 de'
681 1556 893 1612 =Hertylonde
1183 1534 1704 1619 AbJ'JWQIPZZQZZe’TYssZ:

270 1602 392 1677 {rx-:teci
405 1600 845 1676 {izztti-ggg'disegdlililgstiia
1228 1622 1270 1654 de
1316 1621 1516 1653 B⁰kel⁰nd⁶·
1530 1622 1705 1654 -Menw‘

241 1690 247 1695 '
272 1689 393 1721 Frater
406 1688 428 1720 J
431 1687 580 1719 ohannes
606 1687 648 1718 de
665 1686 774 1718 Forde
1229 1665 1373 1697 mudum
1413 1666 1516 1717 Ψὲοά,
1539 1665 1600 1697 “ln
1641 1676 1706 1697 Μ’·

272 1732 393 1764 Frater
409 1712 640 1770 Ricardus,’de
655 1729 867 1772 Nywenham
1223 1708 1366 1750 fuerunt
1423 1713 1516 1741 ‘'aa“
1577 1714 1708 1751 P''⁰P²⁶⁷'

272 1776 394 1808 Frater
408 1774 607 1813 Willelmus,
623 1774 665 1805 de
682 1773 920 1814 Dunkeswylle
1232 1758 1383 1793 “mpm'w
1419 1752 1610 1784 ‘'remman''

273 1819 394 1852 Frater
409 1818 618 1859 Radusphus,
634 1817 676 1848 de
692 1817 897 1858 Plymptone

275 1863 395 1895 Frater
411 1862 571 1903 Rogerus,
589 1861 832 1893 Launcestonie

273 1906 395 1938 Frater
412 1905 608 1944 Willelmus,
624 1905 667 1936 de
682 1904 838 1944 Bodmyn

275 1950 396 1982 Frater
411 1948 609 1988 Willelmus,
625 1948 742 1980 Sancti
758 1947 918 1979 Germani

277 1994 395 2026 Frater
410 1992 609 2030 Willelmus,
626 1991 667 2022 de
684 1991 943 2033 Frythelestoke
1194 1991 1334 2024 Priores.

275 2037 395 2069 Frater
410 2037 568 2076 Rogems‚
586 2036 691 2067 Beate
706 2035 811 2066 Marie
827 2035 1032 2076 Magdalene,
1050 2035 1129 2067 Bar-

317 2080 503 2116 nastanolie

276 2124 396 2156 Frater
412 2122 608 2162 Richardus,
624 2121 667 2154 de
684 2121 827 2163 Pyltone

276 2168 399 2200 Frater
414 2167 434 2199 J
438 2167 596 2205 ohannes,
614 2165 774 2198 Tottonie

276 2221 437 2273 Magister
458 2220 642 2253 Nicholaus
662 2219 864 2262 Braybroke,
891 2219 1078 2252 Canonicus
1104 2220 1313 2260 Exoniensis,
1339 2219 1541 2252 Procurator
1565 2219 1715 2261 Capituli

278 2265 556 2350 Iteffltiehinagister
567 2307 600 2339 N
602 2307 751 2339 icholaus
765 2306 969 2348 Braybroke,
985 2308 1051 2391 et}
1108 2306 1382 2393 {Procuratores
1409 2306 1499 2339 Cleri
1523 2307 1671 2339 Diocesis

319 2352 481 2394 Magister
496 2351 695 2392 Radulphus
710 2350 924 2392 Tregresiow,
1188 2350 1394 2383 Exoniensis.

277 2406 517 2439 —Oomtitucio
531 2405 785 2437 Procuratorum
807 2405 853 2435 ad
870 2404 1193 2446 communionem,—

321 2450 421 2489 Item,
439 2449 604 2481 Dominus
626 2448 806 2480 constituit
829 2448 1067 2480 Procuratores
1089 2459 1177 2487 suos,
1194 2448 1238 2480 ad
1261 2447 1524 2489 comparendum
1544 2459 1605 2490 pro
1627 2448 1711 2490 ipso,

321 2496 358 2525 et
379 2503 441 2525 suo
462 2492 609 2531 nomine,
634 2492 670 2523 in
694 2492 942 2524 Convocacione
964 2492 1124 2533 predicta,
1143 2492 1321 2534 Magistros
1339 2491 1544 2524 Willelmum
1562 2492 1655 2534 Byde
1677 2495 1714 2524 et

321 2537 513 2569 Johannem
534 2537 577 2567 de
599 2535 860 2577 Schinyngford,
886 2536 1014 2576 Legum
1044 2536 1215 2575 Doctores,
1241 2539 1277 2567 et
1309 2535 1493 2567 Dominum
1524 2536 1714 2568 Walterum

323 2580 508 2621 Aldebury,
526 2578 733 2610 Canonicum
757 2578 901 2611 Ecclesie
916 2579 1033 2611 Sancti
1057 2579 1152 2611 Pauli
1175 2579 1436 2615 Londoniarum,
1452 2578 1662 2620 conjunctim
1679 2583 1715 2611 et

323 2623 467 2662 divisim,
483 2633 560 2654 cum
577 2625 747 2663 potestate
762 2622 955 2662 sufficienti,
970 2626 1006 2655 et
1021 2622 1179 2655 clausulis
1197 2623 1231 2654 iu
1250 2622 1312 2654 hac
1327 2626 1424 2664 parte
1438 2623 1640 2663 necessariis,
1658 2623 1714 2654 ds—

324 2667 416 2706 bitis,
434 2671 470 2699 et
486 2666 656 2698 consuetis
672 2664 729 2707 (22
745 2666 850 2705 Nov.)

286 2730 570 2783 Upton-Pyne3
599 2731 755 2769 Liceme
774 2734 812 2768 to
831 2731 1080 2777 celebrate,—

281 2785 382 2824 Item,
399 2786 491 2827 apud
507 2784 756 2826 Chuddeleghe,
772 2785 849 2827 xvj*
863 2785 917 2816 die
934 2785 1056 2816 mensis
1071 2784 1283 2822 Novembris,
1302 2784 1471 2817 Robertus
1487 2785 1665 2817 Marchant
1680 2788 1717 2817 et

323 2829 399 2870 ejus
423 2839 507 2860 uxor
526 2828 722 2860 habuerunt
737 2828 925 2860 Licenciam
940 2832 1015 2868 etc,
1033 2829 1068 2860 in
1085 2829 1230 2869 Capellis
1248 2828 1318 2860 suis
1334 2828 1422 2860 infra
1437 2828 1586 2861 Maneria
1597 2839 1658 2861 sua
1674 2829 1718 2862 de

326 2871 531 2913 Estodleghe
545 2875 582 2903 et
598 2872 696 2913 Leye,
713 2872 748 2903 in
761 2871 919 2903 Parochia
934 2872 976 2903 de
994 2872 1174 2912 Uppetone
1187 2872 1270 2913 Pyn,
1282 2882 1344 2912 per
1357 2882 1465 2904 unum
1478 2882 1605 2904 annum
1618 2872 1716 2904 dura-

283 2929 286 2932 *
326 2918 441 2990 {uram
456 2925 464 2953 ;
476 2915 761 2965 contemplacione
772 2915 925 2956 Magistri
937 2915 1077 2948 Walteri
1092 2914 1135 2947 de
1151 2916 1336 2956 Bauntone,
1351 2915 1511 2949 Canonici
1522 2916 1558 2949 in
1572 2916 1719 2949 Ecclesia

344 2968 518 2993 ,xomensn
