1988 3256
297 344 392 392 2⁹72

294 459 370 486 A.D.

294 493 370 522 1372.

295 527 355 556 Vol.
368 529 392 556 1.

291 1834 339 1862 sol.

291 1869 353 1897 23b.

490 358 591 390 THE
631 357 877 391 REGISTER
917 357 979 390 OF
1014 357 1196 391 BISHOP
1231 357 1642 393 BRANTYNGHAM.

445 460 577 493 siastica
602 460 638 492 in
665 460 946 492 Archidiaconatu
974 459 1196 492 Cornubiensi
1226 460 1427 502 optinentes,
1458 464 1493 493 et
1522 462 1646 494 ibidem
1677 466 1739 495 aut
1761 462 1842 494 alibi

445 505 644 543 residentem
667 504 832 543 videlicet,
850 505 983 542 Rector,
1002 514 1061 535 seu
1079 504 1238 542 Vicarius,
1256 503 1354 546 cujus
1370 505 1573 537 Beneficium
1590 506 1624 538 in
1641 517 1719 538 vero
1728 506 1843 546 yslore

445 559 480 580 se
496 549 651 580 extendit
666 549 708 579 ad
727 559 748 579 x
771 558 909 586 marcas,
926 548 971 578 sit
994 551 1153 587 armatus,
1169 548 1222 579 vel
1245 549 1288 580 ad
1312 549 1450 580 modum
1474 550 1638 590 sagittarii
1661 560 1739 582 cum
1762 560 1842 582 arcu

446 595 482 624 et
511 592 644 633 sagittis
674 592 863 630 arraiatus3
901 591 1008 632 cujus,
1041 601 1127 630 vere,
1159 592 1365 624 Beneficium
1396 593 1485 624 valet
1513 594 1691 625 annuatim
1715 593 1772 633 xli,
1796 593 1843 625 sit

446 639 596 667 armatus
614 646 621 675 3
645 639 680 667 et
696 636 755 677 qui
772 635 975 667 Beneficium
993 635 1126 676 optinet
1142 635 1262 667 valoris
1277 636 1381 667 annui
1397 634 1501 668 xxfflli.
1518 638 1564 669 sit
1586 641 1747 677 armatus,
1764 647 1842 669 cum

447 680 581 711 duobus
605 679 812 720 sagittariis;
835 679 904 720 qui,
928 689 1017 717 vere,
1044 678 1126 718 xlli.,
1156 678 1278 710 habeat
1301 680 1385 711 duos
1408 684 1554 712 armatos
1577 684 1612 712 et
1634 681 1720 712 duos
1742 681 1843 722 sagit-

447 724 550 755 tarios
567 733 575 762 3
598 727 633 754 et
650 724 708 764 qui
726 723 752 755 C
768 733 895 754 marcas
911 722 948 764 iij
967 726 1113 754 armatos
1130 723 1251 755 habeat
1267 726 1302 754 et
1316 723 1399 765 iiijor
1412 724 1601 765 sagittarios
1617 734 1625 763 ;
1649 725 1707 766 qui
1725 724 1752 757 C
1768 725 1803 757 li.
1820 734 1842 756 v

446 767 599 799 homines
625 770 773 798 armatos
800 769 835 797 et
861 766 894 808 vj
927 766 1125 807 sagittarios.
1174 767 1334 807 Quilibet,
1365 778 1455 807 vero,
1484 768 1674 800 Canonicus
1697 768 1843 800 Ecclesie

446 814 561 842 nostre
584 810 765 850 Collegiate
788 811 830 841 de
854 810 988 852 Penryn
1011 810 1168 850 residens,
1195 813 1231 842 et
1253 821 1320 842 non
1342 811 1490 843 residens
1514 812 1644 843 firmam
1667 812 1701 844 in
1724 812 1842 844 eadem

446 855 593 886 Ecclesia
615 855 780 895 optinens,
804 854 927 885 habeat
949 864 1057 885 unum
1080 858 1248 886 armatum
1272 854 1396 886 ibidem
1420 858 1456 886 et
1479 866 1584 887 unum
1602 855 1842 896 sagittarium3

446 901 482 930 et
504 898 648 939 quilibet
672 897 916 929 Prebendarius
941 897 1087 929 Ecclesie
1110 902 1224 929 nostre
1247 898 1430 939 Collegiate
1453 899 1567 931 Sancti
1593 899 1784 938 Karentoci,
1803 909 1841 931 ac

445 942 601 974 Decanus
631 941 784 984 ejusdem
819 941 973 980 Ecclesie,
1005 942 1191 973 secundum
1222 942 1430 974 taxacionem
1461 944 1615 984 superius
1646 943 1839 982 limitatam,

445 989 592 1017 armatos
617 990 652 1017 et
678 986 878 1024 sagittarios.
924 985 1103 1024 Presbiter,
1132 986 1259 1026 itaque,
1285 986 1523 1026 stipendiarius
1553 987 1697 1028 quilibet
1719 986 1842 1018 habeat

445 1040 559 1061 arcum
592 1033 628 1061 et
657 1029 794 1069 garbam
825 1029 1036 1070 sagittarum.
1092 1029 1145 1060 Ita
1176 1030 1267 1070 quod
1298 1029 1332 1061 in
1364 1040 1432 1061 uno
1462 1033 1553 1061 certo
1584 1030 1654 1062 loco
1687 1041 1744 1072 per
1781 1040 1840 1061 vos

443 1073 632 1113 limitando,
656 1073 711 1104 die
732 1073 871 1104 Veneris
897 1073 1048 1114 proxima
1070 1076 1147 1114 post
1170 1073 1309 1104 Festum
1334 1073 1586 1114 Assumpcionis
1610 1075 1712 1105 Beate
1735 1073 1841 1105 Marie

444 1117 591 1158 Virginis
613 1117 764 1158 proximo
786 1117 953 1155 futurum,
970 1117 1004 1148 in
1029 1116 1129 1148 armis
1152 1117 1222 1148 suis
1244 1117 1432 1157 antedictis,
1449 1117 1483 1148 in
1508 1117 1662 1157 millenis,
1679 1117 1838 1158 centenis,

444 1165 479 1192 et
493 1161 640 1192 vintenis
656 1161 788 1202 publice
804 1171 839 1191 se
855 1160 1045 1200 exhibeant,
1062 1160 1271 1201 ulteriusque
1294 1160 1420 1192 faciant
1434 1161 1525 1202 quod
1548 1161 1673 1192 ibidem
1696 1172 1755 1203 per
1771 1171 1839 1200 vos,

444 1208 505 1236 aut
528 1205 614 1236 duos
641 1208 801 1243 vestrum,
829 1215 869 1235 ex
897 1207 992 1245 parte
1016 1204 1152 1235 Domini
1182 1204 1289 1235 nostri
1312 1204 1412 1243 Regis
1435 1207 1470 1236 et
1493 1208 1616 1243 nostra,
1641 1205 1765 1236 eisdem
1790 1205 1839 1236 in·

443 1248 604 1290 jungetis.
650 1248 704 1280 Ad
727 1258 793 1289 que
818 1248 977 1288 facienda,
1004 1248 1117 1279 omnia
1139 1250 1175 1279 et
1197 1248 1338 1289 singula,
1362 1248 1456 1280 vobis
1478 1248 1724 1280 committimus
1751 1248 1840 1280 vices

443 1295 585 1332 nostras,
609 1302 686 1323 cum
709 1291 892 1333 cujuslibet
914 1291 1117 1329 cohercionis
1149 1292 1314 1323 Canonice
1341 1294 1519 1332 potestate,
1548 1303 1586 1324 ac
1605 1291 1840 1333 sequestrandi

444 1337 532 1368 bona
558 1340 594 1368 et
624 1332 792 1367 Beneficia'
810 1335 1041 1367 Ecclesiastica
1064 1338 1099 1366 et
1120 1335 1184 1367 sub
1207 1336 1389 1376 Sequestro
1411 1336 1632 1376 custodiendi,
1663 1346 1840 1378 quousque

446 1380 669 1412 arraiamento
696 1383 811 1411 nostro
834 1379 1032 1420 hujusmodi
1055 1390 1114 1420 per
1136 1379 1324 1420 quemlibet
1354 1380 1538 1411 eorundem
1562 1381 1710 1420 paritum
1733 1379 1840 1412 fuerit

445 1434 521 1455 cum
538 1424 670 1456 effectu.
708 1424 754 1455 Et
770 1423 854 1463 quid
868 1423 903 1454 in
921 1423 1089 1464 premissis
1104 1423 1258 1462 feceritis,
1276 1434 1343 1454 una
1359 1433 1436 1455 cum
1453 1427 1527 1455 toto
1542 1424 1702 1455 Processu
1717 1426 1840 1463 vestro,

445 1478 506 1500 nos
522 1468 606 1499 citra
621 1468 760 1499 Festum
778 1467 976 1499 Nativitatis
993 1467 1096 1498 Beate
1109 1467 1212 1498 Marie
1229 1467 1375 1508 Virginis
1399 1467 1550 1509 proximo
1572 1467 1741 1508 futurum,
1765 1467 1838 1499 ubi-

444 1522 590 1552 cumque
606 1514 689 1543 tunc
704 1511 869 1543 fuerimus
891 1511 926 1542 in
950 1514 1065 1542 nostra
1088 1510 1234 1543 Civitate
1251 1511 1303 1542 vel
1327 1511 1466 1551 Diocesi,
1483 1511 1644 1543 distinete
1667 1515 1702 1543 et
1724 1514 1840 1552 aperte

444 1555 644 1595 certificetis,
660 1555 880 1587 etc.—Dated
897 1557 933 1586 at
950 1555 1116 1585 Hartlaud
1133 1554 1264 1595 Abbey,
1284 1555 1322 1586 21
1342 1555 1434 1597 July.

402 1599 544 1640 —Item,
569 1599 706 1639 ibidem,
733 1598 905 1630 consimile
933 1598 1131 1629 Mandatum
1159 1599 1338 1636 emanavit,
1366 1602 1402 1630 et
1438 1599 1555 1630 eodem
1580 1599 1643 1638 die,
1670 1598 1839 1640 Magistris

446 1643 612 1675 Willelmo
629 1643 807 1683 Sergeaux‚
824 1642 952 1674 Thome
969 1642 1083 1684 Bevyl,
1100 1645 1135 1673 et
1158 1641 1305 1673 ,Iohanni
1330 1643 1489 1685 Crymyn,
1515 1653 1575 1684 pro
1598 1642 1839 1674 Decanatubus

444 1687 486 1718 de
502 1687 592 1727 Este,
609 1687 732 1727 Weste,
750 1686 858 1728 Major
872 1686 1001 1727 Trigge,
1018 1690 1053 1717 et
1070 1686 1179 1717 Minor
1194 1686 1321 1727 Trigge.

404 1838 488 1878 [The
504 1838 674 1879 following
691 1839 891 1878 Document,
907 1838 1086 1880 belonging
1102 1842 1138 1870 to
1154 1839 1213 1870 the
1230 1839 1429 1880 Episcopate
1444 1839 1479 1870 of
1502 1838 1626 1878 Bishop
1642 1837 1838 1879 Stapeldon,

445 1882 473 1912 is
488 1882 634 1914 inserted
651 1883 730 1914 here
746 1883 891 1914 without
907 1886 985 1914 note
1001 1894 1038 1913 or
1053 1883 1248 1922 comment]

402 1926 546 1964 Exeter
560 1939 570 1973 3
601 1926 727 1975 Copia
744 1924 958 1964 Indenture
972 1940 1035 1964 seu
1057 1926 1305 1976 Cyroyraphi
1323 1926 1519 1964 indentati
1537 1926 1638 1963 inter
1656 1925 1843 1963 Dominos

455 1981 700 2030 Episcopum,
722 1981 920 2019 Dec-anum
940 1988 974 2018 et
1007 1982 1244 2029 Capitulum,
1266 1995 1310 2018 ex
1330 1987 1448 2030 parte
1474 1994 1564 2024 una,
1587 1987 1622 2017 et
1649 1979 1843 2018 Maiorem

455 2042 489 2072 et
511 2034 836 2075 Communitatem
855 2036 1014 2081 Emonia,
1036 2049 1080 2073 ex
1098 2036 1233 2080 altera,
1256 2049 1369 2084 super
1388 2035 1561 2073 custodia
1579 2034 1844 2082 repam-adonis

451 2102 650 2127 ‘murorum
671 2089 858 2128 Civitatis
877 2090 1092 2136 Exom'es—

400 2143 565 2174 Noverint
581 2143 727 2175 universi
743 2144 844 2185 quod,
862 2154 940 2175 cum
956 2154 1064 2185 nuper
1087 2144 1193 2175 Maior
1215 2147 1251 2175 et
1275 2143 1508 2175 communit-as
1532 2142 1689 2175 Civitatis
1712 2142 1842 2174 Exonie

443 2197 558 2219 muros
580 2187 685 2219 clausi
713 2187 922 2219 Venerabilis
947 2187 1065 2228 Patris,
1091 2187 1227 2219 Domini
1251 2187 1399 2226 Walteri,
1425 2187 1487 2218 Dei
1509 2187 1618 2228 gracia
1641 2186 1840 2218 Exoniensis

443 2231 609 2272 Episcopi,
637 2231 679 2262 ad
706 2241 820 2262 muros
848 2231 1003 2263 Civitatis
1033 2231 1183 2272 predicte
1213 2230 1424 2271 attachiatos,
1450 2241 1488 2263 ac
1517 2230 1622 2262 eciam
1651 2240 1766 2262 muros
1795 2231 1839 2262 de

442 2275 596 2306 clausura
610 2274 805 2306 Cancellarii
818 2275 964 2306 Ecclesie
976 2275 1186 2307 Cathedralis
1200 2275 1336 2314 Exonie,
1353 2285 1481 2306 necnon
1492 2275 1534 2306 de
1546 2273 1708 2306 clausuris
1719 2273 1834 2306 Archi-

446 2319 663 2350 diaconorum
694 2318 823 2350 Exonie
853 2321 888 2350 et
919 2318 1087 2351 Cornubie
1117 2318 1218 2350 simili
1249 2319 1349 2350 modo
1379 2329 1477 2350 muro
1508 2318 1666 2350 Civitatis
1688 2317 1839 2358 predicte

446 2362 650 2402 attachiatis,
666 2362 779 2394 clausa
794 2365 947 2403 separata
962 2362 1173 2402 facientibus,
1184 2362 1372 2403 fregissent,
1385 2373 1426 2394 ex
1442 2372 1510 2404 quo
1521 2362 1661 2394 materia
1676 2360 1840 2393 discordie

443 2406 533 2438 inter
559 2406 666 2437 dictos
682 2406 828 2446 Patrem,
846 2406 1017 2437 Decanum
1035 2409 1070 2437 et
1086 2406 1283 2447 Capitulum
1308 2406 1517 2438 Cathedralis
1533 2405 1679 2437 Ecclesie
1701 2404 1839 2444 Exonie,

444 2461 482 2481 ac
516 2450 679 2481 Personas
706 2450 884 2491 predictas,
914 2449 1026 2481 clausa
1056 2447 1117 2481 s'ua
1147 2450 1179 2480 in
1211 2449 1268 2481 illa
1296 2453 1390 2491 parte
1419 2449 1592 2489 habentes,
1620 2449 1779 2480 Maiorem
1803 2451 1839 2480 et

445 2494 733 2526 Communitatem
752 2493 908 2525 Civitatis
924 2493 1081 2534 predicte,
1098 2493 1210 2525 fuerat
1225 2493 1363 2525 suborta
1378 2504 1386 2532 ;
1410 2494 1560 2532 tandem,
1578 2493 1668 2534 pacis
1682 2492 1838 2524 amatori·

444 2538 507 2569 bus
537 2537 852 2576 intervenientibus,
878 2537 1069 2578 conquievit
1091 2537 1125 2568 in
1149 2537 1240 2568 hunc
1264 2537 1426 2576 modum;
1464 2537 1619 2568 videlicet
1641 2536 1733 2578 quod
1755 2535 1838 2568 dicti

445 2581 549 2612 Maior
565 2583 600 2612 et
617 2581 862 2621 Communitas,
878 2591 994 2612 eorum
1011 2580 1150 2612 heredes
1166 2584 1199 2612 et
1216 2591 1431 2620 successores,
1451 2591 1565 2612 muros
1588 2580 1756 2622 predictos
1778 2590 1839 2621 per

443 2625 532 2665 ipsos
556 2625 689 2663 fractos,
713 2634 791 2656 cum
816 2624 985 2665 lapidibus
1009 2627 1044 2656 et
1065 2627 1219 2656 cemento
1242 2625 1456 2665 competenti,
1474 2634 1581 2666 usque
1604 2624 1646 2656 ad
1669 2623 1839 2656 keruer-ios

443 2668 533 2699 muri
556 2668 712 2700 Civitatis
735 2668 894 2709 predicte,
918 2671 1148 2709 competenter
1176 2668 1310 2708 faciant,
1334 2671 1370 2699 et
1392 2668 1425 2699 in
1457 2668 1583 2700 eisdem
1605 2668 1711 2699 muris
1731 2667 1836 2699 iidem

444 2712 550 2743 Maior
579 2714 615 2743 et
646 2712 890 2751 communitas,
915 2722 1031 2743 eorum
1063 2711 1200 2743 heredes
1230 2714 1266 2743 et
1295 2722 1511 2751 successores,
1536 2711 1640 2743 bonas
1662 2714 1836 2753 posternas

443 2758 538 2787 tante
561 2755 753 2787 latitudinis
771 2758 898 2796 quante
920 2765 1039 2787 murus
1061 2755 1149 2787 infra
1170 2755 1339 2787 kernerios
1361 2755 1450 2787 latus
1472 2755 1598 2795 existit,
1615 2754 1836 2796 propinquius

443 2799 543 2831 dictis
569 2799 730 2831 kerneriis
757 2809 825 2840 quo
852 2798 924 2830 fieri
947 2799 1071 2840 poterit
1092 2799 1275 2839 situandas,
1303 2799 1439 2831 fortiter
1459 2803 1586 2831 seratas
1607 2798 1731 2830 seruris
1753 2798 1833 2829 dus.-

443 2843 517 2882 bus,
533 2852 678 2883 quarum
702 2843 803 2874 clavis
826 2853 894 2874 una
916 2853 1017 2884 penes
1039 2842 1199 2874 Maiorem
1222 2845 1257 2874 et
1281 2843 1568 2874 Communitatem
1591 2845 1627 2874 et
1648 2841 1713 2874 alia
1735 2851 1836 2883 penes

444 2886 626 2918 Custodem
643 2886 743 2918 Curie
758 2886 840 2917 dicti
856 2886 993 2918 Domini
1009 2886 1164 2928 Episcopi
1187 2888 1222 2917 et
1245 2887 1480 2918 Successorum
1502 2895 1648 2926 suorum,
1666 2889 1702 2917 et
1723 2885 1771 2918 sic
1792 2885 1836 2917 de

443 2930 516 2961 aliis
544 2930 697 2961 Personis
719 2929 958 2962 Ecclesiasticis
981 2940 1096 2962 muros
1122 2929 1247 2961 similes
1273 2929 1485 2970 habentibus,
1508 2929 1704 2962 remanebit.
1751 2928 1834 2969 Quo,

444 2973 592 3016 quidem,
621 2976 776 3015 posterne
806 2973 909 3005 semel
940 2973 976 3005 in
1007 2983 1106 3013 anne,
1133 2973 1246 3016 aliquo
1273 2974 1328 3005 die
1353 2973 1559 3016 competenti
1584 2973 1673 3005 inter
1695 2972 1835 3005 Festum
