1988 3256
501 356 793 391 samareum
828 356 1050 391 COMMUN
1059 356 1295 390 a—ANNo
1332 347 1394 391 2⁰.
1623 347 1716 391 241

177 457 253 518 Agln·
328 461 487 501 Martii-is,
504 461 538 493 in
555 461 644 494 Villa
659 463 700 494 de
714 462 943 495 Cameleforde
960 463 1109 502 predicta
1123 462 1260 501 situata,
1276 472 1335 503 per
1351 461 1557 494 Presbiteros
1572 462 1720 504 ydoneos

176 493 271 552 521¹]
329 505 437 546 (dum,
463 508 588 546 tamen,
611 517 794 538 consensus
818 507 937 539 Cureti
959 506 1039 539 Loci
1061 506 1204 548 predicti
1229 506 1272 537 ad
1298 505 1335 537 id
1358 507 1505 544 accedat,
1530 509 1566 538 et
1583 505 1719 547 juribus

229 545 236 552 ⁸
275 545 282 552 '
329 549 479 581 Matr-icis
502 549 648 582 Ecclesie
671 550 825 592 ejusdem
857 551 935 583 Loci
966 548 1421 592 [Lanteqlos-by-Gamelford]
1443 560 1502 590 per
1525 549 1588 582 hoc
1610 550 1718 582 nulla-

327 596 428 625 tenus
444 593 642 634 derogetur;
667 594 825 636 quodque
840 605 909 634 vos,
926 595 1042 626 villani
1062 594 1214 636 predicti,
1230 593 1371 635 singulis
1388 594 1516 625 Diebus
1532 594 1718 625 Dominicis

326 640 363 670 et
385 637 529 669 Festivis
551 638 594 669 ad
618 638 801 670 Ecclesiam
819 638 1045 670 Parochialem
1069 641 1218 670 vestram
1240 648 1302 679 pro
1318 637 1450 669 Divinis
1473 638 1650 669 audiendis
1665 648 1716 669 ac-

325 681 452 713 cedatis
477 682 704 722 personaliter,
736 685 776 714 ut
803 682 979 722 tenemini)
1010 682 1118 714 facere
1148 681 1332 721 celebrari3
1365 684 1437 713 tam
1468 681 1563 713 vobis
1593 681 1718 714 Divina

323 726 484 757 audiendi
513 735 616 767 quam
644 725 842 758 Presbiteris
871 726 1071 767 hujusmodi
1100 736 1148 766 ea,
1176 729 1217 757 ut
1247 725 1425 767 prefertur,
1457 725 1715 765 celebrantibus,

323 773 440 802 tenore
457 769 671 801 Presencium
688 770 876 802 Licenciam
892 770 1106 802 concedimus
1122 769 1468 811 specialem.——Dated
1492 772 1528 801 at
1546 769 1714 801 Winches-

324 817 386 854 ter,
405 814 445 846 13
463 813 563 846 June.

279 885 741 936 Letters-Dimissory,—-—

280 959 323 964 —
338 941 484 972 Thomas
502 939 665 978 Patriche,
681 939 827 980 accolite,
845 940 864 955 “
877 940 920 972 ad
935 950 1052 971 omnes
1068 940 1184 973 Sacros
1201 939 1344 971 Ordines
1354 938 1373 952 ’'
1390 939 1447 979 (16
1462 938 1577 979 June).

281 1003 323 1008 —
339 984 430 1016 John
446 984 489 1016 de
505 983 707 1023 Licheielde,
732 983 752 999 “
764 984 807 1015 ad
822 994 938 1016 omnes
953 984 1109 1024 Minores,
1128 986 1164 1015 et
1186 983 1290 1015 eciam
1313 983 1357 1015 ad
1379 993 1495 1014 omnes
1519 982 1636 1015 Sacros
1652 982 1713 1015 Or-

325 1028 451 1060 dines'’
476 1028 532 1068 (19
553 1026 670 1068 June).

170 1094 267 1128 [1⁰¹³-
281 1094 615 1145 Illegitimacy,—

173 1129 233 1160 ω’]
280 1149 517 1190 Dispensation
534 1148 675 1190 granted
691 1151 728 1180 to
751 1148 843 1180 John
867 1148 958 1190 Elys,
975 1147 1197 1188 clerk,-“de
1219 1148 1330 1179 soluto
1352 1147 1489 1191 genitus
1512 1149 1547 1178 et
1569 1146 1713 1179 soluta''

324 1192 539 1234 (Chudleigh,
556 1193 598 1224 25
613 1192 635 1224 J
638 1192 721 1234 uly).

168 1257 230 1320 {52¹5
278 1260 511 1298 Ashburton
525 1273 535 1307 ;
568 1258 827 1308 Confirmacio
855 1258 1044 1298 Cantarie
1071 1259 1115 1296 in
1137 1258 1298 1308 Capella
1317 1259 1436 1297 Beate
1463 1259 1595 1297 Marie
1613 1259 1714 1310 (sic)

171 1326 242 1357 [Au.
314 1315 360 1352 de
379 1314 698 1362 Aschpertone,—-

169 1367 254 1425 ξων]
283 1369 457 1401 Universis
474 1370 644 1409 presentes
660 1368 791 1399 Literas
806 1368 1018 1408 inspecturis,
1035 1367 1190 1407 Thomas,
1207 1371 1284 1407 etc.,
1300 1368 1456 1407 salutem,
1472 1367 1714 1400 etc.—Literas

195 1402 240 1421 υς·
327 1413 433 1444 felicis
465 1411 704 1443 recordacionis
732 1411 871 1443 Domini
897 1411 1037 1443 Walteri
1064 1412 1107 1442 de
1134 1411 1347 1452 Stapeldone,
1378 1422 1486 1452 nuper
1514 1411 1714 1443 Exoniensis

326 1456 490 1497 Episcopi,
509 1455 753 1487 Predecessoris
768 1455 885 1493 nostri,
902 1459 937 1486 et
950 1455 1098 1495 Capituli
1115 1455 1262 1487 Ecclesie
1275 1455 1483 1494 Exoniensis,
1496 1466 1613 1487 eorum
1627 1455 1713 1487 veris

323 1500 440 1541 sigillis
455 1499 490 1530 in
514 1510 587 1531 cera
612 1499 710 1530 viridi
733 1499 959 1540 pendentibus
982 1499 1153 1540 sigillatas,
1177 1499 1392 1540 inspeximus,
1415 1499 1451 1530 in
1474 1499 1535 1530 hec
1557 1499 1714 1539 verba,—

324 1544 498 1576 Universis
513 1544 555 1575 ad
571 1553 655 1584 quos
672 1546 843 1584 presentes
858 1543 970 1574 Litere
987 1543 1211 1584 pervenerint,
1229 1543 1406 1582 Walterus,
1424 1546 1498 1583 etc.,
1514 1543 1660 1574 salutem
1676 1543 1711 1574 in

325 1587 470 1619 Domino
486 1587 870 1628 sempiternam.—Cum
886 1587 1115 1618 condicionem
1132 1586 1279 1618 humane
1291 1586 1483 1628 fragilitatis
1492 1586 1712 1627 attendimus,

325 1634 360 1663 et
376 1631 521 1672 qualiter
536 1631 629 1662 omni
651 1634 813 1670 creature,
830 1634 902 1662 tam
925 1630 1063 1662 sublimi
1086 1641 1188 1672 quam
1212 1630 1343 1670 humili,
1359 1630 1637 1672 pretereuntibus
1651 1641 1714 1662 suo

324 1685 426 1707 cursu
436 1675 554 1706 diebus
571 1674 794 1715 presentibus,
810 1675 879 1705 vite
895 1674 971 1706 finis
987 1677 1155 1715 appareat,
1165 1674 1299 1705 intenta
1314 1674 1580 1706 consideracione
1595 1685 1712 1716 pensa-

326 1729 413 1758 mus,
433 1722 601 1760 quantum
617 1718 713 1750 nobis
728 1729 768 1750 ex
786 1718 866 1749 Alto
881 1718 1095 1759 permittitur
1111 1717 1285 1759 prevenire
1301 1718 1456 1758 cupimus
1471 1718 1561 1749 diem
1584 1719 1711 1759 mortis,

325 1766 365 1794 ut
379 1773 432 1794 am
439 1763 545 1804 plecte
561 1762 632 1802 (sic)
649 1773 707 1803 per
722 1773 791 1801 nos,
808 1762 929 1793 Divino
943 1762 1048 1794 Cultu
1072 1765 1107 1793 et
1130 1762 1309 1793 Missarum
1332 1761 1506 1793 sacrificiis
1530 1772 1591 1803 pro
1606 1762 1713 1802 nobis,

324 1817 362 1838 ac
378 1806 442 1838 hiis
458 1807 517 1848 qui
533 1817 593 1837 nos
609 1806 644 1837 iu
661 1810 774 1837 nostre
790 1805 1007 1837 mortalitatis
1023 1805 1130 1837 officio
1150 1809 1385 1846 precesserunt
1400 1808 1435 1836 et
1450 1806 1642 1846 succedent,
1669 1807 1712 1838 ad

325 1850 459 1882 laudem
475 1849 650 1890 Altissimi,
668 1850 786 1881 Eterni
802 1850 981 1881 clemencia
996 1850 1017 1882 J
1021 1849 1136 1889 udicis,
1154 1849 1263 1889 Quem
1279 1849 1413 1881 nullum
1436 1849 1520 1881 latet
1535 1853 1712 1890 secretum,

325 1899 362 1926 et
385 1894 475 1934 apud
502 1895 611 1934 Quem
635 1893 815 1935 appellacio
830 1894 894 1925 sibi
908 1893 1020 1925 locum
1044 1904 1111 1924 non
1128 1893 1294 1932 vendicat,
1311 1893 1433 1924 omisso
1448 1893 1557 1934 rigore
1573 1892 1596 1924 J
1599 1894 1710 1934 udicii,

325 1938 368 1969 de
384 1938 451 1969 Sue
466 1937 574 1978 gracie
595 1937 806 1979 plenitudine
826 1937 922 1969 nobis
944 1941 979 1969 et
1001 1937 1081 1978 ipsis
1103 1937 1265 1978 dignetur
1287 1937 1527 1978 propiciacione
1550 1940 1713 1979 perpetua

326 1981 485 2013 misereri.
533 1981 621 2013 Hinc
643 1985 696 2013 est
718 1981 811 2022 quod
835 1992 905 2021 nos,
926 1981 1088 2022 premissa
1111 1981 1212 2021 digna
1235 1981 1366 2012 racione
1389 1983 1579 2022 pensantes,
1595 1984 1632 2013 et
1654 1992 1714 2023 per

326 2025 540 2066 Prepositum
564 2028 598 2056 et
616 2026 903 2057 Communitatem
927 2024 1153 2066 Burgensium
1170 2024 1257 2056 Ville
1279 2027 1393 2056 nostre
1416 2024 1458 2056 de
1481 2025 1712 2066 Aschpertone

324 2069 470 2109 excitati,
495 2069 611 2100 habito
642 2079 719 2100 cum
745 2069 901 2110 Capitulo
931 2073 1046 2100 nostro
1077 2068 1258 2100 Exoniensi
1287 2068 1443 2108 diligenti
1473 2072 1509 2100 et
1534 2069 1714 2101 sufficienti

325 2116 485 2153 tractatu,
502 2113 628 2144 vocatis
649 2113 815 2153 vocandis,
831 2113 874 2144 de
897 2112 1050 2144 unanimi
1065 2123 1227 2144 consensu
1251 2111 1404 2153 ejusdem
1421 2112 1580 2153 Capituli,
1597 2123 1713 2144 omnes

324 2157 511 2189 oblaciones
533 2160 569 2188 et
590 2156 810 2188 obvenciones
827 2156 960 2198 Capelle
984 2156 1099 2188 Sancti
1116 2156 1300 2196 Laurencii‚
1316 2156 1404 2188 infra
1426 2156 1595 2188 ambitum
1613 2156 1713 2188 Ourie

325 2204 438 2233 nostre
454 2201 497 2232 de
513 2200 724 2241 Ashpertone
747 2201 883 2239 situate,
900 2200 1114 2232 concedimus
1137 2203 1172 2231 et
1194 2199 1403 2241 assignamus
1426 2200 1487 2232 uni
1511 2200 1711 2241 Presbitero,

325 2255 385 2286 pro
400 2244 526 2276 salubri
548 2247 641 2276 statu
658 2247 783 2283 nostro,
799 2246 835 2276 et
849 2254 910 2285 pro
925 2244 1038 2275 anima
1060 2245 1176 2275 nostra
1198 2253 1275 2275 cum
1298 2244 1342 2275 ab
1365 2243 1427 2275 hac
1449 2243 1523 2275 luce
1545 2244 1714 2276 subtracti

325 2288 499 2327 fuerimus,
517 2291 552 2320 et
567 2298 628 2329 pro
651 2288 828 2320 animabus
850 2288 1002 2319 omnium
1026 2287 1302 2319 Predecessorum
1325 2290 1361 2318 et
1384 2287 1619 2319 Successorum
1635 2298 1710 2320 nos-

324 2335 467 2372 trorum,
481 2332 723 2373 Episcoporum
737 2331 988 2371 Exoniensium,
999 2331 1034 2362 in
1050 2332 1166 2363 eadem
1181 2330 1314 2372 Capella
1326 2330 1450 2362 Divina.
1460 2331 1712 2372 imperpetuum

326 2374 518 2408 celebranti.
567 2375 631 2415 Ita,
655 2375 820 2415 videlicet,
844 2376 936 2416 quod
958 2375 1047 2406 idem
1065 2374 1234 2406 Presbiter
1256 2384 1316 2415 per
1338 2376 1473 2406 eosdem
1497 2375 1710 2416 Prepositum

326 2422 362 2451 et
389 2419 679 2451 Communitatem
703 2419 746 2450 ad
772 2419 858 2451 illud
886 2419 1071 2451 Servicium
1098 2418 1274 2459 obligetur,
1302 2420 1338 2449 et
1364 2418 1504 2450 Officiali
1531 2418 1711 2450 Peculiaris

327 2463 480 2505 ejusdem
510 2463 532 2496 J
536 2463 763 2495 urisdiccionis
786 2463 940 2504 ejusdem
966 2462 1063 2502 Ville,
1087 2462 1242 2503 congruis
1266 2461 1337 2493 loco
1360 2464 1396 2492 et
1417 2464 1580 2502 tempore,
1611 2462 1709 2494 aunis

327 2507 468 2547 singulis
481 2510 709 2548 presentetur;
725 2509 769 2546 et,
783 2508 811 2538 si
823 2507 869 2538 sit
880 2507 1030 2544 idoneus,
1041 2506 1168 2547 absque
1179 2505 1379 2536 difficultate
1391 2505 1551 2546 qualibet,
1569 2506 1711 2546 prestito

326 2550 520 2592 juramento
532 2550 732 2582 Obediencie
749 2554 784 2582 et
798 2550 889 2591 quod
905 2550 982 2591 jura
998 2550 1149 2581 Rectoris
1165 2559 1224 2580 seu
1241 2547 1368 2580 Vicarii
1383 2559 1449 2579 non
1461 2549 1639 2590 usurpabit
1650 2560 1711 2581 nec

327 2594 504 2633 diminuet,
533 2594 738 2626 admittatur
754 2604 763 2633 3
795 2605 857 2626 nec
879 2605 921 2625 ex
936 2593 998 2624 hoc
1014 2595 1216 2634 perpetuum
1239 2592 1383 2624 titulum
1405 2592 1527 2624 habeat
1543 2593 1579 2624 in
1595 2593 1712 2625 Officio

325 2637 527 2679 supradicto-
577 2638 624 2670 Et
638 2638 687 2670 ita
701 2638 793 2679 quod
808 2637 952 2679 predicti
968 2636 1161 2678 Prepositus
1176 2640 1212 2668 et
1228 2635 1462 2667 Communitas
1486 2637 1710 2677 Burgensium

326 2680 602 2722 supplementum
632 2681 900 2721 sustentacionis,
924 2680 1153 2719 exhibicionis,
1179 2683 1215 2711 et
1236 2679 1484 2720 stipendiorum
1511 2680 1709 2712 annualium

326 2724 479 2766 ejusdem
493 2725 683 2765 Presbiteri,
694 2729 863 2766 quatenus
874 2725 963 2756 dicte
972 2724 1158 2755 oblaciones
1170 2727 1205 2755 et
1217 2722 1437 2755 obvenciones
1448 2733 1515 2755 non
1527 2724 1711 2763 sufficiunt,

326 2768 476 2800 invenire
500 2772 535 2800 et
557 2769 752 2810 persolvere,
776 2769 951 2810 ipsamque
974 2767 1155 2809 Capellam,
1179 2766 1309 2807 Libros,
1325 2770 1360 2798 et
1376 2766 1584 2799 Ornamenta
1604 2768 1710 2809 ipsius

327 2822 489 2852 reparare,
513 2815 548 2844 et
569 2813 604 2844 in
631 2812 811 2844 sufficienti
837 2815 873 2844 et
899 2813 987 2843 bono
1012 2814 1106 2843 statu
1131 2810 1297 2842 sustinere
1323 2810 1586 2852 imperpetuum,
1613 2813 1710 2844 annis

326 2855 479 2895 singulis,
489 2859 678 2896 teneantur,
692 2859 727 2888 et
738 2857 780 2888 ad
797 2856 832 2888 id
847 2856 882 2887 in
899 2855 1147 2897 presentacione
1157 2854 1307 2896 predicta
1318 2855 1494 2886 annuatim
1506 2855 1710 2888 sufficienter

325 2898 527 2940 obligentur.
575 2899 652 2940 Qui,
667 2900 815 2941 quidem,
833 2899 1012 2939 Presbiter,
1028 2898 1181 2939 quolibet
1196 2898 1260 2929 Die
1282 2897 1459 2930 Dominico
1474 2901 1510 2930 et
1525 2898 1664 2931 Festive
1675 2899 1712 2932 ix

325 2941 524 2982 leccionum,
539 2946 602 2974 aut
617 2953 694 2975 cum
710 2943 873 2984 regimine
889 2942 1001 2981 Obori,
1019 2941 1198 2974 Matutinis
1214 2940 1325 2981 Horis,
1341 2940 1477 2982 Majoris
1501 2942 1602 2973 Misse
1618 2942 1710 2975 Cele-

325 2985 474 3018 bracioni
488 2991 524 3018 et
538 2986 695 3028 Vesperis
710 2987 746 3019 in
763 2985 950 3019 Parochiali
966 2985 1114 3018 Ecclesia
1129 2983 1350 3028 personaliter
1365 2985 1526 3018 interesse
1542 2989 1709 3027 teneatur,

306 3043 343 3079 R
