1988 3256
348 344 443 388 510

347 454 424 482 Amo

349 489 424 515 1383-
426 492 451 517 4.

347 522 411 549 Vol.
428 525 451 550 l.

345 723 392 751 fol.

347 758 423 784 114b.

572 357 674 391 THE
698 358 945 392 REGISTER
968 358 1029 391 OF
1052 358 1233 392 BISHOP
1256 358 1662 398 BRANTYNGHAM.

501 461 596 492 diota
612 458 908 502 EcclesiaJSancti
924 461 1032 492 Aluni
1056 464 1092 493 et
1115 461 1194 493 aliis
1218 461 1385 493 Ecclesiis
1409 462 1679 502 circumquaque
1694 459 1831 499 vicinis,
1854 459 1892 490 in

500 515 628 544 genere
652 506 791 546 publice
815 509 851 537 et
876 506 1105 546 solempniter
1127 506 1314 545 nuncietis,
1331 509 1367 537 et
1391 506 1532 537 faciatis
1556 516 1619 546 per
1642 506 1729 537 alios
1751 503 1891 545 publice

500 550 673 581 nunciari.
720 551 954 591 Inquirentes,
986 551 1245 590 nichilominus,
1269 561 1333 591 per
1362 551 1456 582 viros
1480 551 1674 590 fidedignos
1697 549 1891 590 pleniorem

503 595 671 625 noticiam
695 595 733 625 in
756 595 937 635 premissis
961 595 1172 635 optinentes,
1190 596 1219 626 si
1243 597 1404 635 oporteat
1428 605 1546 626 coram
1563 595 1661 626 vobis
1683 594 1830 636 juratos,
1847 592 1891 623 de

502 639 704 670 nominibus
721 642 757 670 ct
780 639 1048 678 cognominibus
1073 640 1206 670 dictum
1232 639 1459 680 Sequestrum
1483 643 1644 670 nostrum
1667 638 1892 677 violancium,

503 685 543 713 ut
567 683 755 723 prefertur.
803 684 848 714 Et
870 694 956 724 quos
981 694 1044 724 per
1062 683 1336 735 Inquisicionem
1360 686 1515 715 vestram
1540 683 1742 725 hujusmodi
1773 682 1891 722 culpa-

503 727 591 759 biles
608 739 669 759 seu
686 728 840 764 infamia,
850 738 1028 768 respersos
1051 728 1259 759 inveneritis
1281 729 1318 758 in
1343 729 1409 759 hac
1431 731 1543 768 parte,
1560 728 1687 767 citetis,
1705 737 1766 759 seu
1789 725 1892 758 citari

503 772 654 811 faciatis,
672 773 823 812 eosdem,
840 773 1085 813 peremptorie,
1102 773 1194 813 quod
1211 775 1437 813 compareant
1454 783 1572 804 coram
1588 772 1700 811 nobis,
1711 774 1773 803 aut
1789 771 1890 803 Com-

503 817 684 856 missariis,
702 819 779 856 etc.‚
796 818 832 847 in
851 817 1008 848 Manerio
1024 820 1145 848 nostro
1162 818 1204 848 de
1222 817 1482 857 Chuddeleghe,
1499 817 1635 848 decimo
1654 817 1710 847 die
1733 816 1892 847 Juridico

502 864 582 900 post
600 861 817 892 Citacionem
834 864 989 893 vestram
1006 862 1049 892 de
1065 862 1116 892 eis
1132 864 1194 892 aut
1218 862 1374 902 ipsorum
1398 862 1514 902 aliquo
1537 861 1671 892 factam
1698 860 1891 892 inmediate

503 908 681 946 sequente,
699 917 804 946 super
819 906 1022 947 hujusmodi
1038 906 1230 944 violacione
1249 906 1437 946 Sequestri,
1451 916 1491 937 ac
1508 906 1586 937 aliis
1596 905 1755 936 articulis
1770 905 1891 946 hujus-

502 951 597 981 modi
622 951 851 981 violacionem
880 950 1058 991 Sequestri
1083 951 1385 989 concernentibus,
1413 951 1545 981 eisdem
1576 953 1662 981 tunc
1697 960 1740 981 ex
1771 949 1892 985 Officio

502 997 623 1025 nostro
654 995 847 1026 obiciendis
878 998 914 1026 et
945 995 1170 1035 exponendis,
1197 995 1337 1026 divisim
1368 995 1580 1035 responsuri,
1606 998 1642 1026 et
1673 995 1716 1025 de
1739 994 1890 1025 veritate

503 1039 661 1078 dicenda,
680 1040 708 1070 si
725 1042 895 1080 oporteat,
912 1040 1145 1080 personaliter
1159 1040 1322 1080 juraturi,
1339 1039 1555 1080 ulteriusque
1574 1039 1703 1070 facturi
1721 1041 1757 1069 et
1772 1048 1890 1078 recep—

502 1084 573 1114 turi
590 1084 681 1124 quod
704 1084 848 1125 justicia
872 1084 1043 1115 suadebit.
1090 1084 1141 1114 De
1159 1084 1291 1123 diebus,
1308 1094 1401 1123 vero,
1425 1084 1640 1124 recepcionis
1664 1082 1890 1114 Presencium

502 1138 542 1158 ac
566 1129 786 1160 execucionis
810 1129 979 1170 ejusdem,
997 1131 1032 1159 ct
1049 1128 1132 1169 quid
1148 1129 1184 1158 in
1201 1128 1382 1168 premissis
1398 1128 1568 1159 duxeritis
1584 1127 1798 1167 faciendum,
1814 1137 1890 1166 nos,

502 1175 563 1203 aut
574 1173 686 1204 dictos
698 1173 965 1204 Commissarios
976 1175 1124 1212 nostros,
1136 1173 1230 1203 dicto
1240 1173 1376 1203 decimo
1387 1173 1443 1203 die
1456 1172 1658 1203 certificetis
1669 1182 1733 1213 per
1742 1174 1889 1211 vestras,

501 1218 730 1248 etc.—-Dated
753 1220 791 1248 at
815 1217 1022 1257 Chudleigh,
1039 1217 1082 1248 23
1098 1217 1119 1248 J
1122 1227 1268 1258 anuary.

455 1271 650 1321 Ipplepen
666 1285 677 1319 3
706 1271 868 1309 Licence
888 1278 924 1310 to
943 1272 1188 1317 celebrate‚--

458 1327 561 1366 Item,
592 1328 733 1366 ibidem,
759 1328 901 1369 xxvijn¹0
928 1327 984 1358 die
1010 1327 1094 1358 dicti
1122 1327 1264 1366 mensis,
1291 1327 1463 1358 Dominus
1488 1326 1661 1357 concessit
1689 1326 1888 1357 Licenciam

503 1372 673 1412 Magistro
690 1372 826 1412 Rogero
842 1373 884 1402 de
903 1371 1154 1411 Chestrefelde,
1172 1372 1312 1402 Rectori
1324 1371 1478 1402 Ecclesie
1490 1371 1705 1402 Parochialis
1715 1371 1758 1402 de
1775 1371 1888 1411 Ipple-

500 1426 600 1456 pene,
616 1417 709 1457 quod
724 1417 835 1457 possit
852 1417 1028 1447 celebrare
1055 1416 1240 1456 facereque
1257 1416 1386 1446 Divina
1402 1415 1580 1454 celebrari,
1597 1426 1660 1456 per
1674 1415 1889 1455 presbiteros

499 1461 665 1501 ydoneos,
682 1462 718 1491 in
736 1461 879 1502 Capella
895 1461 968 1492 sive
985 1461 1146 1491 Oratorio
1156 1460 1251 1491 infra
1268 1461 1466 1491 Rectoriam
1483 1470 1583 1491 suam
1600 1460 1741 1500 situato,
1758 1460 1890 1500 absque

500 1505 695 1546 prejudicio
711 1506 844 1544 alieno;
869 1505 1047 1546 quamdiu,
1066 1508 1133 1536 etc.

455 1559 643 1598 Morthoe
657 1573 667 1607 3
688 1561 842 1598 Licenee
862 1567 899 1598 to
917 1561 1164 1606 celebrate,—

456 1615 558 1654 Item,
575 1615 717 1655 ibidem,
734 1615 876 1656 xxviijvo
892 1615 948 1646 die
964 1615 985 1646 J
987 1615 1134 1654 anuarii,
1152 1615 1324 1646 Dominus
1340 1615 1513 1646 concessit
1529 1614 1727 1645 Licenciam
1745 1614 1888 1645 Decano

499 1662 536 1690 et
565 1660 727 1700 Capitulo
753 1660 908 1691 Ecclesie
934 1659 1155 1690 Cathedralis
1181 1659 1398 1698 Exoniensis‚
1430 1670 1472 1690 ac
1504 1657 1675 1700 [Ricardo
1701 1656 1887 1699 Hopkyn],

501 1704 675 1744 Perpetuo
699 1705 840 1736 Vicario
867 1704 1022 1735 Ecclesie
1046 1704 1262 1735 Parochialis
1285 1703 1328 1734 de
1354 1704 1568 1742 Estmortho,
1593 1703 1828 1734 communiter
1850 1705 1886 1733 et

500 1749 651 1788 divisim,
668 1749 712 1780 ad
730 1749 899 1780 celebrari
914 1747 1116 1779 faciendum
1134 1749 1272 1787 Divina,
1282 1758 1346 1788 per
1360 1748 1573 1788 presbiteros
1587 1748 1752 1789 ydoneos,
1769 1747 1807 1777 in
1824 1747 1888 1778 Ca—

499 1793 592 1833 pella
618 1793 738 1824 Sancti
765 1793 938 1824 Johannis
966 1793 1136 1833 Baptiste,
1162 1793 1204 1824 de
1231 1793 1467 1832 Pensworthe,
1493 1792 1588 1823 infra
1612 1791 1820 1823 Parochiam
1845 1791 1888 1823 de

500 1838 706 1869 Estmortho
716 1838 911 1878 predictam
923 1837 1065 1876 situata,
1078 1837 1244 1878 quociens
1254 1837 1431 1868 videbitur
1441 1837 1603 1877 expedire
1613 1851 1620 1874 ;
1631 1835 1809 1877 quamdiu,
1819 1837 1888 1867 etc.

453 1891 766 1930 Penitenciaries
780 1906 790 1940 3
820 1892 1024 1930 Revocacio
1043 1892 1486 1933 haiemim-iorum,—

455 1947 558 1986 Item,
575 1948 707 1979 eisdem
732 1948 788 1979 die
815 1950 851 1978 et
867 1948 952 1986 loco,
969 1947 1149 1977 emanavit
1173 1947 1381 1978 Mandatum
1407 1957 1511 1987 super
1533 1946 1760 1977 revocacione
1784 1945 1885 1977 Peni-

498 1993 749 2023 tenciariorum
777 2002 841 2033 per
864 1994 978 2022 totam
1006 1991 1181 2022 Diocesim
1214 1991 1278 2022 sub
1309 1992 1425 2022 forma
1449 1993 1617 2022 contenta
1641 1991 1679 2021 in
1712 1990 1886 2031 principio

499 2037 661 2077 quaterni
678 2037 761 2067 noni
777 2036 1009 2076 precedentis.
1059 2033 1134 2075 (fol.
1151 2036 1205 2067 63.
1251 2036 1310 2067 See
1325 2046 1415 2076 page
1432 2034 1524 2076 366.)

452 2090 932 2142 Glasney——Plymouth3
981 2089 1310 2139 Certfficatoriunz
1350 2090 1565 2129 Citacionis
1598 2089 1784 2139 ,llayistri
1819 2089 1884 2127 Jo—

506 2146 649 2183 hannis
676 2146 910 2189 Edneves‚-—

455 2201 670 2240 Reverendo,
686 2203 763 2239 etc.‚
788 2200 939 2232 Domino
962 2199 1105 2240 Thome,
1128 2201 1206 2238 etc.‚
1230 2209 1314 2230 suus
1338 2199 1481 2230 humilis
1505 2200 1671 2230 Decanus
1683 2198 1726 2229 de
1742 2198 1884 2239 Plymp-

499 2248 591 2284 tone,
624 2245 874 2283 obedienciam,
913 2245 1235 2276 etc-Mandatum
1275 2244 1505 2275 Pater-nitatis
1535 2246 1651 2274 vestre
1682 2242 1883 2282 reverende,

499 2290 640 2330 xxviijw
657 2290 712 2320 die
730 2290 860 2320 mensis
875 2290 896 2320 J
899 2289 1046 2327 anuarii,
1059 2289 1162 2319 Anno
1179 2288 1320 2319 Domini
1336 2288 1572 2328 infrascripto,
1589 2287 1714 2328 recepi,
1725 2289 1883 2318 tenorem

500 2334 684 2365 continens
701 2334 1191 2374 subsequentem,-'l'homas,
1202 2335 1280 2372 etc.‚
1294 2333 1434 2363 Decano
1446 2332 1678 2372 Plymptonie‚
1695 2341 1737 2362 ac
1753 2331 1885 2363 Curato

499 2378 654 2410 Ecclesie
671 2378 885 2409 Parochialis
901 2378 943 2409 de
960 2377 1218 2419 Plymmouthe,
1235 2379 1270 2408 et
1287 2377 1435 2417 singulis
1448 2376 1646 2416 Capellanis
1659 2375 1788 2407 Divina
1797 2375 1884 2407 cele-

499 2423 684 2453 brantibus
700 2423 737 2453 in
753 2423 886 2461 eadem,
905 2423 1065 2461 salutem,
1082 2422 1284 2453 etc-Cum
1294 2421 1479 2461 pluralitas
1491 2420 1744 2452 Beneficiorum
1760 2429 1882 2451 curam

499 2467 697 2498 animarum
714 2467 924 2498 habencium
942 2466 1143 2497 Canonibus
1160 2466 1206 2497 sit
1221 2466 1374 2504 inimica,
1392 2475 1432 2496 ac
1448 2475 1490 2496 ex
1506 2465 1581 2504 hoc,
1598 2464 1691 2505 quod
1705 2474 1807 2503 unus,
1823 2464 1884 2505 qui

499 2512 654 2550 unicum,
670 2511 830 2552 quamvis
847 2511 1034 2549 modicum,
1051 2511 1108 2541 vix
1125 2510 1276 2541 officium
1293 2510 1438 2550 implere
1455 2510 1639 2547 sufficeret,
1656 2509 1757 2549 plura
1773 2509 1882 2540 Bene-

500 2556 579 2586 ficia
604 2558 727 2586 curata
754 2556 790 2586 in
816 2556 964 2586 diversis
989 2555 1154 2586 Partibus
1177 2555 1345 2594 optineat,
1367 2557 1403 2584 et
1431 2554 1496 2585 sibi
1522 2553 1684 2584 vendicet
1707 2552 1884 2593 stipendia

499 2600 740 2640 plurimorum,
757 2610 823 2640 que
840 2600 962 2630 multis
977 2599 1128 2630 literatis
1143 2599 1229 2629 viris
1241 2598 1299 2639 qui
1313 2598 1515 2629 mendicant
1526 2598 1613 2629 satis
1629 2597 1778 2636 abunde,
1793 2606 1884 2638 equa¹

500 2644 751 2675 distribucione
782 2644 888 2682 facta,
916 2643 1073 2675 sufficere
1099 2643 1261 2681 valeant;
1286 2642 1431 2674 habenti
1456 2642 1537 2693 ipsa
1557 2643 1704 2682 paratur
1729 2640 1883 2681 vagandi

499 2689 658 2728 materia,
677 2689 824 2719 Divinus
842 2688 966 2719 Cultus
982 2688 1164 2726 minuitur,
1181 2687 1429 2727 hospitalitas
1419 2697 1455 2717 1n
1472 2686 1558 2729 ipsis
1570 2685 1754 2717 Beneficiis
1764 2685 1884 2716 debita

499 2744 569 2763 non
588 2735 758 2771 servatur,
775 2736 820 2771 et,
839 2732 922 2763 dum
939 2742 1009 2762 non
1027 2734 1109 2763 sunt
1126 2731 1179 2762 sui
1196 2731 1233 2762 in
1250 2741 1456 2771 unoquoque
1468 2731 1559 2761 Loco
1576 2730 1752 2768 Rectores,
1765 2729 1882 2761 Eccle-

500 2778 630 2809 siarum
648 2757 847 2808 detraliitur
863 2777 1047 2807 commodo
1061 2779 1097 2807 et
1113 2776 1255 2813 honori;
1277 2785 1354 2815 que,
1371 2777 1532 2806 carentes
1559 2773 1783 2805 defensorum
1800 2783 1882 2804 aux-

499 2822 568 2860 ilio,
595 2822 631 2851 in
655 2821 793 2862 juribus
821 2821 893 2852 suis
918 2823 954 2851 et
981 2820 1204 2851 libertatibus
1234 2819 1478 2860 multipliciter
1508 2818 1740 2857 collabuntur,
1770 2817 1883 2849 ruinis

498 2868 622 2906 patent
653 2865 791 2896 edificia
821 2865 953 2897 nobilia
975 2875 1041 2905 que
1065 2863 1333 2915 magnificencia
1363 2865 1566 2894 extruxerat
1589 2862 1822 2902 decessorum,
1845 2863 1882 2893 et

502 2908 609 2950 (quod
626 2909 782 2940 amarius
797 2911 851 2940 est
866 2906 1085 2949 dolendum),
1109 2909 1307 2939 animarum
1331 2917 1416 2939 cura
1438 2906 1631 2948 negligitur
1652 2908 1689 2938 et
1711 2906 1883 2938 viciorum

499 2953 660 2990 sensibus
689 2953 887 2987 fomentum
917 2953 1111 2995 periculose
1141 2952 1328 2998 prebetur;
1366 2951 1519 2998 quidam,
1549 2953 1681 2993 tamen,
1713 2949 1884 2994 Magister
