1988 3256
183 475 260 538 13'70.

186 544 279 573 v01.1.

185 1211 248 1243 [fol.

186 1245 244 1276 7b1.

507 369 799 405 REGISTRUM
834 370 1297 406 coMMUNE—ANNO
1338 362 1400 407 10.
1629 360 1725 404 233

290 478 415 517 Court
429 479 470 517 of
489 478 766 531 Canterbury·
756 509 767 527 ,
787 479 850 517 Sir
863 478 970 518 John
983 478 1032 517 de
1047 478 1279 517 Montacute
1294 477 1373 515 and
1388 477 1501 515 Dean
1521 477 1722 527 Sumpter,

336 533 761 583 —Certfflcatorium
744 548 788 572 m
806 534 956 584 neqocio
984 533 1185 583 cujusdam
1213 533 1358 582 querele
1387 532 1431 569 in
1463 531 1591 571 Curia
1622 531 1716 570 Gan

350 587 606 633 παν-ἰωή,-

297 642 500 682 Reverendo,
527 645 602 681 etc„
634 642 780 674 Domino
805 642 945 674 Officiali
977 641 1077 674 Curie
1108 641 1368 681 Cantuariensis,
1396 651 1456 672 seu
1487 640 1592 682 ipsius
1625 639 1726 672 Curie

338 685 526 718 Presidenti
548 686 758 727 cuicumque,
775 685 931 726 Thomas,
947 690 1020 726 etc„
1037 685 1273 724 obedienciam,
1297 695 1375 716 cum
1397 684 1587 716 reverencia
1610 683 1725 715 debita

337 732 373 761 et
388 729 769 761 honora—Mandatum
785 732 936 761 vestrum
949 729 1104 761 vicesimo
1120 729 1222 760 tercio
1237 729 1291 760 die
1306 729 1430 760 mensis
1447 728 1611 767 Octobris,
1625 727 1724 759 Anno

338 773 475 805 Domini
496 773 719 814 infrascripto,
743 774 929 814 recepimus
952 773 987 804 in
1010 773 1072 805 hec
1094 772 1459 811 verba,—Reverendo‚
1485 776 1559 811 etc„
1583 771 1723 811 Thome,

337 820 413 856 etc„
440 817 596 849 Officialis
622 817 722 849 Curie
748 817 999 849 Cantuariensis
1029 817 1184 856 salutem,
1213 827 1290 848 cum
1321 816 1510 847 reverencia
1539 818 1574 847 et
1600 815 1726 847 honore

337 861 461 892 debitis
476 864 574 892 tanto
591 861 918 900 Patri.—Querelam
942 861 1073 892 Nobilis
1097 860 1178 899 Viri,
1202 860 1339 891 Domini
1361 860 1527 891 Johannis
1549 860 1592 891 de
1608 859 1725 890 Monte

335 907 445 944 acuto,
476 904 605 944 Militis,
636 915 772 946 gravem
804 904 1000 945 recepimus,
1032 904 1263 936 continentem
1291 904 1383 945 quod
1416 904 1496 935 Pars
1525 903 1678 944 ejusdem
1705 914 1725 934 a

338 948 441 987 vobis,
473 948 627 989 congruis
659 948 729 980 loco
759 951 795 979 et
824 951 986 989 tempore,
1017 948 1144 989 pluries
1182 947 1331 987 legitime
1362 948 1461 988 petiit
1491 950 1527 978 et
1557 947 1726 978 instanter

337 992 499 1033 quatinus
531 992 731 1033 Magistrum
769 992 958 1023 Robertum
996 992 1168 1032 Sumpter,
1200 994 1311 1023 vestre
1342 991 1488 1022 Ecclesie
1526 991 1726 1022 Exoniensis

339 1036 523 1075 Deeanum,
547 1046 648 1077 super
670 1046 709 1067 eo
731 1036 822 1077 quod
845 1036 937 1067 idem
961 1035 1120 1076 Magister
1146 1034 1313 1067 Robertus
1340 1035 1511 1076 prefatum
1540 1035 1726 1066 Dominum

339 1079 530 1112 Johannem
560 1079 888 1111 excommunicatum
919 1079 1032 1119 fuisse,
1061 1089 1139 1110 cum
1169 1089 1236 1110 non
1264 1083 1361 1118 esset,
1387 1078 1539 1118 asseruit,
1567 1078 1664 1118 dixit,
1690 1080 1726 1110 et

338 1123 532 1164 predicavit,
549 1123 726 1164 eidemque
742 1123 1013 1154 communionem
1031 1122 1178 1154 fidelium
1196 1122 1328 1163 publice
1351 1122 1501 1154 inhibere
1518 1121 1724 1163 presumpsit

338 1167 494 1208 nequiter
509 1170 544 1198 et
559 1166 698 1208 injuste,
714 1167 894 1209 ipsumque
909 1167 1094 1198 Dominum
1110 1164 1311 1205 dohannem,
1328 1167 1411 1197 dum
1436 1166 1559 1198 Divina
1582 1166 1724 1197 celebra-

340 1214 460 1242 rentur
476 1210 590 1243 Officia
605 1211 639 1242 in
656 1211 772 1242 eadem
785 1210 943 1250 Ecclesia,
957 1211 1057 1250 exire,
1074 1213 1109 1241 et
1124 1220 1166 1242 ne
1182 1210 1304 1241 Divina
1318 1210 1402 1241 inibi
1416 1209 1451 1241 in
1467 1210 1573 1250 ipsius
1591 1209 1727 1240 Domini

340 1254 505 1286 «Iohannis
535 1254 703 1295 presencia
733 1254 981 1286 celebrarentur
1012 1254 1145 1286 monuit
1175 1257 1210 1285 et
1238 1254 1411 1294 preeepit3
1442 1254 1551 1285 eidem
1580 1253 1726 1284 Domino

340 1299 360 1331 J
364 1298 486 1329 ohanni
504 1298 545 1329 de
559 1298 694 1339 justicia
716 1308 955 1339 responsurum
979 1298 1131 1329 faceretis
1154 1308 1264 1329 coram
1282 1297 1376 1329 vobis
1399 1297 1440 1328 ad
1460 1297 1626 1338 judicium
1651 1307 1721 1328 evo·

340 1342 416 1381 cari,
433 1341 644 1383 ulteriusque
659 1341 860 1373 exhiberetis
875 1341 984 1373 eidem
1001 1352 1101 1383 super
1123 1341 1294 1382 premissis
1315 1341 1470 1372 debitum
1484 1341 1621 1382 justicie
1637 1351 1724 1372 eom-

342 1385 561 1428 plementum.
608 1385 687 1424 Vos,
712 1388 837 1425 tamen,
863 1386 997 1416 Partem
1021 1385 1138 1426 ipsam,
1163 1385 1208 1416 sic
1231 1387 1403 1426 petentem
1426 1385 1647 1416 effectualiter
1669 1395 1724 1416 ex-

339 1429 455 1460 audire
477 1432 513 1460 et
535 1428 684 1460 debitam
715 1429 750 1460 in
782 1429 950 1470 premissis
979 1429 1148 1470 justiciam
1172 1429 1236 1460 sibi
1259 1428 1367 1460 facere
1397 1439 1465 1460 non
1489 1428 1641 1468 curastis,
1673 1431 1726 1459 set

340 1473 418 1514 plus
433 1472 548 1504 debito
564 1473 745 1504 distulistis
761 1475 796 1503 et
811 1472 989 1512 differtis,'
979 1483 1015 1504 in
1030 1472 1136 1514 ipsius
1152 1472 1289 1503 Domini
1305 1472 1469 1504 ,Iohannis
1493 1472 1722 1513 prejudicium

341 1519 376 1548 et
390 1526 579 1557 gravamen.
635 1516 735 1548 Unde
752 1516 831 1547 Pars
846 1516 1010 1558 ejusdem,
1027 1516 1070 1548 ad
1087 1527 1146 1547 nos
1161 1516 1407 1557 subsequenter
1427 1516 1585 1548 accedens
1601 1519 1637 1547 et
1652 1526 1724 1556 pre—

342 1560 444 1592 missa
458 1560 554 1591 nobis
565 1559 714 1592 seriatim
725 1570 903 1599 exponens,
919 1560 983 1591 sibi
998 1570 1099 1600 super
1114 1560 1177 1591 hoc
1192 1560 1234 1591 de
1245 1560 1392 1591 remedio
1409 1570 1467 1601 per
1483 1570 1542 1591 nos
1560 1559 1727 1601 provideri

342 1604 443 1645 pet-iit
465 1607 642 1645 oportuno.
687 1603 721 1635 N
722 1603 859 1644 olentes,
875 1604 989 1645 igitur,
1005 1603 1114 1635 eidem
1130 1603 1164 1634 in
1180 1614 1241 1635 sua
1256 1604 1369 1635 deesse
1383 1603 1530 1645 justicia,
1547 1603 1649 1635 sicuti
1665 1613 1726 1634 nec

343 1647 514 1687 debemus,
541 1647 646 1686 vobis,
676 1657 752 1679 cum
781 1657 816 1679 ea
845 1658 911 1688 qua
938 1647 1034 1679 decet
1060 1647 1256 1687 reverencia,
1281 1647 1370 1678 dicte
1401 1647 1502 1679 Curie
1526 1647 1729 1679 auctoritate

342 1691 484 1723 firmiter
498 1689 705 1732 injungendo
721 1691 919 1722 mandamus
934 1691 1105 1732 quatinus,
1117 1691 1145 1722 si
1161 1691 1279 1731 castita,
1292 1691 1380 1722 infra
1391 1691 1584 1732 quindecim
1596 1691 1728 1722 dierum

345 1735 504 1776 spacium,
521 1745 541 1766 a
555 1738 706 1775 tempore
721 1734 922 1775 recepcionis
938 1735 1151 1766 Presencium
1167 1735 1327 1766 continue
1342 1735 1601 1774 numerandum,
1619 1735 1727 1766 eidem

343 1779 436 1810 Parti
451 1778 639 1820 querelanti
654 1788 754 1819 super
771 1778 940 1819 premissis
955 1778 1085 1810 faciatis
1101 1778 1255 1810 debitum
1271 1778 1406 1819 justicie
1430 1779 1724 1820 complementum.

344 1822 502 1863 Alioquin
530 1821 651 1862 citetis,
677 1832 736 1853 seu
768 1821 863 1853 citari
893 1822 1033 1861 faciatis,
1062 1822 1292 1863 peremptorie,
1324 1822 1494 1863 prefatum
1528 1822 1727 1863 Magistrum

343 1866 528 1897 Robertum
546 1866 715 1906 Snmpter,
730 1864 914 1906 Decanum,
927 1866 1019 1907 quod
1035 1869 1225 1907 compareat
1241 1876 1350 1897 coram
1368 1866 1472 1904 nobis,
1483 1869 1544 1898 aut
1559 1866 1623 1897 alio
1639 1866 1729 1897 dicte

342 1909 443 1942 Curie
474 1908 678 1949 Presidente,
705 1909 740 1940 in
770 1909 915 1941 Ecclesia
941 1910 1044 1941 Beate
1075 1909 1179 1941 Mario
1209 1910 1251 1940 de
1281 1909 1437 1941 Arcubus
1462 1910 1725 1948 Londoniarum,

343 1953 500 1985 vicesimo
514 1953 568 1984 die
584 1956 661 1994 post
676 1953 807 1994 lapsum
823 1953 991 1984 dictorum
1015 1953 1206 1994 quindecim
1223 1954 1365 1992 dierum,
1381 1954 1410 1985 si
1425 1953 1446 1985 J
1450 1954 1598 1985 uridicns
1614 1953 1728 1992 fuerit,

343 1996 491 2038 alioquin
514 1997 667 2038 proximo
689 1997 744 2028 die
765 1995 788 2028 J
792 1997 920 2028 uridico
943 2000 1026 2028 tunc
1045 2000 1216 2038 sequente,
1243 1997 1277 2028 in
1305 1997 1394 2028 dicte
1421 1997 1556 2039 querele
1582 1997 1729 2038 negocio,

342 2040 442 2082 juxta
463 2040 569 2080 ipsius
592 2040 791 2082 qualitatem
815 2044 849 2071 et
872 2044 1038 2080 naturam,
1063 2051 1277 2082 processurus
1301 2041 1453 2073 facturus
1477 2044 1512 2073 et
1535 2045 1731 2082 recepturus

343 2085 435 2125 quod
449 2084 584 2126 justicia
599 2084 764 2116 suadebit.
810 2084 861 2116 De
885 2084 1013 2124 diebus,
1030 2095 1118 2123 vero,
1135 2084 1335 2126 recepcionis
1352 2085 1568 2116 Presencium
1583 2095 1621 2116 ac
1639 2085 1728 2116 Cita-

343 2127 446 2159 cionis
476 2131 596 2167 vestre,
629 2128 797 2169 modoque
827 2131 863 2160 et
892 2128 1001 2159 forma
1038 2128 1201 2169 ejusdem,
1233 2139 1272 2160 ac
1301 2128 1329 2160 si
1359 2129 1491 2160 dictum
1529 2129 1730 2169 Magistrum

345 2171 530 2203 Robertum
546 2171 764 2212 personaliter
786 2171 979 2211 citaveritis,
995 2182 1125 2203 necnon
1148 2172 1231 2213 quid
1254 2172 1399 2203 feceritis
1422 2173 1457 2203 in
1482 2172 1650 2214 premissis
1672 2183 1731 2203 seu

344 2215 510 2247 duxeritis
532 2215 734 2255 faciendum,
758 2225 829 2252 nos,
845 2218 906 2247 aut
928 2215 1032 2247 alium
1056 2216 1145 2247 dicte
1170 2215 1269 2247 Curie
1294 2216 1536 2255 Presidentem,
1554 2216 1654 2248 dictis
1677 2215 1732 2247 die

344 2261 381 2290 et
397 2259 468 2290 loco
484 2258 664 2290 certificare
680 2259 803 2290 curetis
819 2269 878 2300 per
894 2259 1022 2290 Literas
1038 2262 1165 2291 vestras
1188 2262 1352 2300 patentes,
1371 2260 1491 2291 harum
1513 2260 1631 2291 serie-m
1655 2270 1731 2291 con-

343 2302 660 2334 tinentes—Dated
688 2302 838 2342 London,
856 2304 895 2334 21
925 2302 1183 2341 Oct—Verum,
1207 2303 1286 2344 quia
1310 2304 1352 2334 ad
1380 2303 1571 2335 faciendum
1596 2303 1732 2344 justicie

342 2346 627 2387 complementum
651 2346 808 2378 Partibus
830 2346 998 2387 predictis,
1024 2349 1064 2378 ut
1086 2347 1278 2386 mandatur,
1301 2347 1415 2378 arduis
1438 2350 1474 2378 et
1496 2347 1635 2378 diversis
1658 2358 1730 2388 pre-

341 2389 446 2430 pediti
463 2389 606 2430 negociis
621 2389 664 2420 ad
681 2400 815 2430 presens
830 2390 1005 2421 intendere
1027 2400 1094 2421 non
1112 2390 1272 2428 valemus,
1292 2390 1381 2421 dicte
1405 2391 1506 2422 Curie
1529 2391 1728 2430 deferentes,

341 2433 408 2464 ista
423 2433 502 2473 vice,
519 2433 608 2464 idem
625 2433 759 2474 querele
775 2434 959 2474 negocium,
976 2443 1054 2465 cum
1076 2433 1146 2464 suis
1169 2433 1429 2474 emergentibus,
1447 2434 1727 2475 dependentibus,

343 2479 378 2508 et
393 2477 559 2516 connexis,
575 2476 610 2507 in
634 2477 750 2508 eadem
767 2477 868 2509 Curia
892 2477 1124 2509 Cantuariensi
1147 2476 1262 2508 haberi
1285 2477 1442 2509 volumus
1465 2480 1501 2509 et
1522 2477 1647 2509 ibidem
1664 2478 1730 2509 fine

342 2520 458 2552 debito
480 2519 662 2552 terminari.
666 2521 821 2552 -Dated
838 2521 989 2560 London,
1007 2521 1048 2553 25
1065 2520 1219 2552 October.

188 2577 250 2642 [sfil-
300 2579 475 2618 Blisland
498 2578 716 2632 [Blystone,
740 2578 869 2632 MS.;]
898 2580 1242 2629 Dispensation,-—-

299 2634 460 2673 Granted,
474 2634 518 2668 27
532 2634 619 2674 Oct„
633 2637 669 2666 to
685 2634 790 2675 Hugh
801 2634 1037 2675 Cornewaylle,
1051 2635 1092 2666 de
1108 2634 1280 2675 Blystone.
1282 2635 1492 2667 —Porrectis
1505 2646 1563 2677 per
1582 2640 1616 2667 te
1634 2636 1731 2668 nobis

339 2677 375 2708 in
398 2677 460 2709 hac
482 2681 576 2718 parte
600 2677 753 2719 precibus
777 2682 946 2719 quantum
973 2678 1008 2709 in
1036 2678 1181 2709 Domino
1208 2689 1388 2719 possumus
1415 2679 1643 2711 favorabiliter
1672 2691 1729 2712 an-

342 2724 494 2761 nuentes,
518 2724 567 2760 ut,
592 2732 659 2752 non
682 2722 839 2753 obstante
861 2722 997 2753 defectu
1020 2721 1184 2753 natalium
1207 2732 1308 2762 quem
1333 2722 1456 2763 pateris
1478 2723 1520 2754 de
1545 2724 1730 2764 presbitero

340 2764 475 2805 genitus
498 2767 533 2796 et
554 2765 674 2804 soluta,
690 2769 724 2797 et
748 2765 828 2806 quia
851 2765 954 2796 tacito
977 2765 1019 2796 de
1044 2765 1117 2805 ipso
1144 2765 1279 2796 defectu
1307 2768 1341 2796 te
1366 2766 1486 2806 fecisti,
1511 2767 1592 2798 alias
1614 2771 1730 2799 tamen

340 2808 415 2847 rite,
431 2808 574 2840 clericali
589 2812 754 2840 caractere
770 2808 922 2849 insigniri
936 2819 945 2845 ;
969 2812 1011 2840 ut
1035 2809 1125 2839 dicto
1141 2811 1307 2840 caractere
1323 2809 1414 2841 licite
1431 2810 1480 2841 uti
1497 2811 1614 2851 possis,
1634 2814 1669 2843 et
1686 2812 1731 2843 ad

340 2861 455 2883 omnes
472 2851 615 2884 Minores
631 2852 783 2891 Ordines,
799 2862 837 2883 ac
853 2852 1058 2883 Beneficium
1082 2851 1350 2884 Ecclesiasticum
1374 2852 1429 2884 cui
1445 2864 1524 2885 cura
1540 2854 1731 2886 animarum

341 2905 408 2926 non
424 2895 590 2935 imminet,
609 2895 638 2927 si
652 2895 743 2936 quod
758 2895 822 2927 tibi
839 2895 1004 2927 Canonioe
1026 2896 1227 2934 conferatur,
1245 2896 1460 2936 promoveri;
1483 2898 1578 2938 dum,
1602 2901 1729 2938 tamen,

340 2938 434 2970 aliud
456 2938 661 2971 Oanonicum
686 2949 752 2970 non
776 2939 940 2977 obsistat3
963 2938 1119 2979 injuncta
1141 2938 1206 2970 tibi
1228 2939 1321 2980 prius
1344 2950 1404 2981 per
1426 2950 1487 2972 nos
1510 2951 1570 2982 pro
1592 2952 1730 2974 excessu

340 2981 491 3023 predicto
506 2982 696 3024 penitencia
709 2982 858 3023 salutari,
882 2985 996 3014 tecum
1012 2985 1127 3014 tenore
1143 2982 1360 3016 Presencium
1376 2983 1621 3025 dispensamus.
