1988 3256
324 359 418 404 428
526 372 626 407 THE
661 373 907 409 Rsoisrssss
942 374 1004 408 oF
1039 373 1217 408 msnor
1251 370 1662 409 BRANTYNGHAM.

322 473 398 534 QUO·-
435 476 694 526 Launceston‚
717 479 865 530 Chapel
885 481 926 518 of
947 481 1002 519 St.
1028 481 1143 531 Mary
1162 479 1396 530 Magdalene
1409 493 1421 528 3
1448 477 1774 529 Indulqencia,—-

321 530 531 574 v01,1,Item,
555 531 694 573 ibidem,
720 534 769 575 xij
795 534 851 569 die
871 535 998 567 mensis
1021 535 1188 577 ejusdem,
1214 534 1384 567 Dominus
1409 534 1578 567 concessit
1601 532 1638 566 xl
1661 532 1734 565 dies
1755 527 1873 563 Indul-

468 576 588 617 gencie
617 576 776 611 omnibus
806 576 1028 611 audientibus
1057 578 1204 611 Missam
1231 577 1479 611 Matutinalem
1508 578 1546 610 in
1575 575 1718 619 Capella
1747 574 1874 608 Sancte

468 619 581 653 Marie
602 619 820 663 Magdalene,
844 621 880 653 in
902 620 1022 665 Burgo
1042 622 1136 655 Ville
1156 622 1394 661 Lancestonie,
1420 625 1457 654 et
1477 622 1535 664 pie
1556 621 1671 653 Deum
1692 616 1875 652 orantibus

467 674 532 706 pro
552 667 648 697 statu
668 668 703 697 et
722 675 808 707 pace
828 665 982 699 Ecclesie
1001 669 1037 698 et
1056 665 1179 708 Regni,
1204 676 1244 698 ac
1264 665 1406 698 Domini
1426 665 1532 707 Regis
1553 663 1695 697 Ricardi
1728 673 1769 695 ac
1790 661 1874 694 Pro-

467 717 584 740 cerum
612 707 724 750 Regni
768 709 833 748 sui‚
864 719 905 741 ac
933 708 1116 742 orantibus
1145 720 1209 752 pro
1239 708 1420 742 animabus
1450 708 1679 742 Dominorum
1707 703 1873 739 Edwardi

467 750 589 792 Tei-cii,
611 752 787 793 quondam
806 752 912 794 Regis
928 751 1065 794 Anglie‚
1087 756 1124 785 et
1142 752 1318 792 Edwardi,
1339 751 1561 794 primogeniti
1582 751 1646 792 sui,
1670 760 1713 782 ac
1730 747 1873 782 Domini

469 793 630 835 Hugonis
647 794 689 827 de
707 794 917 837 Oourtenay,
938 795 1113 837 quondam
1131 795 1277 829 Comitis
1296 795 1462 835 Devonie‚
1483 805 1523 827 ac
1542 791 1722 826 animabus
1740 794 1872 824 susten-

470 837 625 870 tancium
649 837 866 872 Presbiteros
888 839 1028 881 ibidem,
1054 843 1090 872 et
1112 840 1266 872 omnium
1289 838 1443 871 fidelium
1468 835 1871 874 defunctorum.-—Item,

468 881 596 914 eisdem
618 880 672 914 die
693 885 728 915 ct
748 882 834 925 loco,
860 883 975 916 Maior
996 887 1032 916 et
1054 883 1293 916 Communitas
1316 882 1427 924 Burgi
1447 880 1542 914 Ville
1564 878 1791 912 Lancestonie
1811 876 1871 910 ha-

469 923 620 958 buerunt
634 926 830 959 Licenciam
845 927 887 960 de
901 926 1065 960 celebrari
1079 926 1236 959 faciendo
1250 926 1390 965 Divina,
1408 936 1471 968 per
1484 923 1694 967 presbiteros
1708 921 1872 964 ydoneos,

469 968 505 1001 in
523 967 666 1012 Capella
682 969 792 1003 Beate
808 970 920 1003 Marie
937 970 1144 1013 Magdalene
1162 970 1256 1002 infra
1272 969 1430 1011 Burgum
1448 967 1665 1010 predictum;
1691 964 1869 1009 quamdiu,

464 1014 746 1056 etc.‚—exceptis
769 1012 888 1047 diebus
911 1017 947 1047 et
968 1013 1184 1057 temporibus
1207 1013 1435 1046 oblacionum.

424 1079 593 1128 Oratory
610 1093 617 1124 ;
647 1080 801 1117 Licence
822 1087 858 1118 to
877 1081 1123 1126 celebrate,—

419 1131 520 1173 Item,
549 1132 677 1165 eisdem
703 1133 758 1166 die
783 1136 819 1166 et
842 1133 928 1174 loco,
955 1132 1133 1166 Johannes
1159 1131 1307 1174 Coullyn
1331 1135 1366 1164 et
1392 1131 1469 1173 ejus
1494 1140 1591 1170 uxor,
1622 1140 1662 1162 ac
1688 1127 1866 1162 Johannes

463 1174 727 1218 Moungombre,
747 1175 946 1210 habuerunt
961 1176 1167 1217 Licenciam,
1189 1179 1269 1216 etc„
1288 1176 1323 1207 in
1341 1174 1491 1217 Capellis
1509 1185 1569 1208 seu
1587 1173 1756 1207 Oratoriis
1775 1172 1869 1204 infra

460 1219 620 1253 Maneria
637 1220 678 1254 de
696 1221 926 1253 Trewrennen
944 1221 998 1261 [c'n
1016 1221 1067 1254 St.
1090 1221 1133 1254 M
1134 1221 1266 1262 adron]
1283 1223 1319 1253 et
1336 1218 1502 1261 Kerthyn
1518 1218 1574 1260 [in
1591 1217 1643 1251 Sc.
1667 1216 1860 1257 Crowan];

460 1264 626 1306 quamdiu
644 1262 754 1306 nobis,
776 1262 855 1306 e'tc.,
878 1264 1092 1297 duraturam.

419 1328 455 1367 A
474 1331 772 1368 contumacious
793 1331 904 1368 Friar
920 1343 930 1378 3
962 1331 1111 1369 Contra
1129 1331 1308 1368 Fratrem
1326 1329 1550 1368 Martinum
1571 1327 1861 1374 Hah-combef—

418 1381 579 1425 Thomas,
605 1386 685 1425 etc.‚
711 1383 892 1416 Bodminie
917 1387 951 1416 et
974 1383 1202 1417 Laneestonie
1226 1381 1418 1422 Prioribus,
1445 1392 1577 1414 necnon
1600 1379 1865 1414 Jurisdiccionis

459 1430 578 1459 nostre
598 1426 788 1459 Peculiaris
809 1431 844 1460 et
865 1426 1108 1460 Archidiaconi
1130 1427 1239 1459 nostri
1262 1425 1434 1459 Cornubie
1455 1423 1681 1465 officialibus,
1705 1423 1863 1461 salutem,

464 1470 714 1503 etc.—-Literas
736 1474 872 1504 nostras
895 1470 1063 1504 salutares
1085 1470 1328 1512 infrascriptas
1348 1472 1465 1502 nostre
1486 1468 1643 1501 Diocesis
1664 1466 1765 1500 nobis
1785 1465 1864 1499 sub-

457 1514 540 1547 ditis
565 1514 651 1547 alias
674 1515 893 1548 meminimus
919 1514 1095 1555 direxisse,
1123 1513 1272 1547 formam
1296 1512 1483 1546 verborum
1507 1521 1574 1554 que
1600 1510 1759 1552 sequitur
1784 1520 1862 1543 con-

309 1556 352 1597 οἱ·
388 1570 419 1591 ut
452 1556 824 1599 tinentes‚—Thomas‚
861 1562 925 1591 etc.
954 1559 1015 1599 (sec
1048 1568 1138 1600 page
1169 1557 1354 1599 410).—Et
1385 1561 1466 1599 post
1497 1556 1560 1590 hec
1593 1556 1735 1589 audiens
1766 1554 1858 1588 idem

309 1609 396 1639 supra
451 1601 627 1635 Martinus
652 1601 901 1644 Inquisiciones
928 1605 1110 1644 captas-et
1135 1601 1406 1634 Insormaciones
1432 1611 1536 1643 super
1559 1598 1762 1634 excessibus*
1782 1598 1854 1631 suis

307 1634 391 1701 {31¹2ss
393 1676 410 1693 0
460 1643 501 1677 de
513 1645 640 1687 quibus
651 1645 871 1683 antedicitur‚
885 1648 1050 1685 tanquam
1063 1645 1117 1677 leo
1132 1645 1268 1686 fugiens
1282 1645 1326 1676 ad
1341 1644 1549 1686 speluncam,
1569 1656 1589 1677 a
1603 1642 1768 1675 Partibus
1783 1641 1853 1675 illis

308 1702 344 1728 ad
366 1700 421 1734 sig·
458 1689 493 1720 in
517 1688 643 1731 quibus
666 1689 701 1721 in
727 1699 766 1721 ea
792 1692 893 1731 parte
915 1689 1029 1721 fuerat
1054 1688 1260 1730 inquisitum
1284 1688 1328 1720 ad
1352 1687 1475 1720 Partes
1500 1690 1618 1719 nostre
1642 1685 1798 1718 Diocesis
1824 1685 1858 1717 in

309 1745 393 1774 num,
459 1732 669 1766 Cornubiam
699 1743 735 1765 se
761 1732 945 1765 transtulit
973 1731 1178 1774 angulares3
1213 1732 1250 1764 in
1278 1729 1415 1773 quibus,
1446 1730 1615 1764 remocius
1644 1740 1666 1762 a
1693 1728 1794 1762 nobis
1822 1732 1858 1761 et

309 1770 419 1797 cmm·
456 1776 612 1808 Ecclesia
630 1780 751 1808 nostra
768 1774 979 1815 Cathedrali,
1002 1785 1160 1812 excessus
1180 1785 1259 1806 suos
1278 1774 1406 1807 vetitos
1427 1773 1538 1806 voluit
1558 1773 1726 1805 secrecius
1745 1781 1859 1804 excer-

457 1831 543 1861 cere,
562 1823 723 1862 questum
738 1819 962 1861 pecuniarum
979 1817 1042 1851 sub
1057 1818 1252 1851 velamento
1269 1817 1454 1859 potestatis
1470 1815 1670 1858 Apostolice
1687 1814 1752 1848 sibi
1768 1825 1857 1848 com-

456 1864 570 1904 misse,
597 1866 638 1895 ut
661 1863 796 1902 asserit,
821 1873 843 1894 a
866 1861 1016 1895 subditis
1041 1862 1168 1894 nostris
1193 1860 1408 1904 simplicibus
1433 1861 1504 1894 suis
1529 1860 1686 1892 confictis
1709 1859 1856 1891 fallaciis

459 1911 494 1940 et
523 1906 642 1940 subtili
674 1906 823 1948 quodam
853 1906 991 1948 ingenio
1021 1909 1242 1947 extorquens,
1275 1916 1326 1944 ac,
1361 1905 1624 1937 Sacramentum
1653 1902 1853 1936 Penitencie

457 1949 578 1983 venale
605 1950 734 1992 passim
764 1948 928 1982 exhibens
956 1951 992 1981 et
1021 1957 1206 1990 exponenS,
1238 1946 1406 1989 populum
1435 1946 1535 1980 nobis
1563 1947 1783 1979 commissum
1811 1956 1853 1979 ac

456 1993 656 2035 hujusmodi
676 1991 834 2026 subditos
854 1995 1003 2034 nostros,
1026 1991 1181 2033 ipsorum
1203 1990 1461 2024 Confessionem
1483 1989 1665 2030 audiendo,
1690 1989 1726 2022 in
1747 1999 1854 2032 grave

456 2048 596 2071 suarum
613 2036 805 2068 animarum
821 2035 1011 2077 periculum
1029 2035 1158 2076 decipit
1173 2038 1208 2067 et
1223 2033 1396 2067 subvertit
1409 2046 1416 2073 ;
1441 2037 1486 2074 et,
1505 2033 1636 2066 nullam
1650 2034 1685 2066 in
1702 2044 1743 2066 ea
1757 2035 1858 2075 parte

457 2091 478 2113 a
500 2080 587 2114 Sede
608 2078 810 2122 Apostolica
834 2089 895 2111 seu
916 2077 1028 2119 nobis,
1054 2083 1116 2112 aut
1139 2089 1159 2110 a
1180 2078 1268 2119 jure,
1294 2076 1455 2110 obtinens
1478 2080 1699 2119 potestatem,
1723 2087 1782 2109 eos
1805 2075 1850 2109 ab

456 2123 616 2157 omnibus
633 2123 786 2165 peccatis
805 2123 886 2164 suis,
907 2122 1015 2155 eciam
1034 2122 1070 2154 in
1089 2121 1226 2155 casibus
1245 2122 1394 2154 Domino
1414 2125 1533 2154 nostro
1552 2121 1648 2164 Pape
1667 2125 1702 2154 et
1721 2120 1852 2161 Maiori

456 2167 710 2200 Penitenciario
735 2177 809 2208 suo,
836 2176 876 2198 ac
901 2165 1011 2204 nobis,
1041 2164 1237 2207 specialiter
1261 2165 1458 2204 reservatis,
1486 2168 1628 2207 recepta
1653 2163 1697 2197 ab
1721 2164 1851 2197 eisdem

450 2211 608 2253 pecunia,
631 2209 751 2242 illicite
772 2209 1009 2241 indifferenter
1029 2207 1190 2248 absolvit,
1213 2211 1319 2250 prout
1337 2207 1399 2240 hec
1420 2209 1536 2240 omnia.
1556 2212 1592 2241 et
1612 2207 1749 2250 singula
1769 2207 1856 2240 adeo

449 2252 600 2296 publiea,
624 2253 759 2285 famosa
780 2255 872 2291 sunt,
898 2255 934 2284 et
954 2252 1092 2284 notoria
1113 2252 1147 2283 in
1170 2249 1335 2284 Partibus
1357 2250 1539 2290 cornubie,
1565 2251 1658 2293 quod
1680 2249 1786 2291 nulla,
1813 2254 1854 2283 ut

453 2297 693 2336 informamur,
720 2295 1009 2337 tergiversacione
1035 2294 1138 2327 celari
1164 2297 1330 2336 poterunt
1355 2305 1418 2327 nec
1445 2294 1631 2328 debebunt.
1681 2293 1850 2334 Quocirca

445 2339 544 2373 vobis
566 2339 782 2381 conjunctim
804 2342 839 2371 et
862 2339 999 2371 divisim
1024 2339 1283 2379 committimus,
1308 2343 1387 2378 etc.5
1412 2341 1576 2381 quatinus
1598 2341 1725 2373 iterato
1747 2344 1783 2374 et
1805 2351 1847 2373 ex

297 2385 346 2412 sol.
362 2386 404 2412 83.
450 2382 666 2415 habundanti
683 2382 725 2415 de
740 2381 935 2414 excessibus
952 2382 1036 2414 dieti
1052 2381 1197 2414 Martini
1215 2382 1435 2424 supradictis,
1455 2387 1491 2416 et
1507 2382 1584 2416 aliis
1600 2382 1802 2425 majoribus,
1822 2385 1852 2417 si

449 2437 516 2468 que
538 2426 793 2467 repperiantur,
819 2425 856 2457 in
878 2425 1100 2458 Monasteriis
1122 2426 1249 2459 vestris
1273 2426 1507 2468 Ecclesiisque
1530 2427 1792 2461 parochialibus
1815 2431 1852 2461 et

451 2468 717 2510 circumvicinis,
738 2479 778 2501 ac
797 2468 888 2502 Cleri
906 2467 1225 2502 Convocacionibus
1244 2473 1279 2503 et
1298 2468 1469 2512 Capitulis
1488 2470 1845 2511 Archidiaconalibus‚

448 2524 470 2545 a
487 2512 635 2545 subditis
653 2513 780 2545 nostris
800 2513 859 2554 qui
879 2511 944 2544 sibi
964 2512 1007 2544 de
1022 2512 1115 2544 facto
1135 2511 1399 2553 confitebantur,
1422 2518 1462 2546 ut
1481 2514 1682 2556 predicitur,
1705 2514 1849 2558 aliisque

451 2556 607 2598 personis
629 2554 822 2598 fidedignis,
849 2555 1051 2598 diligencius
1074 2555 1259 2597 inquiratis
1281 2556 1477 2597 veritatem,
1501 2568 1570 2590 una
1594 2568 1672 2590 cum
1694 2558 1789 2591 fama
1809 2561 1847 2591 et

451 2599 658 2632 notorietate
673 2599 929 2642 premissorum.
978 2597 1036 2638 Et,
1053 2599 1081 2631 si
1097 2599 1231 2632 dictum
1244 2598 1438 2633 Martinum
1452 2601 1486 2632 in
1503 2604 1539 2633 et
1553 2610 1656 2643 super
1670 2601 1846 2643 premissis
1899 2610 1904 2616 ·

448 2643 485 2675 in
503 2641 668 2676 Partibus
687 2643 755 2676 illis
774 2643 976 2675 inveneritis
994 2642 1211 2682 infamatum,
1232 2643 1379 2685 prefatis
1398 2643 1547 2678 subditis
1565 2645 1694 2679 nostris
1710 2643 1849 2688 publice

445 2684 630 2718 inhibeatis
648 2697 691 2718 ne
711 2686 751 2718 de
770 2689 887 2718 cetero·
902 2686 1134 2718 confiteantur
1150 2686 1259 2719 eidem
1278 2686 1445 2727 Martino,
1466 2687 1687 2722 obstantibus
1705 2687 1770 2722 sibi
1790 2700 1846 2723 ex-

445 2725 596 2762 cessibus
615 2732 651 2761 et
668 2727 842 2761 erroribus
859 2729 930 2761 suis
949 2729 1145 2761 antedictis.
1194 2728 1329 2770 citetis,
1352 2730 1471 2769 eciam,
1495 2742 1553 2764 seu
1574 2732 1673 2765 citari
1694 2733 1843 2769 faciatis.

444 2771 601 2804 subditos
623 2775 758 2804 nostros
781 2775 818 2804 et
837 2770 1013 2812 subjectos
1035 2771 1100 2804 sibi
1123 2773 1157 2804 in
1180 2783 1220 2805 ea
1241 2777 1339 2814 parte
1363 2773 1404 2806 de
1426 2774 1521 2807 facto
1543 2775 1728 2814 confessos,
1751 2776 1845 2818 quod

443 2818 666 2855 compareant
685 2825 799 2847 coram
820 2814 966 2847 Officia-li
987 2818 1105 2847 nostro
1125 2813 1325 2857 Principali,
1349 2817 1383 2848 in
1407 2817 1562 2850 Ecclesia
1579 2822 1699 2852 nostra
1719 2819 1843 2853 Cathe-

445 2858 533 2890 drali
557 2857 700 2898 Exonie,
727 2857 781 2890 die
802 2857 900 2890 Lune
922 2857 1082 2900 proxima
1103 2862 1184 2899 post
1206 2859 1349 2892 Festum
1372 2860 1480 2894 Beate
1503 2861 1615 2895 Marie
1638 2861 1844 2905 Magdalene

447 2901 603 2943 proximo
625 2901 795 2941 futurum,
818 2910 922 2942 super
942 2900 1073 2934 illicitis
1093 2901 1395 2944 Absolucionibus,
1418 2903 1455 2937 in
1475 2904 1611 2940 casibus
1631 2917 1653 2939 a
1671 2907 1751 2949 iure
1770 2917 1840 2941 non

440 2945 628 2988 permissis,
655 2943 698 2976 ab
723 2944 841 2977 eodem
863 2944 1029 2986 Martino,
1054 2949 1095 2978 ut
1117 2945 1256 2986 dicitur,
1282 2947 1440 2990 receptis,
1466 2947 1606 2982 divisim
1628 2951 1838 2993 responsuri,
