1988 3256
344 363 439 409 558

341 475 419 503 ΔΛ).

342 510 417 536 1384.

345 543 405 570 Vol.
421 543 443 570 1.

344 925 391 952 sol.

343 961 402 989 134.

562 375 664 410 THE
689 376 936 412 REGISTER
959 377 1021 412 OF
1044 378 1228 413 BISHOP
1250 379 1660 415 BRANTYNGHAM.

500 479 734 521 Plymptonie,
747 491 789 513 ac
802 481 950 523 singulis
967 481 1109 515 Curatis
1120 483 1313 515 eorundem
1325 484 1754 525 Decanatuum,sa1utem,
1766 485 1845 526 eto„
1854 485 1894 517 et

499 524 678 556 Mandatis
693 526 834 566 nostris,
851 537 972 568 ymmo
986 527 1104 559 verius
1119 527 1342 569 Apostolicis,
1359 529 1509 560 firmiter
1523 529 1676 562 obedire.
1678 529 1776 561 —Ex
1789 530 1892 570 parte

498 569 641 600 Domini
671 570 844 603 Johannis
872 572 1082 613 Myngaunt,
1113 572 1309 613 presbiteri,
1341 575 1378 604 et
1410 573 1556 605 Henrici
1586 573 1717 613 Bolter,
1747 573 1891 614 literati,

499 613 658 655 ejusdem
682 617 802 647 nostre
827 616 993 656 Diocesis,
1026 616 1262 648 Executorum
1285 617 1505 649 Testamenti
1528 618 1602 651 sive
1625 618 1796 650 bonorum
1819 617 1890 650 Ad-

498 659 782 691 ministratorum
807 660 992 702 cujusdam
1020 661 1162 692 Domini
1187 662 1371 694 Benedicti
1398 662 1518 702 Riche,
1549 672 1662 703 nuper
1687 662 1773 694 dum
1802 662 1893 694 vixit

500 703 655 735 Ecclesie
686 704 902 736 Parochialis
933 706 976 737 de
1007 705 1139 737 Brente
1173 706 1315 746 Vicarii,
1346 707 1447 739 nobis
1484 707 1698 748 querelando
1735 706 1892 748 graviter

498 748 618 779 extitit
640 748 846 780 intimatum
870 750 972 790 quod,
989 749 1072 781 licet
1094 750 1256 791 prefatus
1280 751 1452 783 Dominus
1468 751 1644 784 Robertus
1659 751 1806 793 Knythe
1828 750 1889 784 Vi-

499 793 631 824 cariam
647 793 859 834 Perpetuam
876 794 969 826 dicte
986 794 1142 827 Ecclesie
1158 795 1374 828 Parochialis
1397 796 1441 828 de
1465 796 1606 836 Brente,
1623 805 1704 828 cum
1727 795 1892 828 omnibus

499 837 572 869 suis
586 837 725 879 juribus
741 841 778 869 et
792 839 1021 879 pertinenciis
1037 839 1221 879 universis,
1238 840 1360 881 vigore
1383 840 1543 882 ejusdem
1561 840 1687 873 Οτι-11010
1710 850 1773 873 sue
1795 840 1888 882 Apo-

500 882 632 922 stolice,
657 883 703 914 sit
727 885 763 914 et
786 883 896 915 fuerit
919 886 1111 924 assecutus,
1127 884 1310 925 ipsamque
1334 885 1384 917 sic
1407 887 1607 917 assecutam
1636 895 1701 926 per
1721 884 1893 918 nonnulla

500 928 661 967 tempora
682 928 889 968 possederit,
905 930 1011 969 prout
1033 929 1189 969 possidet
1212 929 1256 960 de
1278 929 1446 970 presenti,
1461 930 1607 971 pacifice
1630 931 1668 962 et
1689 929 1828 971 quiet03
1849 939 1893 962 ac

499 972 725 1012 postmodum
748 972 843 1004 inter
865 972 1024 1013 prefatos
1047 973 1238 1004 Dominum
1261 974 1461 1006 Johannem
1477 977 1514 1006 et
1538 974 1742 1014 Henricum,
1759 974 1893 1006 Exeou·

499 1018 594 1047 tores
625 1016 843 1048 Testamenti
873 1019 910 1049 et
940 1017 1113 1049 bonorum
1143 1018 1460 1050 Administratores
1489 1019 1678 1060 predictos,
1709 1018 1893 1051 occasione

499 1061 720 1102 quarundam
736 1061 963 1102 decimarum,
980 1062 1213 1102 oblacionum,
1229 1065 1266 1095 et
1289 1063 1439 1095 aliarum
1462 1063 1718 1095 obvencionum
1741 1062 1891 1096 Ecclesi-

498 1106 690 1137 asticarum
722 1106 768 1137 ad
797 1107 946 1138 eandem
971 1107 1149 1138 Vicariam
1173 1107 1586 1148 spectancium,—dictis‚
1605 1107 1779 1148 videlicet,
1802 1107 1892 1140 Exe-

499 1150 679 1181 cutoribus
702 1151 797 1191 ipsas
821 1151 986 1191 decimas,
1003 1151 1211 1192 oblaciones,
1236 1153 1272 1183 et
1295 1152 1538 1192 obveneiones,
1562 1152 1608 1184 ad
1630 1151 1810 1193 prefatum
1833 1152 1892 1184 de-

498 1194 672 1234 functum,
690 1198 726 1226 et
740 1205 804 1236 pro
820 1195 887 1227 1100
902 1196 948 1227 ad
963 1196 1058 1236 ipsos
1072 1196 1215 1227 nomine
1227 1196 1456 1235 Executorim
1471 1196 1621 1238 prefato,
1631 1206 1725 1236 vero,
1738 1196 1892 1228 Domino

500 1239 663 1280 Roberto,
679 1250 775 1271 nunc
790 1240 949 1282 ejusdem
967 1240 1123 1272 Ecclesie
1144 1241 1187 1272 de
1204 1240 1335 1272 Brente
1351 1241 1502 1281 Vicario,
1518 1241 1691 1282 premissa
1713 1241 1832 1273 omnia
1854 1243 1893 1273 et

499 1284 639 1324 singula
666 1284 711 1315 ad
741 1285 857 1325 ipsum
880 1285 1059 1325 pertinere
1083 1285 1210 1316 debere
1233 1285 1567 1326 dicentibus,—orta
1589 1285 1717 1318 fuisset
1739 1285 1892 1318 materia

499 1329 711 1369 questionis;
751 1329 895 1370 quidam
931 1329 1084 1361 Thomas
1115 1329 1275 1371 Pyltone,
1309 1328 1447 1362 Rector¹
1481 1330 1636 1362 Ecclesie
1667 1329 1711 1362 de
1750 1329 1890 1371 Rynge·

500 1374 608 1413 stede,
627 1373 904 1413 Saresbiriensis‚
928 1375 966 1406 et
988 1373 1165 1405 Walterus
1181 1374 1375 1415 Tauntone,
1392 1373 1564 1415 010110118,1
1581 1374 1830 1406 Bathoniensis
1851 1375 1890 1407 et

499 1418 683 1449 Wellensis
699 1418 866 1458 Diocesis,
879 1418 1107 1459 ejusdemque
1121 1418 1246 1450 Gracie
1256 1419 1457 1459 Apostolice
1470 1419 1740 1451 subexecutores
1750 1428 1814 1460 per
1825 1428 1892 1452 nos

498 1462 609 1494 fuisse
626 1472 673 1502 se,
691 1463 803 1494 eciam
820 1463 970 1502 divisim,
987 1463 1175 1503 deputatos
1191 1466 1399 1503 asserentes,
1416 1463 1578 1504 quamvis
1592 1465 1719 1495 neuter
1732 1463 1889 1504 ipsorum

498 1506 608 1538 fuerit
630 1509 693 1538 aut
717 1507 765 1538 sit
787 1507 937 1548 alicujus
960 1507 1115 1539 Ecclesie
1139 1507 1362 1539 Cathedralis
1393 1507 1601 1548 Canonicus,
1623 1517 1690 1540 nec
1712 1507 1751 1539 in
1773 1508 1891 1549 aliqua

498 1552 681 1592 Dignitate
698 1562 760 1583 seu
776 1552 972 1583 Personatu
988 1552 1234 1584 Ecclesiastico
1250 1553 1475 1592 constitutus,
1491 1554 1611 1593 partes
1633 1551 1769 1584 Judicis
1791 1552 1829 1584 in
1852 1561 1891 1585 se

497 1595 745 1635 assumentes‚²
756 1599 793 1627 et
805 1606 926 1628 eorum
939 1598 1087 1637 uterque
1097 1597 1135 1627 in
1148 1606 1185 1628 se
1197 1606 1391 1637 assumens,
1401 1597 1490 1628 fines
1500 1598 1537 1629 et
1548 1597 1720 1628 terminos
1730 1593 1890 1638 pietatis?

497 1651 602 1681 quam
619 1643 784 1672 asserunt
806 1651 870 1682 per
892 1651 956 1672 nos
980 1641 1046 1672 sibi
1070 1641 1240 1673 traditam
1264 1641 1340 1673 fore
1363 1641 1500 1673 notorie
1524 1643 1561 1673 et
1583 1641 1766 1673 evidenter
1787 1650 1886 1673 exee-

483 1680 631 1725 dentes,
648 1685 782 1716 nulla-m
798 1685 970 1717 habentes
985 1686 1022 1716 in
1037 1685 1105 1717 hac
1120 1688 1221 1726 parte
1235 1686 1530 1727 jufisdiccionem,
1547 1685 1807 1725 auctoritatem,
1823 1694 1887 1718 seu
1947 1718 1950 1720 ,

497 1730 651 1771 aliquam
659 1730 765 1761 aliam
772 1730 969 1770 legitimam
980 1732 1207 1770 potestatem,
1214 1730 1373 1771 prefatos
1380 1730 1571 1762 Dominum
1578 1730 1600 1762 J
1601 1730 1777 1762 ohannem
1785 1729 1886 1772 Myn—

497 1776 609 1814 gaunt
621 1776 658 1806 et
670 1774 864 1805 Henricum
882 1774 1011 1814 Bolter,
1025 1775 1239 1806 Executores
1251 1775 1470 1806 Testamenti
1479 1776 1516 1806 et
1526 1774 1698 1806 bonorum
1709 1773 1887 1806 Adminis-

496 1821 649 1851 tratores
664 1819 851 1860 predictos,
868 1819 914 1850 ad
929 1819 1204 1859 comparendum
1221 1829 1339 1851 coram
1354 1819 1450 1860 ipsis,
1475 1829 1581 1860 super
1602 1819 1835 1860 occupacione
1849 1819 1888 1851 et

496 1863 702 1895 detencione
713 1863 940 1902 decimarum,
953 1863 1185 1903 oblacionum,
1197 1865 1234 1895 et
1244 1866 1441 1895 ceterorum
1450 1865 1686 1904 proventuum
1697 1863 1887 1895 Ecclesias-

496 1918 617 1939 corum
629 1907 879 1948 predictorum,
891 1918 1028 1939 necnon
1043 1918 1186 1939 causam
1203 1908 1462 1948 racionabilem‚
1479 1908 1508 1940 si
1524 1918 1630 1949 quam
1645 1918 1710 1949 pro
1725 1917 1763 1939 se
1778 1907 1884 1939 habe-

496 1954 576 1984 rent
601 1963 663 1984 seu
685 1953 776 1984 alter
798 1952 946 1983 haberet
968 1953 1171 1992 eorundem,
1195 1963 1302 1993 quare
1325 1953 1363 1983 in
1385 1962 1495 1993 penas
1510 1955 1547 1984 et
1563 1961 1730 1985 censuras
1739 1951 1833 1984 latas
1847 1951 1886 1984 in
1945 1972 1949 1979 ι

497 1997 723 2028 Processibus
747 1997 790 2028 de
812 1999 849 2028 et
873 2006 978 2037 super
1001 1997 1203 2038 hujusmodi
1222 1997 1350 2028 Gracia
1372 2007 1436 2038 per
1458 2007 1523 2029 nos
1546 1996 1719 2028 confectis
1741 1998 1779 2028 et
1800 1995 1884 2028 inde

496 2042 636 2082 secutis,
652 2041 817 2072 incidisse
832 2041 1058 2081 pronunciari
1074 2051 1145 2072 non
1168 2040 1347 2080 deberent,
1363 2043 1426 2072 aut
1449 2041 1603 2080 deberet,
1626 2051 1668 2073 eo
1691 2040 1784 2082 quod
1804 2049 1883 2082 pre-

496 2086 614 2124 missa,
646 2096 710 2126 per
739 2085 852 2116 dictos
878 2085 1101 2124 Executores,
1125 2087 1166 2116 ut
1189 2087 1426 2125 asseruerunt,
1451 2087 1631 2126 occupata,
1656 2085 1702 2116 ad
1723 2085 1880 2126 ipsorum

497 2130 628 2161 Thome
645 2130 794 2171 Pyltone
811 2132 847 2160 et
862 2129 1008 2161 Walteri
1025 2129 1207 2161 Tauntone
1230 2130 1445 2161 moniciones
1468 2130 1541 2161 sive
1556 2129 1805 2170 requisiciones
1827 2138 1880 2161 re-

496 2175 642 2205 stituere
658 2184 729 2205 non
745 2176 924 2213 curarunt,
940 2184 1058 2205 coram
1074 2174 1160 2214 ipsis
1177 2174 1310 2205 Thoma
1320 2174 1469 2215 Pyltone
1485 2176 1521 2205 et
1533 2173 1689 2205 Waltero
1698 2173 1882 2206 Tauntone

494 2219 745 2259 proposituros,
762 2218 806 2249 ad
817 2221 932 2250 certos
948 2218 1022 2249 dies
1032 2220 1068 2249 et
1078 2218 1155 2250 loca
1167 2218 1278 2250 eciam
1289 2218 1411 2258 divisa,
1424 2220 1525 2250 extra
1535 2218 1710 2250 Diocesim
1719 2219 1879 2250 nostram

496 2264 729 2294 Exoniensem
745 2263 947 2302 existeneia,
963 2262 1136 2302 fecerunt,
1153 2265 1189 2294 et
1212 2273 1333 2294 eorum
1356 2265 1504 2304 uterque
1526 2262 1623 2302 feeit,
1640 2262 1685 2294 ad
1706 2261 1879 2304 iudicium
1905 2272 1907 2274 ’

494 2308 648 2346 evocari3
672 2307 834 2348 ipsosque
850 2307 1040 2338 Dominum
1055 2307 1077 2339 J
1079 2307 1253 2338 ohannem
1270 2309 1306 2339 et
1317 2307 1522 2346 Henricum,
1535 2307 1748 2339 Executores
1760 2307 1880 2339 Testa-

494 2352 605 2383 menti
628 2352 789 2392 predicti,
813 2361 931 2382 coram
956 2351 1052 2392 ipsis,
1070 2352 1174 2383 dictis
1191 2352 1314 2383 diebus
1330 2354 1366 2383 et
1390 2351 1487 2390 locis,
1512 2351 1716 2383 nullatenus
1739 2360 1878 2392 compa-

494 2398 624 2436 rentes,
647 2398 868 2437 reputarunt,
893 2398 929 2427 et
953 2396 1109 2436 ipsorum
1132 2398 1280 2436 uterque
1303 2396 1492 2436 reputavit,
1515 2397 1622 2436 prout
1645 2395 1712 2427 sibi
1733 2395 1878 2436 placuit,
1932 2399 1935 2426 ἶ

494 2443 730 2480 contumaces,
747 2443 792 2479 et,
810 2441 847 2471 in
861 2450 990 2480 penam
1006 2440 1308 2472 contumaciamm
1325 2450 1466 2472 suarum
1490 2439 1692 2481 hujusmodi
1716 2439 1880 2471 conficta-

493 2495 583 2524 rum,
601 2485 745 2526 Majoris
769 2485 1155 2516 Excommunicacionis
1180 2484 1403 2516 Sentenciam
1434 2484 1471 2515 in
1494 2484 1651 2525 ipsorum
1681 2486 1881 2525 utrumque,

494 2530 537 2560 de
568 2530 664 2560 facto
695 2529 778 2560 licet
808 2539 879 2560 non
910 2529 953 2560 de
976 2529 1064 2570 J'ure,
1096 2529 1252 2560 indebite
1275 2529 1522 2567 fulminarunt,
1553 2538 1594 2560 ac
1624 2528 1737 2560 eciam
1759 2526 1879 2560 fulmi-

493 2574 602 2613 navit,
626 2574 788 2614 ipsosque
819 2573 1010 2604 Dominum
1039 2574 1061 2604 J
1063 2573 1238 2604 ohannem
1270 2576 1306 2604 et
1337 2573 1532 2604 Henricum
1563 2573 1613 2604 sic
1642 2570 1887 2604 excommuni-

493 2620 591 2649 catos
613 2618 724 2649 fuisse
756 2618 884 2649 Literis
915 2618 988 2649 suis
1022 2617 1202 2659 injuriosis
1232 2617 1457 2656 mandarunt,
1488 2617 1681 2656 mandavit,
1715 2616 1879 2648 fecerunt

492 2665 528 2693 et
564 2662 651 2693 fecit
691 2664 838 2702 uterque
877 2671 1008 2700 eorum,
1047 2662 1186 2702 publice
1224 2661 1402 2700 nunciari;
1447 2662 1485 2692 in
1522 2661 1697 2692 dictorum
1735 2659 1878 2692 Domini

490 2707 512 2738 J
515 2706 664 2738 ohannis
702 2709 738 2737 et
778 2706 933 2745 Henrici,
973 2706 1208 2737 Executorum
1246 2706 1496 2746 predictorum,
1533 2705 1768 2746 prejudicium
1805 2714 1878 2736 non

492 2751 668 2782 modicum
700 2752 735 2782 et
766 2760 975 2790 gravamen3
1014 2750 1059 2781 ad
1089 2750 1199 2790 ipsius
1229 2750 1370 2782 Domini
1402 2750 1545 2781 Roberti
1577 2749 1722 2790 Knythe
1745 2749 1878 2780 instan-
1927 2764 1932 2767 ·

491 2795 582 2826 ciam
607 2797 643 2826 et
670 2794 954 2836 procuracionem
977 2794 1140 2825 subdolas
1159 2796 1195 2826 et
1219 2794 1382 2836 injustas.
1428 2794 1531 2825 Unde
1555 2793 1684 2834 prefati
1708 2793 1880 2826 Dominus

334 2886 346 2906 ¹
365 2888 549 2919 Rectorem
574 2912 581 2919 .
608 2911 616 2919 .
641 2911 649 2919 .
680 2887 878 2927 clericum”,
907 2886 997 2926 MS.;
1030 2897 1052 2919 a
1118 2885 1133 2906 ³
1156 2887 1223 2926 Sic,
1242 2886 1325 2925 MS.;
1338 2886 1508 2928 probably
1523 2895 1546 2917 a
1560 2885 1699 2918 clerical
1709 2894 1808 2918 error
1817 2883 1875 2918 fox-

379 2932 518 2963 clerical
531 2942 639 2963 error.
1163 2930 1183 2945 “
1194 2930 1414 2972 potestatis.”

334 2974 347 2994 ¹
371 2976 575 3016 Assumens‚
593 2975 683 3015 11Βά
700 2985 722 3007 a
737 2975 877 3007 clerical
892 2985 1002 3009 error.
