1988 3256
298 360 395 406 202

297 477 373 504 A.D.

297 511 372 538 1377.

296 545 363 572 Vol.

296 579 339 606 II.

498 372 599 406 THE
634 370 876 406 REGISTER
911 371 971 405 OF
1012 371 1190 406 BISHOP
1225 369 1628 407 BRANTYNGHAM.

448 479 616 519 herentes,
633 489 711 512 cum
726 490 794 512 non
810 478 942 511 modica
957 477 1181 510 multitudine
1196 476 1375 509 hominum
1389 477 1433 509 ad
1448 487 1541 510 arma
1557 480 1593 509 et
1614 480 1833 516 armatorum,

447 523 535 555 infra
551 524 707 565 Regnum
729 526 886 556 nostrum
902 522 1022 562 Anglie
1045 522 1088 553 ad
1111 521 1213 554 cicius
1236 531 1304 562 quo
1326 524 1489 563 poterunt
1510 521 1685 563 applicare,
1702 523 1737 553 et
1760 531 1832 562 pre-

446 568 544 609 cipue
562 567 743 599 Civitatem
767 570 917 599 nostram
934 563 1131 607 [Exoniam]
1149 564 1343 606 predictam,
1360 564 1425 597 nisi
1447 575 1564 597 eorum
1587 564 1716 597 malicie
1738 563 1833 596 resis-

449 614 554 651 tatur,
573 612 656 643 totis
671 611 798 642 viribus
814 611 971 642 invadere
993 611 1210 650 proponunt;
1237 618 1306 648 nos,
1323 608 1473 640 volentes
1497 608 1695 650 hujusmodi
1717 608 1833 649 damp-

449 655 503 687 nis
526 659 561 687 et
582 655 748 696 periculis,
765 665 830 696 que
853 653 950 686 nobis
972 657 1007 685 et
1031 652 1171 685 Civitati
1193 652 1351 694 predicte,
1367 662 1410 684 ex
1432 652 1601 684 dictorum
1620 651 1834 684 inimicorum

449 702 641 744 nostrorum
665 698 856 730 incursibus
879 697 1012 729 evenire
1035 699 1181 738 possent,
1205 706 1402 737 precavere3
1432 696 1714 737 advertentesque
1743 694 1835 737 quod

449 754 565 775 omnes
580 748 616 775 et
630 742 754 783 singuli
771 741 879 774 clerici
895 752 933 773 ac
948 741 1004 772 alii
1019 740 1053 772 in
1077 740 1193 772 eadem
1210 739 1357 772 Civitate
1379 739 1572 780 residentes,
1589 742 1625 771 et
1647 742 1754 772 terras
1776 748 1836 771 seu

449 789 644 819 tenementa
666 786 701 818 in
724 786 841 817 eadem
866 785 1011 817 Civitate
1034 784 1209 823 habentes,
1235 783 1392 815 videlicet
1413 783 1558 825 quilibet
1581 793 1709 821 eorum,
1733 782 1836 824 juxta

448 835 577 864 statum
602 833 637 862 et
659 830 838 861 facultates
860 839 947 867 suas,
969 827 1172 870 reparacioni
1195 837 1371 859 murorum
1394 829 1431 859 et
1454 827 1657 859 fossatorum
1681 825 1838 860 Civitatis

449 875 598 918 predicte
621 873 834 906 contribuere
860 875 1042 908 tenentum
1076 870 1320 913 assignavimus
1343 881 1401 903 vos
1423 871 1467 902 ad
1490 881 1606 903 omnes
1627 873 1664 902 et
1686 870 1836 912 singulos

448 918 647 961 hujusmodi
662 917 798 949 clericos
813 916 1015 959 reparacioni
1031 925 1206 947 murorum
1222 918 1258 947 et
1281 915 1484 946 fossatorum
1508 914 1664 947 Civitatis
1686 913 1837 955 predicte

449 974 509 1006 per
525 963 691 995 Censuras
707 960 954 993 Ecclesiasticas
966 963 1000 991 et
1017 959 1097 991 alias
1115 959 1183 990 vias
1198 961 1234 990 et
1249 958 1366 991 modos
1389 958 1514 1000 quibus
1537 958 1657 991 melius
1679 957 1836 999 expedire

450 1006 600 1039 videritis
616 1005 827 1037 contribuere
842 1003 1120 1045 compellendum.
1167 1003 1213 1034 Et
1228 1002 1303 1034 ideo
1320 1002 1413 1034 vobis
1423 1002 1624 1034 mandamus
1639 1002 1731 1043 quod
1748 1001 1836 1033 circa

451 1051 613 1093 premissa
628 1049 807 1090 diligenter
829 1047 1025 1087 intendatis,
1043 1050 1078 1079 et
1101 1057 1139 1078 ea
1161 1045 1382 1078 effectualiter
1403 1045 1534 1077 faciatis
1556 1048 1591 1078 et
1613 1044 1776 1087 expleatis
1798 1044 1835 1076 in

450 1096 558 1127 forma
575 1093 731 1135 predicta.
778 1092 901 1124 Tested
917 1094 954 1123 at
972 1090 1215 1130 Westminster‚
1234 1090 1274 1121 28
1298 1090 1401 1129 June,
1420 1087 1533 1123 1377.1

408 1151 455 1193 (2)
483 1150 572 1183 Satis
595 1148 770 1180 informati
793 1147 873 1179 estis
895 1146 1042 1188 qualiter
1064 1145 1192 1177 inimici
1216 1145 1323 1176 nostri
1348 1144 1497 1184 Francis,
1515 1147 1550 1176 et
1572 1144 1640 1183 alii,
1656 1143 1720 1175 sibi
1735 1143 1837 1175 adhe·

301 2288 352 2316 fol.
367 2287 428 2315 18b.

304 2648 316 2669 ¹
336 2649 382 2680 De
404 2646 586 2679 hominibus
615 2645 661 2677 ad
690 2654 786 2676 arma
809 2644 849 2675 de
877 2641 1042 2675 comitatu

349 2692 489 2723 Devonie
525 2687 846 2728 arraiandiz,—The
885 2687 975 2726 King
1005 2689 1041 2718 to

450 1197 574 1232 rentes,
592 1192 739 1224 facinora
761 1202 822 1223 sua
845 1201 922 1231 erga
945 1201 1005 1221 nos
1028 1193 1064 1221 et
1085 1189 1187 1230 ligeos
1211 1191 1352 1227 nostros,
1368 1188 1448 1220 licet
1469 1188 1642 1227 indirecte,
1658 1187 1702 1219 de
1723 1187 1778 1219 die
1800 1187 1836 1219 in

450 1239 539 1270 diem
557 1237 818 1277 circumquaque
834 1234 1064 1273 ostendentes,
1083 1243 1160 1265 cum
1177 1242 1298 1274 magna
1321 1232 1424 1264 classe
1447 1232 1596 1271 navium,
1613 1241 1692 1263 cum
1715 1241 1837 1272 magna

449 1280 672 1314 multitudine
695 1282 903 1315 armatorum
926 1281 962 1309 et
985 1277 1197 1316 bellatorum,
1221 1286 1324 1316 supra
1346 1286 1437 1307 mare
1459 1275 1663 1317 congregati,
1688 1274 1837 1307 diversas

451 1325 556 1358 Villas
579 1334 680 1364 super
702 1322 839 1354 costeris
862 1321 970 1362 Regni
992 1321 1100 1352 nostri
1123 1319 1243 1360 Anglie
1265 1321 1473 1358 invaserunt,
1491 1322 1527 1351 et
1549 1329 1604 1351 eas
1626 1329 1686 1360 per
1706 1328 1839 1350 arsuras

451 1373 487 1401 et
501 1367 682 1400 homicidia
696 1367 860 1407 ligeorum
877 1368 1070 1397 nostrorum
1087 1365 1340 1402 destruxerunt,
1359 1366 1405 1402 et,
1425 1363 1515 1394 ultra
1529 1362 1602 1402 hoc,
1618 1372 1679 1394 nos
1701 1365 1736 1394 et
1753 1362 1837 1404 Reg-

451 1423 533 1445 num
559 1415 712 1443 nostrum
736 1410 926 1451 predictum
949 1419 986 1440 ac
1008 1408 1173 1450 populum
1195 1409 1350 1439 nostrum
1377 1417 1437 1448 per
1458 1409 1584 1438 terram
1607 1409 1642 1438 et
1663 1416 1724 1447 per
1746 1416 1838 1438 mare

450 1458 635 1494 destruere,
653 1457 688 1485 et
711 1453 892 1485 Ecclesiam
916 1452 1135 1494 Anglicanam
1158 1451 1363 1490 subvertere,
1378 1461 1456 1482 cum
1479 1450 1636 1482 omnibus
1653 1449 1780 1482 viribus
1802 1460 1838 1481 se

452 1502 640 1538 conantur;
664 1508 722 1539 per
738 1498 829 1538 quod
846 1497 996 1528 volentes
1011 1494 1190 1527 salvacioni
1212 1494 1296 1526 dicti
1319 1494 1426 1535 Regni
1448 1497 1483 1526 et
1506 1493 1620 1536 populi
1643 1496 1838 1526 nostrorum

453 1555 491 1576 ac
506 1542 652 1576 Ecclesie
675 1542 798 1573 Sancte
820 1544 936 1572 contra
959 1539 1125 1571 maliciam
1147 1539 1298 1580 ipsorum
1319 1538 1543 1578 inimicorum,
1560 1541 1720 1579 operante
1734 1536 1838 1569 Altis-

451 1589 535 1620 simo
558 1586 742 1628 providere,
766 1595 824 1625 per
847 1585 992 1616 diversas
1017 1583 1276 1616 Commissiones
1300 1581 1542 1622 assignavimus
1567 1584 1676 1613 certos
1706 1580 1838 1613 Fideles

452 1634 593 1670 nostros,
617 1630 651 1661 in
675 1628 816 1670 singulis
840 1627 1066 1660 Comitatibus
1084 1626 1190 1668 Regni
1206 1625 1313 1658 nostri
1330 1625 1481 1667 predicti,
1497 1625 1541 1657 ad
1563 1625 1778 1657 arraiandum
1801 1626 1837 1656 et

452 1675 587 1707 arraiari
613 1677 649 1705 et
674 1672 797 1704 armari
823 1672 1017 1703 faciendum
1044 1681 1160 1702 omnes
1186 1670 1339 1702 homiues
1365 1669 1586 1701 defensabiles
1611 1668 1701 1700 inter
1731 1670 1838 1700 etates

452 1719 625 1759 sexaginta
653 1720 688 1748 et
711 1716 879 1748 sexdecim
910 1725 1077 1746 annorum
1108 1714 1299 1754 existentes,
1327 1712 1484 1745 videlicet
1513 1712 1701 1754 quemlibet
1722 1722 1839 1744 eorum

452 1763 551 1805 juxta
567 1764 697 1793 statum
713 1763 749 1792 et
772 1760 950 1791 facultates
972 1769 1058 1798 suas,
1075 1761 1111 1790 et
1133 1768 1188 1789 eos
1211 1758 1380 1795 arraiatos,
1397 1759 1554 1796 armatos,
1571 1759 1607 1788 et
1629 1756 1780 1788 munitos
1801 1755 1838 1787 in

454 1805 653 1838 arraiacione
670 1803 866 1845 hujusmodi
882 1803 989 1834 teneri
1004 1802 1207 1841 faciendum,
1224 1801 1271 1832 sic
1286 1801 1379 1842 quod
1394 1810 1526 1842 semper
1548 1800 1697 1841 prompti
1718 1799 1789 1832 sint
1802 1801 1840 1832 et

454 1850 560 1892 parati
577 1849 619 1880 ad
635 1847 912 1890 proficiscendum
928 1847 962 1877 in
979 1845 1208 1877 defensionem
1232 1844 1338 1885 Regni
1355 1844 1470 1883 nostri,
1489 1843 1547 1875 ubi
1561 1854 1599 1875 ac
1621 1843 1789 1885 quociens,
1805 1845 1842 1875 et

454 1894 600 1936 quando,
623 1903 665 1923 ex
687 1891 835 1923 hostium
859 1889 1049 1921 incursibus
1072 1888 1259 1930 periculum
1282 1888 1467 1928 immineat,
1491 1890 1552 1919 aut
1573 1897 1706 1919 necesse
1735 1886 1842 1919 fuerit

454 1937 605 1978 aliquale.
654 1935 893 1973 Advertentes,
910 1944 996 1973 vero,
1014 1933 1104 1974 quod
1128 1943 1186 1964 vos
1209 1935 1244 1963 et
1266 1931 1368 1963 ceteri
1391 1931 1526 1971 Prolati,
1542 1941 1580 1963 ac
1602 1934 1698 1963 totus
1721 1930 1840 1964 Clerus

454 1981 537 2013 dicti
554 1979 670 2020 Regni,
682 1989 749 2010 una
764 1988 841 2010 cum
858 1977 931 2008 aliis
944 1977 1116 2008 Fidelibus
1132 1976 1264 2015 nostris,
1278 1975 1320 2006 ad
1332 1975 1558 2007 resistendum
1570 1974 1670 2006 dictis
1685 1974 1839 2014 inimicis,

454 2036 514 2067 pro
529 2023 715 2055 salvacione
731 2022 853 2054 Sancte
870 2021 1014 2053 Ecclesie
1037 2022 1072 2052 et
1095 2019 1249 2061 ejusdem
1272 2019 1389 2059 Regni,
1407 2029 1526 2050 manus
1550 2018 1715 2050 tenemini
1737 2028 1838 2059 appo-

454 2079 533 2100 nere
548 2067 741 2109 adjutrices,
757 2064 860 2104 vobis,
878 2065 913 2096 in
930 2064 995 2096 fide
1011 2067 1046 2096 et
1061 2063 1241 2095 dileccione
1258 2062 1382 2104 quibus
1398 2062 1493 2094 nobis
1510 2061 1681 2102 tenemini,
1699 2061 1841 2093 firmiter

454 2111 666 2153 injungimus
696 2112 731 2141 et
761 2110 962 2140 mandamus
992 2107 1162 2149 quatinus,
1189 2106 1406 2138 consideratis
1431 2105 1589 2147 gravibus
1619 2105 1774 2147 dampnis
1804 2107 1841 2137 et

454 2155 610 2198 periculis
625 2153 881 2185 imminentibus
897 2162 956 2193 per
970 2161 1143 2192 aggressus
1159 2150 1372 2182 inimicorum
1389 2152 1582 2181 nostrorum
1599 2149 1838 2190 predictorum,

454 2209 570 2232 omnes
593 2198 751 2236 Abbates,
770 2196 908 2235 Priores,
925 2195 1117 2236 Religiosos,
1133 2197 1168 2226 et
1189 2194 1271 2225 alias
1294 2203 1450 2235 personas
1474 2193 1720 2225 Ecclesiasticus
1741 2203 1841 2234 quas-

453 2253 598 2284 cumque
612 2244 722 2273 vestre
746 2240 901 2279 Diocesis,
918 2249 1132 2280 quacumque
1153 2237 1315 2270 dilacione
1337 2236 1533 2279 postposita,
1550 2237 1672 2268 armari
1687 2238 1723 2268 et
1737 2236 1840 2268 arrai-

459 2287 518 2326 ari,
542 2289 577 2318 et
599 2285 700 2317 armis
722 2283 1002 2325 competentibus,
1027 2281 1182 2314 videlicet
1205 2281 1349 2323 quilibet
1378 2290 1494 2312 eorum
1524 2280 1614 2312 inter
1637 2283 1745 2312 etates
1767 2290 1839 2322 pre·

454 2331 570 2370 dictas,
601 2329 701 2371 juxta
723 2330 864 2367 statum,
887 2326 1118 2368 possessiones,
1142 2328 1178 2357 et
1206 2325 1385 2357 facultates
1407 2334 1485 2356 suas
1507 2323 1645 2363 muniri,
1669 2327 1705 2356 et
1727 2333 1784 2356 eos
1805 2323 1842 2356 in

454 2373 608 2412 millenis,
625 2372 785 2411 centenis,
802 2374 837 2403 et
853 2370 998 2402 vintenis
1015 2369 1093 2411 poni
1115 2369 1326 2405 faciendum3
1349 2368 1399 2400 ita
1421 2368 1513 2409 quod
1537 2367 1686 2409 prompti
1708 2367 1777 2399 sint
1800 2370 1836 2400 et

454 2417 563 2460 parati
577 2417 621 2448 ad
637 2415 914 2458 proficiscendum
928 2414 972 2446 ad
987 2413 1188 2445 mandatum
1203 2415 1364 2451 vestrum,
1380 2422 1450 2443 una
1469 2421 1548 2443 cum
1571 2411 1644 2443 aliis
1666 2410 1841 2443 Fidelibus

455 2462 589 2501 nostris,
605 2463 723 2492 contra
738 2459 846 2491 dictos
861 2458 1013 2490 inimicos
1029 2460 1170 2495 nostros,
1187 2456 1276 2488 infra
1290 2456 1422 2488 dictum
1439 2456 1594 2496 Regnum
1616 2457 1782 2495 nostrum,
1797 2454 1842 2487 ad

455 2507 553 2547 ipsos,
570 2515 648 2536 cum
672 2503 735 2535 Dei
756 2502 937 2544 adjutorio,
961 2500 1210 2539 debellandum,
1236 2499 1510 2541 expugnandum,
1526 2501 1562 2530 et
1583 2498 1840 2538 destruendum,

455 2554 491 2582 et
506 2549 549 2581 ad
565 2558 681 2580 eorum
697 2546 863 2579 maliciam
879 2548 915 2577 et
929 2545 1131 2587 proterviam
1149 2543 1413 2585 propulsandum
1430 2546 1464 2574 et
1480 2542 1756 2574 convertendum.
1796 2542 1842 2574 Et

1150 2641 1301 2679 minster,
1319 2641 1360 2672 20
1375 2640 1397 2672 J
1401 2639 1469 2681 uly,
1481 2638 1692 2673 1372.—R0t.
1711 2637 1842 2678 Prone..

1151 2686 1192 2717 46
1224 2684 1317 2716 Edw.
1345 2683 1410 2721 111,
1442 2693 1485 2715 m.
1518 2683 1570 2716 27.
1619 2683 1697 2715 And
1734 2682 1840 2723 again,

348 2735 473 2775 Bishop
494 2732 760 2774 Brantyngham,
786 2732 852 2762 and
876 2734 912 2762 to
936 2729 1041 2770 Hugh

348 2780 390 2810 de
414 2779 617 2817 Courtenay,
635 2775 713 2807 Earl
737 2775 772 2806 of
795 2775 924 2814 Devon,
947 2774 1038 2805 John

348 2823 390 2854 de
407 2822 644 2859 Cheverstone‚
657 2818 827 2850 Theobald
838 2817 1037 2856 Greneville,

349 2864 492 2899 Richard
515 2864 557 2895 de
581 2862 798 2903 Stapuldone,
815 2861 907 2893 John
931 2861 1038 2892 Beau-

347 2908 464 2948 mond,
482 2907 541 2939 the
566 2907 678 2938 Abbat
701 2906 736 2936 of
761 2905 931 2945 Buckfast,
948 2904 1038 2937 John

348 2951 538 2990 Daumarle,
551 2950 698 2982 William
713 2949 755 2980 de
771 2949 962 2989 Bykebury,
973 2948 1040 2979 and

349 2995 475 3029 Martin
506 2995 648 3027 Ferrers.
702 2993 824 3025 Tested
860 2996 897 3024 at
932 2992 1038 3024 West-

1150 2730 1171 2760 2
1193 2728 1284 2767 Jan.,
1310 2726 1455 2765 1375-6;
1482 2726 1543 2758 the
1566 2725 1842 2758 commissionem

1148 2771 1329 2847 ‘51'ssssssssss
1345 2769 1842 2854 tffiagebffigufgffgg

1149 2826 1416 2901 (1³)ynhamjohn
1429 2824 1731 2896 Beaumotidjohn
1743 2857 1840 2898 Cary,

1150 2902 1273 2934 Martin
1306 2901 1448 2939 Ferrers,
1479 2901 1546 2932 and
1576 2900 1635 2932 the
1666 2899 1841 2932 Sheriffi—

1147 2945 1388 3030 &ej-Eldana„
1426 2945 1468 2976 49
1498 2944 1592 2976 Edw.
1627 2943 1692 2983 ΙΙΙ,
1724 2953 1770 2975 ιιι.
1809 2943 1841 2977 8.
