1988 3256
445 380 735 415 REGISTRUM
771 378 1225 414 commune—Anno
1264 370 1362 414 14⁰.
1587 367 1681 411 509

130 483 207 511 AD·
291 485 418 528 [hodie,
450 488 498 520 St.
526 486 680 529 Breoke],
708 490 745 520 et
769 487 944 520 Willelmo
975 487 1130 526 Hendre,
1156 486 1199 518 de
1224 486 1413 526 Withie11e‚
1443 486 1680 518 Ecclesiamm

133 518 238 578 &gs-i·
291 532 508 573 Rectoribus,
526 533 686 572 salutem,
703 532 908 572 etc.-Quia
916 542 981 563 nos
990 541 1103 572 nuper
1119 531 1374 563 Monasterium
1390 531 1464 562 sive
1480 530 1681 562 Prioratum

190 570 197 578 ”
228 571 235 578 “
291 576 549 608 Canonicorum
566 577 794 617 Regularium
819 576 940 608 Sancti
965 576 1143 615 Germani,
1160 577 1237 615 etc.,
1253 575 1487 614 visitavimus,
1511 578 1616 615 prout
1640 585 1682 606 ex

291 620 484 653 Pastoralis
511 621 624 653 Officii
648 621 760 653 nostri
791 621 910 652 debito
940 620 1159 659 tenebamur,
1190 622 1227 651 et
1257 620 1294 650 in
1321 619 1538 651 Visitacione
1561 621 1683 651 nostra

290 665 492 706 hujusmodi
524 676 630 707 quam
660 666 698 696 in
728 666 852 697 eodem
884 665 1098 696 Monasterio
1129 665 1202 696 sive
1241 664 1404 695 Prioratu
1442 664 1683 695 excercuimus

288 711 512 751 quamplures
529 710 689 742 defectus
705 710 955 742 emendacione
971 711 1007 740 et
1023 709 1242 740 correccione
1258 708 1467 740 necessariis
1482 708 1683 740 invenimus

288 754 499 795 indigentes,
517 765 622 795 super
637 755 773 795 quibus,
789 754 894 795 plena
911 754 1167 785 deliberacione
1182 753 1379 794 prehabita‚
1397 753 1588 784 Decretum
1604 763 1682 784 nos-

289 801 385 830 trum
402 799 515 830 Priori
531 802 567 830 et
585 799 782 830 Conventui
799 798 959 840 ejusdem
975 798 1157 829 Prioratus
1172 807 1236 840 pro
1255 797 1459 838 hujusmodi
1476 797 1681 828 defectuum

291 843 551 883 emendacione,
568 843 797 882 correccione,
821 845 858 874 et
880 843 1136 874 reformacione
1160 842 1324 873 duximus
1346 842 1683 880 transmittendum3

292 898 335 919 ex
365 888 549 928 relacione,
580 890 712 928 tamen,
743 887 1001 928 fidedignorum
1033 887 1079 918 ad
1113 888 1274 918 nostrum
1304 886 1379 928 jam
1410 886 1559 926 noviter,
1591 887 1684 927 quod

293 932 453 963 dolenter
482 932 679 972 referimus,
703 932 878 973 pervenit·
888 932 1059 971 auditum,
1087 931 1180 972 quod
1206 934 1282 962 tam
1306 941 1370 971 per
1396 931 1554 962 Priorem
1577 941 1684 971 quam

271 1006 274 1009 .
294 976 490 1008 Canonicos
505 977 664 1018 ejusdem
681 977 862 1008 Prioratus
878 978 1002 1007 contra
1021 976 1156 1007 dictum
1180 976 1370 1007 Decretum
1394 978 1566 1015 nostrum,
1589 976 1682 1006 laxa-

293 1021 341 1052 tis
367 1021 524 1061 habenis,
553 1021 727 1053 modestia
756 1022 793 1052 et
823 1021 990 1061 Regulari
1021 1020 1259 1051 Observancia
1284 1029 1348 1060 per
1373 1020 1515 1051 eosdem
1542 1020 1684 1060 penitus
1704 1048 1708 1051 .

295 1065 453 1106 abjectis,
478 1066 649 1097 nonnulla
673 1067 757 1097 sunt
779 1067 903 1096 contra
926 1065 1137 1105 Regularem
1161 1064 1393 1104 Disciplinam
1420 1066 1456 1095 et
1479 1065 1565 1095 dicti
1588 1064 1683 1095 Prio-

295 1112 394 1141 ratus
410 1110 602 1141 utilitatem
618 1112 751 1141 temere
767 1111 992 1150 attemptata,
1005 1119 1047 1140 ac
1062 1109 1156 1140 inter
1171 1109 1313 1140 eosdem
1329 1109 1468 1140 diversa
1484 1109 1633 1140 crimina
1649 1111 1685 1140 et

296 1154 456 1186 defectus
471 1155 610 1186 noviter
624 1154 830 1195 pulularunt
849 1156 886 1185 et
907 1154 1096 1185 imminent
1119 1153 1162 1184 de
1186 1153 1352 1193 presenti.
1399 1153 1481 1192 Nos,
1498 1163 1591 1192 vero,
1607 1163 1684 1194 pre-

296 1199 404 1230 missa
420 1199 485 1230 sub
501 1199 795 1238 dissimulacione,
812 1208 899 1230 sana
914 1198 1143 1237 consciencia,
1159 1198 1320 1229 nolentes
1336 1197 1533 1229 incorrecta
1549 1198 1686 1229 diucius

296 1243 469 1282 tollerare,
482 1253 526 1274 ne
543 1243 763 1274 subditorum
779 1245 980 1274 nostrorum
997 1242 1150 1283 sanguis,
1161 1242 1254 1284 quod
1269 1242 1446 1282 timemus,
1463 1242 1506 1273 de
1522 1242 1686 1274 manibus

296 1287 427 1318 nostris
442 1288 660 1328 requiratur;
683 1287 792 1327 vobis,
809 1287 928 1327 igitur,
945 1287 1118 1326 omnibus,
1134 1287 1190 1318 vel
1207 1286 1342 1318 duobus
1357 1288 1526 1326 vestrum,
1544 1287 1586 1318 de
1603 1297 1685 1327 quo-

297 1342 376 1362 rum
393 1332 563 1363 fidelitate
579 1334 615 1363 et
632 1332 767 1364 sincere
783 1331 1000 1363 consciencie
1023 1331 1179 1372 puritate
1201 1331 1344 1371 plenam
1368 1331 1534 1362 fiduciam
1557 1331 1594 1362 in
1618 1332 1685 1362 Do-

297 1376 394 1407 mino
417 1376 626 1416 optinemus,
650 1377 696 1407 ad
717 1376 908 1407 videndum
932 1378 968 1407 et
992 1376 1181 1416 diligenter
1202 1375 1450 1416 inquirendum
1475 1386 1580 1416 super
1609 1386 1685 1416 pre-

298 1421 415 1451 missis
431 1420 636 1452 criminibus
651 1423 687 1452 et
710 1420 908 1451 defectibus
930 1420 1068 1460 plenius
1090 1420 1287 1459 veritatem,
1304 1422 1340 1450 et
1363 1430 1409 1450 an
1425 1420 1511 1451 dicti
1527 1420 1628 1451 Prior
1650 1423 1687 1451 et

299 1465 428 1504 singuli
445 1465 622 1504 Cauonici,
638 1465 675 1495 in
685 1465 808 1496 eodem
819 1465 983 1496 Prioratu
991 1464 1152 1505 professi,
1166 1464 1381 1495 Moniciones
1393 1467 1429 1495 et
1439 1464 1686 1505 Injuncciones

299 1509 336 1539 in
359 1509 454 1540 dicto
477 1512 597 1540 nostro
621 1510 770 1544 Decreto
793 1511 979 1540 contentas
1002 1509 1215 1548 obedienter,
1231 1511 1272 1539 ut
1295 1509 1423 1548 decuit,
1439 1509 1611 1540 hactenus
1627 1509 1685 1540 ob-

301 1556 496 1592 servarunt,
512 1556 633 1585 tenore
653 1553 879 1585 Presencium
902 1553 1157 1585 committimus
1171 1553 1266 1584 vices
1281 1555 1431 1592 nostras,
1448 1563 1528 1584 cum
1545 1554 1686 1594 cujusli-

299 1597 360 1628 bet
370 1598 584 1628 cohercionis
595 1598 769 1629 Canonioe
780 1600 968 1638 potestate.
1007 1598 1058 1628 De
1069 1597 1201 1637 diebus,
1211 1607 1304 1636 vero,
1317 1597 1532 1637 recepcionis
1542 1598 1686 1629 Presen-

300 1642 393 1672 cium
410 1644 447 1672 et
462 1642 708 1682 Inquisicionis
721 1644 838 1674 vestre
853 1642 1066 1683 hujusmodi,
1086 1652 1224 1673 necnon
1240 1641 1323 1682 qnid
1338 1652 1402 1682 per
1416 1642 1687 1682 Inquisicionem

300 1686 502 1728 hujusmodi
525 1686 759 1727 reppereritis,
777 1696 838 1718 seu
854 1686 1024 1717 duxeritis
1046 1686 1249 1718 faciendum
1272 1686 1309 1716 in
1332 1686 1522 1726 premissis,
1539 1697 1613 1726 nos,
1630 1697 1686 1718 ex-

300 1730 420 1770 pedito
435 1730 637 1771 hujusmodi
649 1731 804 1771 negocio,
817 1731 1018 1762 certificetis
1034 1731 1161 1762 Literis
1176 1730 1304 1762 vestris
1320 1730 1458 1770 clausis,
1475 1731 1688 1763 habentibus

301 1775 395 1805 hunc
426 1777 595 1814 tenorem,
623 1775 747 1815 sigillis
777 1775 905 1807 vestris
934 1775 1109 1806 veraciter
1133 1775 1359 1816 consignatis,
1390 1776 1619 1807 etc.-Dated
1651 1779 1688 1807 at

301 1819 508 1859 Chudleigh,
523 1820 566 1850 23
587 1820 756 1860 January.

255 1879 312 1917 St.
348 1878 487 1916 Allen:
527 1879 771 1917 Mandatum
803 1879 860 1916 ad
889 1878 1219 1917 denunciandum
1251 1878 1458 1916 violatores
1490 1879 1689 1929 Sequestri

309 1933 414 1970 alias
442 1932 668 1982 interpositi
695 1933 742 1971 in
765 1933 973 1982 fructibus
1000 1932 1168 1971 Ecclesia
1194 1933 1334 1972 Sancti
1361 1933 1492 1971 Alani
1512 1937 1605 1983 sore
1630 1949 1690 1972 εω-

309 1987 678 2034 commwnicatos,-

258 2043 420 2081 Thomas,
445 2044 522 2082 etc.,
548 2043 689 2074 Decano
713 2043 756 2075 de
778 2043 903 2084 Pydre,
928 2045 965 2074 et
989 2043 1135 2082 Poudre,
1161 2053 1202 2074 ac
1224 2043 1431 2074 Rectoribus
1453 2043 1688 2076 Ecclesiarum

303 2087 560 2118 Parochialium
578 2087 788 2119 Sanctorum
812 2087 978 2128 Maugani
994 2089 1031 2118 et
1054 2087 1207 2118 Ermetis
1232 2085 1300 2127 [St.
1316 2085 1446 2128 Erme],
1462 2088 1500 2119 in
1515 2088 1630 2129 Pydre
1653 2091 1690 2120 et

305 2131 440 2162 Poudre
465 2131 641 2171 predictis,
661 2132 822 2172 salutem,
844 2131 1057 2171 etc—Cum,
1085 2132 1278 2163 secundum
1305 2131 1514 2163 Sanctorum
1542 2133 1689 2164 Patrum

305 2175 448 2206 Statuta
474 2176 511 2206 in
534 2175 601 2207 hac
615 2178 715 2216 parte
731 2177 798 2207 rite
815 2177 920 2215 edita,
937 2186 1059 2207 omnes
1075 2179 1111 2207 et
1128 2176 1256 2216 singuli
1270 2176 1534 2208 Cantuariensis
1546 2177 1688 2208 Provin-

303 2220 355 2251 cie
377 2222 413 2251 et
435 2220 590 2251 Diocesis
612 2222 732 2251 nostre
756 2221 963 2252 Exoniensis
987 2220 1127 2260 subditi,
1149 2221 1207 2261 qui
1232 2221 1483 2260 Episcoporum
1505 2222 1560 2252 vel
1588 2222 1689 2253 Vica-

303 2264 434 2294 riorum
452 2274 594 2295 suorum
619 2264 853 2304 Generalium,
870 2267 932 2296 aut
948 2265 1103 2305 ipsorum
1129 2264 1337 2295 officialium
1362 2265 1613 2306 Principalium
1631 2267 1688 2297 Se-

304 2310 456 2348 questra,
483 2318 526 2339 ex
550 2309 665 2340 causis
691 2309 796 2350 justis
818 2311 854 2340 et
876 2309 978 2347 veris,
1000 2309 1037 2339 in
1056 2309 1156 2340 bonis
1183 2309 1437 2340 Ecclesiasticis
1458 2311 1513 2340 vel
1539 2311 1627 2350 aliis,
1652 2311 1689 2341 in

305 2352 444 2383 casibus
459 2363 480 2383 a
495 2353 572 2393 jure
588 2353 768 2393 permissis
783 2354 992 2393 interposita
1007 2353 1173 2393 legitime,
1191 2354 1326 2384 calcata
1342 2354 1542 2385 reverencia
1558 2355 1690 2396 injuste

306 2397 436 2428 violare
459 2399 678 2436 presumunt,
695 2397 782 2428 adeo
798 2398 890 2438 quod
913 2398 1069 2437 ipsorum
1086 2397 1257 2438 Precepta
1281 2397 1457 2429 Canonica
1473 2399 1593 2430 illicite
1610 2409 1689 2430 con-

306 2444 548 2481 tempnuntur,
566 2442 636 2472 sint
655 2441 841 2473 Sentencia
858 2442 1242 2472 Excommunicacionis
1259 2442 1403 2483 Majoris
1419 2442 1691 2482 dampnabiliter

306 2485 482 2523 inuodati3
499 2485 651 2526 quidam,
668 2488 797 2525 tamen,
814 2485 1012 2526 iniquitatis
1028 2486 1100 2525 filii,
1118 2486 1210 2517 dicte
1228 2485 1491 2517 Cautuariensis
1509 2487 1690 2519 Provincie

307 2531 343 2560 et
360 2529 470 2560 nostri
488 2529 628 2569 subditi,
645 2540 792 2570 quorum
808 2530 952 2561 nomina
966 2530 1176 2570 ignorantur
1190 2530 1323 2570 pariter
1338 2533 1374 2561 et
1390 2541 1547 2570 persone,
1565 2532 1691 2572 spiritu

308 2573 437 2604 furoris
459 2574 556 2605 ducti
577 2584 618 2605 ac
639 2574 769 2605 mentis
788 2574 935 2605 audacia
951 2574 1115 2614 perversa
1130 2577 1167 2605 et
1183 2574 1370 2605 temeraria
1382 2575 1534 2614 excitati,
1555 2577 1690 2607 rebelli-

308 2618 385 2648 onis
410 2618 580 2649 cervicem
606 2618 767 2659 nequiter
791 2618 977 2658 erigentes,
1006 2618 1231 2659 Sequestrum
1257 2621 1416 2649 nostrum
1444 2619 1481 2649 in
1506 2619 1691 2659 fructibus,

308 2662 513 2701 redditibus,
531 2665 566 2693 et
581 2663 809 2702 proventibus
826 2662 980 2694 Ecclesie
998 2662 1118 2693 Sancti
1135 2662 1252 2701 Aluni,
1269 2663 1305 2693 in
1323 2663 1508 2702 Cornubia,
1519 2674 1561 2694 ex
1578 2665 1693 2696 causis

307 2705 413 2747 justis
437 2708 480 2737 et
501 2706 593 2737 veris
617 2707 774 2746 legitime
799 2707 1058 2747 interpositum,
1085 2707 1215 2737 violare
1240 2710 1372 2738 temere
1392 2712 1692 2748 presumpserunt,

309 2750 479 2790 Precepta
495 2753 615 2781 nostra
632 2750 809 2781 Canonica
825 2751 946 2782 illicite
967 2752 1257 2791 contempnendo,
1275 2761 1315 2782 ac
1339 2752 1431 2782 dicte
1458 2752 1602 2793 Maioris
1627 2754 1691 2784 Ex·-

294 2794 640 2826 communicacionis
657 2795 881 2826 Sentenciam
897 2795 1171 2835 dampnabiliter
1192 2795 1403 2826 incurrendo
1416 2811 1423 2834 ;
1441 2806 1509 2837 qua
1522 2797 1693 2828 hactenus

307 2841 493 2869 remanent
508 2838 678 2878 innodati,
691 2839 728 2870 in
741 2839 857 2870 anime
870 2849 932 2871 sue
948 2840 1080 2880 grande
1095 2839 1291 2880 periculum
1307 2842 1342 2870 et
1359 2840 1506 2871 aliorum
1523 2842 1691 2881 pernicio-

310 2893 387 2914 sum
404 2883 613 2923 exemplum.
660 2883 830 2922 Quocirca
845 2884 944 2915 vobis
960 2883 1187 2925 conjunctim,
1205 2886 1241 2914 et
1258 2884 1402 2915 cuilibet
1424 2887 1582 2916 vestrum
1606 2886 1692 2916 divi-

310 2927 387 2966 sim,
412 2929 489 2966 etc.,
513 2927 723 2959 mandamus
747 2928 914 2969 quatinus
936 2928 1139 2970 hujusmodi
1167 2927 1345 2968 Sequestri
1369 2929 1481 2960 nostri
1506 2929 1693 2962 violatores

309 2971 526 3012 temerarios,
542 2981 664 3004 omnes
687 2974 724 3004 et
747 2972 913 3013 singulos,
937 2972 988 3005 sic
1011 2973 1332 3005 excommunicatos
1354 2972 1463 3005 fuisse
1487 2975 1523 3006 et
1546 2984 1632 3015 esse,
1657 2975 1694 3007 in
