1988 3256
136 410 170 435 A.
177 408 210 435 D.

136 443 210 469 1383.

137 476 198 503 vol.
220 474 244 502 Ι.

143 1923 202 1954 [sol.

142 1958 232 1990 107b]

439 303 730 337 REGISTRUM
777 301 1238 336 cOMMuNss—ANNO
1285 293 1378 337 13⁰.
1589 293 1683 337 495

293 410 486 441 Dominicis
501 412 538 441 et
555 410 716 447 Festivis,
731 409 858 450 quibus
881 409 974 440 idem
999 408 1170 439 Dominus
1193 408 1270 438 vult
1293 407 1408 448 ipsum
1425 408 1471 438 ad
1489 407 1683 439 Ecclesiam

292 464 391 486 suam
417 455 601 485 Matricem
624 454 858 494 personaliter
879 453 1056 492 accedere,
1080 452 1191 492 possit
1214 452 1332 483 facere
1356 452 1526 483 celebrari
1555 453 1684 483 Divina

291 509 355 540 per
376 499 590 539 presbiteros
617 499 782 539 ydoneos,
809 498 846 528 in
869 497 1052 538 presencia
1077 506 1150 536 sua,
1174 497 1210 527 in
1239 496 1383 536 Capella
1414 497 1488 527 sive
1521 496 1684 527 Oratorio

291 543 386 574 infra
403 543 622 574 Mansionem
638 552 737 573 suam
754 543 797 573 de
814 542 983 582 Pengelly
999 542 1036 572 in
1059 541 1183 572 eadem
1208 541 1380 572 Parochia
1404 541 1573 571 situatam
1588 555 1596 579 ;
1620 551 1684 581 per

293 598 402 618 unum
418 598 551 619 annum
568 588 786 618 duraturam.
833 587 909 617 Ista
925 586 1082 617 clausula
1092 586 1308 626 subsequens
1324 586 1459 616 inserta
1474 585 1545 616 fuit
1560 586 1597 616 in
1614 587 1683 616 fine

293 633 410 663 Litere
427 633 512 663 dicti
527 632 701 663 Johannis
718 631 805 669 Ude,
823 631 888 662 sub
911 631 977 661 hae
1000 630 1211 669 forma,—Si
1235 630 1323 670 quis,
1347 632 1478 668 autem,
1495 630 1681 669 presbiter,

293 678 329 707 in
345 677 441 708 dicta
457 677 600 716 Capella
615 677 688 707 sive
705 676 867 706 Oratorio
890 675 1082 713 celebrans,
1107 674 1176 705 hiis
1199 675 1331 705 nostris
1355 674 1484 704 Literis
1507 675 1544 704 in
1568 675 1684 715 aliquo

293 721 566 760 contravenerit,
593 721 708 761 ipsum
739 730 867 760 penam
893 719 1133 760 suspensionis
1163 729 1185 749 a
1210 719 1449 750 celebracione
1476 719 1684 749 Divinorum

295 766 473 797 incurrere
489 766 650 796 volumus
667 765 742 805 ipso
758 764 865 796 facto.

247 819 658 870 Letters-Dimissory‚
672 842 716 847 —

250 875 306 905 Sir
323 875 475 906 Richard
492 875 670 916 Kytt-owe,
687 874 830 912 deacon,
847 873 866 887 ‘⁴
879 873 924 904 ad
941 873 1109 904 Ordinem
1127 873 1389 903 Presbiteratus
1402 872 1421 885 ”
1443 871 1556 913 (same
1572 871 1685 913 date).

251 918 341 960 [But
357 921 394 950 in
418 920 479 950 the
502 919 641 959 margin
666 919 696 949 is
719 917 1022 957 written,—“non
1046 918 1238 949 emanavit.
1277 917 1434 948 Clericus
1453 917 1684 958 Stayndrope.

293 964 387 995 Alibi
404 964 658 1004 subsequenter
673 963 840 994 scribitur
850 963 881 1001 '’;
904 963 969 994 viz.
986 972 1031 993 on
1047 962 1133 992 folio
1150 961 1351 995 107⁰.—See
1366 972 1400 1002 p.
1416 960 1514 1002 496}

248 1018 399 1067 Lezant
414 1032 425 1066 3
454 1018 616 1056 Licence
635 1024 672 1055 to
691 1017 939 1064 celebrate,—

250 1074 353 1113 Item,
380 1074 522 1113 ibidem,
553 1074 610 1104 xix
641 1074 697 1104 die
724 1073 867 1113 Aprilis,
895 1073 1066 1104 Dominus
1091 1072 1266 1103 concessit
1298 1072 1497 1103 Licenciam
1531 1073 1686 1104 Hem-ico

294 1118 459 1149 Trekarle
474 1122 511 1149 et
528 1118 728 1150 Christiane
743 1118 821 1158 ejus
837 1118 946 1156 uxori,
963 1118 1055 1158 quod
1071 1117 1208 1157 possint
1227 1116 1344 1147 facere
1361 1117 1530 1147 celebrari
1548 1117 1685 1156 Divina,

293 1166 370 1202 etc.,
394 1163 431 1193 in
453 1163 596 1203 Capella
612 1162 685 1193 sive
702 1162 865 1193 Oratorio
887 1161 982 1192 infra
999 1162 1218 1192 Mansionem
1235 1161 1426 1192 eorundem
1438 1162 1494 1192 ·de
1519 1161 1685 1192 Trekarle

295 1205 517 1248 [TrecmvrelL
533 1207 570 1238 in
588 1207 693 1237 Festo
709 1207 819 1237 Beate
836 1207 946 1237 Marie
964 1206 1190 1246 Magdalene;
1215 1205 1393 1246 quamdiu,
1410 1209 1477 1237 etc.

250 1261 458 1312 Wyke-St.
482 1261 602 1312 Mary
615 1274 626 1308 ;
653 1261 736 1298 Pro
764 1261 1090 1310 mmmmm,—

251 1318 354 1357 Item,
371 1318 503 1348 eisdem
519 1318 575 1348 die
590 1319 627 1348 et
643 1317 728 1355 loco,
747 1317 917 1356 Magister
942 1316 1147 1356 Radulphus
1171 1316 1352 1356 Pylatone,
1378 1316 1506 1347 Rector
1530 1316 1685 1347 Ecclesie

296 1362 510 1393 Parochialis
526 1362 569 1392 de
586 1362 697 1402 Wyke
715 1361 843 1392 Sancte
861 1361 981 1399 Marie,
1006 1360 1130 1391 habuit
1156 1361 1311 1391 Literam
1328 1361 1575 1400 reparaeionis,
1593 1364 1631 1391 ut
1648 1361 1686 1391 in

297 1406 412 1437 forma
427 1406 610 1437 directam.

248 1460 505 1498 Restitution
525 1460 567 1498 of
586 1459 850 1506 Muniments,
856 1483 906 1488 —

298 1560 430 1600 Aprilis
442 1560 602 1600 predicti,
617 1540 791 1590 direct’um
802 1559 1069 1590 Archidiaconis
1083 1559 1215 1590 Exonie
1231 1562 1267 1590 et
1285 1559 1469 1597 Cornubie,
1487 1570 1550 1590 seu
1565 1570 1686 1591 eorum

299 1604 513 1635 Officialibus
528 1607 590 1635 aut
606 1604 682 1635 loca
697 1604 910 1642 tenentibus,
928 1604 1143 1644 singulisque
1162 1603 1370 1634 Rectoribus
1385 1606 1422 1634 et
1437 1601 1589 1635 Vicariis
1606 1605 1686 1635 Per-

296 1649 414 1689 petuis
439 1659 480 1679 ac
511 1648 710 1688 Capellanis
740 1648 1004 1679 Parochialibus
1034 1648 1209 1679 dictorum
1240 1648 1610 1688 Archidiaconatuum,
1643 1649 1687 1679 ad

297 1693 510 1724 monendum
535 1693 571 1723 in
596 1702 724 1733 genere
751 1702 873 1723 omnes
897 1695 934 1723 et
959 1692 1115 1732 singulos
1141 1692 1354 1731 detentores,
1378 1693 1626 1732 subtractores‚
1651 1696 1687 1724 et

297 1738 535 1768 concelatores
560 1737 758 1775 Cartarum,
783 1737 1118 1775 Instrumentorum,
1142 1740 1178 1767 et
1201 1737 1350 1767 aliorum
1376 1737 1686 1776 Munimentorum,

295 1781 353 1823 jus
369 1785 405 1812 et
421 1782 653 1812 hereditatem
671 1762 830 1820 Mariote,
854 1781 924 1811 filie
948 1783 985 1811 et
1008 1762 1148 1811 hered'is
1168 1781 1340 1811 Johannis
1356 1781 1524 1822 Yrysshe,
1541 1784 1687 1822 tangen-

298 1827 402 1865 cium,
429 1826 521 1866 quod
552 1826 743 1856 restituant
771 1806 906 1868 Gai-tae,
939 1826 1193 1863 Instrumenta,
1219 1827 1256 1856 et
1283 1825 1503 1856 Munimenta
1529 1827 1689 1866 predicta

295 1870 433 1911 prefate
451 1871 599 1901 Mariote
615 1870 710 1900 infra
726 1870 824 1900 xxxm
840 1870 976 1900 dierum
993 1870 1150 1910 spacium
1167 1879 1188 1900 a
1211 1872 1370 1910 tempore
1387 1870 1604 1909 Monicionis,
1620 1874 1688 1902 etc.

250 1923 524 1962 Thorncombe
551 1923 657 1977 [now
685 1922 873 1961 included
902 1923 944 1960 in
974 1923 1044 1961 the
1072 1923 1239 1961 Diocese
1267 1923 1310 1960 of
1337 1922 1589 1976 Salisbury]‚
1626 1924 1689 1962 Se-

305 1978 523 2027 questracio
543 1980 773 2027 fructuum,
812 1977 1054 2021 reddituum,
1090 1984 1125 2015 et
1149 1991 1251 2026 prm
1251 1984 1419 2015 erratuum
1457 1978 1609 2016 Vicarie
1642 1979 1688 2017 de

308 2032 598 2078 Z'hornecombe,
614 2045 690 2081 pro
709 2045 849 2069 ammo
867 2031 1040 2077 redditu,
1062 2038 1141 2077 etc„
1150 2055 1198 2060 —-

254 2088 415 2126 Thomas,
439 2090 517 2127 etc.‚
544 2088 684 2118 Decano
707 2087 750 2118 de
779 2087 979 2128 Honytone,
1004 2097 1045 2118 ac
1068 2087 1219 2118 vicariis
1243 2087 1427 2127 Perpetuis
1451 2088 1687 2120 Ecclesiarum

300 2132 557 2163 Parochialium
573 2132 616 2162 de
640 2131 860 2162 Axemouthe
884 2134 920 2162 et
943 2131 1190 2172 Axemynstre,
1215 2132 1376 2170 salutem,
1400 2133 1602 2164 etc.—Cum
1622 2134 1686 2164 Ex-

298 2176 569 2207 cellentissimus
591 2177 629 2206 in
652 2175 793 2207 Christo
810 2176 977 2216 Princeps
993 2179 1029 2206 et
1046 2176 1217 2206 Dominus
1233 2178 1363 2214 noster,
1381 2176 1552 2208 Dominus
1569 2178 1686 2209 Ricar-

299 2221 374 2259 dus,
392 2221 455 2251 Dei
471 2221 590 2260 gracia
607 2221 680 2251 Rex
702 2220 830 2260 Anglie
853 2222 890 2250 et
915 2220 1072 2258 Francie,
1089 2220 1296 2251 Vicecomiti
1320 2221 1476 2251 Devonie
1499 2231 1562 2261 per
1585 2232 1686 2252 suum

300 2265 412 2295 Breve
429 2265 577 2304 Regium
593 2264 730 2295 dederit
745 2264 782 2294 in
795 2264 973 2295 mandatis
988 2264 1080 2304 quod
1095 2274 1159 2294 nos
1175 2267 1321 2304 poneret
1332 2274 1394 2304 per
1406 2265 1509 2296 vadia
1525 2269 1561 2296 et
1573 2267 1687 2297 salvos

298 2309 442 2349 plegios,
458 2309 509 2339 ita
525 2309 616 2349 quod
632 2308 841 2339 haberemus
864 2318 982 2339 coram
1005 2308 1219 2344 Justiciariis
1243 2309 1325 2346 suis,
1341 2309 1435 2348 apud
1453 2309 1686 2342 Westmonas-

299 2353 438 2391 terium,
455 2363 476 2383 a
493 2353 557 2383 Die
568 2352 700 2383 Pasche
713 2353 749 2383 in
759 2355 833 2383 tres
843 2353 1069 2392 septimanas,
1081 2353 1270 2383 Dominum
1282 2353 1451 2383 Thomam
1464 2353 1686 2395 Stremynge,

298 2397 477 2428 vicarium
496 2397 649 2428 Ecclesie
666 2397 880 2427 Parochialis
903 2397 946 2427 de
970 2397 1242 2435 Thornecombe,
1258 2397 1423 2428 clericum
1448 2400 1618 2438 nostrum,
1642 2400 1687 2430 ad

297 2441 579 2481 respondendum
610 2440 784 2481 Religioso
808 2441 903 2479 Viro,
929 2441 1045 2471 Fratri
1072 2441 1237 2479 Waltero,
1269 2441 1399 2471 Abbati
1423 2442 1466 2472 dc
1496 2442 1618 2482 Forde,
1644 2444 1687 2474 de

299 2485 433 2516 Placito
448 2485 539 2526 quod
555 2485 680 2516 reddat
695 2485 727 2515 ei
744 2485 927 2524 sexaginta
942 2487 978 2516 et
994 2487 1073 2515 octo
1089 2485 1227 2524 solidos,
1244 2485 1302 2525 qui
1319 2485 1351 2516 ei
1374 2495 1396 2515 a
1419 2488 1514 2517 retro
1537 2490 1620 2518 sunt
1644 2488 1687 2518 de

298 2539 415 2560 annuo
431 2529 571 2560 redditu
587 2539 647 2560 sex
663 2538 872 2568 marcarum,
888 2528 990 2569 quem
1015 2529 1047 2559 ei
1071 2529 1186 2568 debet,
1210 2532 1250 2560 ut
1273 2529 1380 2567 dicit;
1405 2540 1518 2570 quem,
1535 2532 1686 2572 quidem,

299 2574 488 2604 Dominum
501 2573 680 2612 Thomam‚
693 2573 883 2612 Vicarium,
893 2573 938 2604 ad
949 2573 1221 2613 comparendum
1234 2583 1352 2604 coram
1364 2574 1474 2613 nobis,
1485 2575 1540 2606 vel
1557 2577 1688 2606 nostris

299 2618 335 2647 in
352 2617 418 2648 hac
434 2620 534 2657 parte
552 2617 819 2656 Commissariis,
829 2617 936 2649 certis
953 2617 1008 2648 die
1024 2621 1060 2648 et
1076 2618 1152 2648 loco
1168 2617 1233 2648 sibi
1250 2618 1295 2648 ad
1312 2618 1377 2649 hoc
1393 2618 1565 2658 limitatis,
1583 2630 1688 2660 super

299 2662 479 2701 premissis
494 2664 531 2692 et
546 2671 589 2692 ea
603 2661 832 2701 tangentibus
848 2662 891 2692 de
906 2661 1049 2702 justicia
1064 2671 1313 2702 responsurum
1327 2676 1335 2700 ;
1359 2662 1548 2702 facturum,
1565 2665 1686 2703 eciam,

299 2708 336 2736 et
351 2708 574 2746 recepturum
593 2706 688 2746 ‘quod
711 2708 814 2736 tenor
835 2706 920 2736 dieti
945 2706 1067 2736 Brevis
1089 2706 1126 2736 in
1150 2716 1187 2736 se
1210 2706 1319 2746 exigit
1334 2710 1371 2736 et
1393 2707 1550 2747 requirit,
1567 2711 1688 2739 nostro

299 2750 510 2790 precedente
535 2750 694 2788 Decreto,
717 2750 874 2789 legitime
897 2749 1086 2781 fecerimus
1109 2750 1266 2787 evocari3
1290 2750 1474 2791 ipsumque
1498 2752 1686 2783 Dominum
1708 2763 1711 2765 ·

299 2794 479 2832 Thomam,
495 2793 684 2832 Vicarium,
700 2794 850 2834 prefatis
865 2794 921 2825 die
937 2797 974 2825 et
995 2794 1071 2825 loco
1086 2795 1359 2834 preconizatum,
1376 2795 1512 2826 diucius
1527 2799 1687 2836 expecta-

298 2840 386 2876 tum,
402 2847 443 2869 ac
458 2838 555 2868 nullo
576 2837 680 2868 modo
695 2840 967 2878 comparentem,
983 2837 1144 2878 prefatus
1166 2840 1287 2869 noster
1302 2838 1570 2871 Commissarius
1586 2850 1686 2881 repu-

297 2882 388 2914 tavit
411 2884 665 2921 contumacem,
688 2884 736 2922 et,
759 2882 796 2912 in
823 2892 951 2925 penam
974 2882 1194 2914 contumacie
1217 2891 1279 2913 sue
1303 2882 1514 2924 hujusmodi,
1538 2884 1686 2926 fructus,
