1988 3256
288 358 384 405 286
501 371 603 405 THE
638 372 880 406 REGISTER
914 373 974 406 OF
1010 373 1189 407 BISHOP
1223 373 1626 413 BRANTYNGHAM.

289 472 364 500 ΑΛ).
436 477 561 514 tamen,
576 474 611 506 in
622 475 780 506 omnibus
791 478 826 507 et
835 487 894 516 per
906 476 1018 507 omnia
1029 477 1187 509 omnibus
1199 480 1235 509 et
1245 478 1387 519 singulis
1403 477 1549 520 juribus,
1562 480 1832 521 libertatibus,et

287 504 381 566 {73‘312'1
436 519 739 550 consuetudinibus
752 519 904 561 ejusdem
913 520 1058 552 Ecclesia
1074 521 1220 552 Matricis
1233 522 1274 553 de
1282 522 1487 563 Tounstalle,
1497 527 1533 555 et
1543 524 1624 556 dicti
1636 522 1830 556 Monasterii

346 560 352 567 “
386 561 392 567 “
440 573 476 593 ac
489 562 619 594 Vicarie
632 563 781 604 predicte
793 563 827 595 in
841 564 1232 605 decimis‚0blacionibus,
1241 569 1275 596 et
1286 566 1359 597 aliis
1370 566 1631 600 obvencionibus
1643 571 1678 599 et
1688 578 1829 609 proven-

440 606 545 637 tubus
560 607 841 648 quibuscumque,
858 608 901 638 ab
924 607 1047 639 eisdem
1066 608 1274 649 parochianis
1296 620 1432 651 quoquo
1448 612 1558 650 modo,
1574 612 1698 643 debitis
1720 614 1756 643 et
1771 611 1826 643 de-

440 650 598 681 ferendis.
645 651 708 688 Ita,
726 654 850 690 tamen,
868 657 904 682 et
919 651 982 683 hoc
1008 656 1083 683 acto
1101 652 1190 683 inter
1212 663 1273 684 nos
1288 654 1476 694 specialiter
1498 662 1533 686 et
1555 665 1719 697 expresse,
1736 655 1832 697 quod—

440 693 556 724 eadem
575 694 711 733 Capella
739 695 932 725 parochiam
961 706 1019 726 seu
1039 696 1253 736 parochianos
1280 707 1347 728 non
1363 697 1486 729 habeat
1510 709 1571 730 nec
1586 699 1723 731 habebit
1755 709 1827 739 pro-

442 737 530 777 prios
546 741 582 768 et
597 737 790 777 distinctos;
805 738 932 769 scilicet
948 749 1064 770 omnes
1080 742 1115 771 et
1137 740 1262 780 singuli
1277 741 1367 782 apud
1384 741 1506 773 Villam
1523 743 1565 773 de
1589 742 1827 783 Dertemuthe,

442 781 531 812 infra
547 781 629 813 fines
646 784 681 813 et
698 782 821 813 limites
839 782 996 814 parochie
1006 783 1096 814 dicte
1113 784 1258 815 Ecclesie
1274 784 1475 825 habitantes,
1491 789 1748 826 commorantes,
1765 797 1825 818 seu

439 824 543 856 larem
571 825 735 865 foventes,
753 826 943 866 parochiani
971 826 1124 868 ejusdem
1150 827 1294 860 Ecclesie
1321 829 1363 859 ‹le
1387 829 1592 869 Tounstasse,
1620 833 1724 871 prout
1749 830 1824 862 hac·

440 872 540 900 tenus
565 869 716 908 luerunt,
735 870 958 901 remanebunt
984 870 1146 902 continuo
1171 871 1206 904 in
1231 872 1399 911 futurum,
1419 883 1457 903 ac
1483 872 1518 904 in
1539 873 1763 905 reverenciam
1790 876 1827 906 et

439 912 599 944 honorem
624 913 776 954 ejusdem
804 913 949 945 Ecclesia
972 914 1130 954 Matricis,
1147 918 1182 945 et
1204 915 1239 946 in
1266 915 1400 956 signum
1417 916 1647 957 subjeecionis,
1664 917 1767 949 semel
1790 917 1826 949 in

439 967 536 995 anno,
549 957 705 988 videlicet
720 957 752 988 in
772 957 872 989 Festo
885 958 1006 988 Sancte
1022 958 1122 989 Marie
1137 958 1340 999 Magdalene‚
1354 959 1494 1000 singulis
1504 961 1611 1000 annis,
1625 961 1667 992 ad
1683 961 1824 992 eandem

439 1000 621 1032 Ecclesiam
641 1001 813 1032 Matricem
831 1002 991 1033 accedent
1007 1012 1015 1040 ;
1039 1005 1073 1033 et
1089 1006 1183 1041 tunc,
1204 1003 1256 1034 vel
1281 1003 1455 1034 Dominica
1470 1005 1637 1045 sequenti,
1654 1004 1688 1036 in
1707 1004 1824 1036 eadem

438 1045 594 1084 Ecclesia,
607 1045 750 1086 quilibet
773 1046 955 1076 eorundem
974 1045 1247 1086 parochianorum
1271 1047 1361 1087 apud
1379 1047 1602 1079 Dertemuthe
1617 1058 1823 1080 commoran-

437 1089 527 1120 cium
540 1089 688 1127 adultus,
699 1088 943 1130 cujuscumque
955 1089 1157 1120 condicionis
1169 1090 1282 1128 fuerit,
1296 1090 1471 1121 denarium
1482 1091 1533 1122 vel
1546 1091 1684 1123 obulum
1698 1091 1824 1132 offeret,

439 1136 541 1174 prout
562 1143 621 1173 per
650 1132 739 1173 ipsos
763 1132 872 1164 offerri
898 1132 1058 1164 hacteuus
1081 1133 1255 1164 consuevit
1277 1134 1312 1165 in
1335 1134 1408 1165 aliis
1429 1134 1548 1174 Festis‚
1572 1135 1613 1166 ad
1638 1135 1702 1167 hoc
1723 1135 1824 1177 juxta

439 1176 728 1208 Constitucionem
756 1176 947 1208 Sinodalem
972 1176 1170 1218 hujusmodi
1192 1177 1390 1217 deputatis3
1424 1178 1557 1218 quibus,
1575 1178 1823 1219 nichilominus,

437 1221 561 1257 singuli
585 1220 774 1261 parochiani
797 1220 926 1258 offerre,
951 1220 1039 1251 sicut
1063 1220 1168 1261 prius,
1198 1224 1361 1261 perpetuo
1384 1224 1574 1254 teneantur.
1629 1223 1708 1262 Nos,
1735 1233 1823 1263 vero,

440 1264 637 1303 Willelmus,
661 1264 834 1296 Johannes
858 1264 950 1303 (ete),
974 1268 1009 1295 et
1033 1264 1136 1296 ceteri
1159 1274 1274 1295 omues
1297 1265 1487 1305 parochiani
1510 1266 1600 1297 dicte
1621 1266 1763 1298 Ecclesie
1777 1266 1821 1298 de

408 1326 413 1330 -
440 1308 645 1347 Tounstalle‚
661 1308 752 1348 apud
768 1307 892 1339 Villam
904 1308 946 1339 de
962 1308 1187 1339 Dertemuthe
1199 1309 1382 1349 predictam
1398 1308 1627 1341 inhabitantes
1642 1313 1678 1341 et
1693 1319 1821 1342 moram

438 1352 522 1383 inibi
538 1352 707 1390 facientes,
731 1351 791 1392 qui
809 1361 927 1382 sumus
950 1352 991 1382 ad
1017 1362 1163 1392 presens,
1189 1362 1226 1383 ac
1251 1352 1389 1383 heredes
1416 1355 1450 1384 et
1474 1363 1679 1385 successores
1701 1354 1818 1394 nostri,

437 1396 644 1437 quicumque
671 1395 863 1436 parochiani
886 1395 1038 1436 ejusdem
1067 1395 1209 1426 Ecclesie
1232 1395 1358 1427 ibidem
1380 1395 1610 1428 inhabitantes
1636 1400 1739 1429 erunt
1761 1408 1821 1438 pro

437 1443 600 1481 tempore,
617 1439 652 1470 iu
678 1439 844 1478 futurum,
860 1438 895 1470 in
919 1439 1010 1470 dicta
1035 1439 1179 1479 Capella,
1196 1442 1360 1480 tanquam
1387 1440 1430 1471 ab
1454 1440 1598 1472 Ecclesia
1622 1441 1762 1472 Matrice
1777 1441 1821 1472 de

435 1483 632 1515 Tounstalle
659 1483 882 1523 dependente,
915 1493 992 1514 cum
1025 1483 1147 1514 nostris
1177 1483 1384 1523 sumptubus
1408 1487 1529 1523 erecta,
1556 1487 1759 1525 constructa,
1785 1487 1822 1516 et

435 1529 626 1558 consecrata
648 1526 763 1565 fuerit,
790 1530 830 1557 ut
854 1526 1032 1567 prefertur,
1048 1526 1170 1558 Divina
1196 1526 1312 1559 Officia
1336 1527 1493 1559 celebrari
1518 1538 1577 1568 per
1603 1528 1822 1569 Capelianum

434 1571 571 1610 ibidem,
588 1570 711 1602 nostris
726 1574 762 1601 et
776 1580 892 1601 eorum
915 1570 1096 1602 dumtaxat
1118 1574 1154 1601 et
1175 1570 1356 1601 insolidum
1380 1572 1586 1612 sumptubus
1608 1574 1643 1603 et
1668 1571 1823 1613 expensis

434 1614 675 1646 inveniendum
691 1617 727 1645 et
741 1614 1015 1653 sustentandum,
1031 1614 1202 1655 perpetuis
1221 1614 1437 1654 temporibus,
1462 1614 1622 1646 faciemus
1643 1618 1679 1647 et
1697 1615 1823 1647 facient

434 1659 469 1690 in
501 1658 684 1697 futurum3
719 1657 894 1699 ipsamque
918 1658 1098 1699 Capellam,
1131 1661 1171 1689 ut
1196 1658 1366 1698 Capellam
1393 1658 1435 1689 ab
1460 1659 1577 1690 eadem
1602 1659 1749 1691 Ecclesia
1778 1659 1822 1691 de

433 1702 629 1734 'Pounstalle
644 1702 891 1742 dependentem
906 1705 942 1732 et
957 1712 1017 1742 pro
1041 1701 1176 1742 Capella
1197 1701 1405 1743 hujusmodi,
1428 1704 1464 1734 et
1489 1702 1614 1734 dictam
1640 1702 1822 1734 Ecclesiam

434 1750 475 1778 ut
490 1749 640 1777 nostram
657 1749 693 1777 et
707 1755 823 1776 eorum
841 1745 1022 1776 Ecclesiam
1040 1745 1265 1776 Parochialem
1282 1748 1317 1776 et
1332 1745 1518 1785 Matricem,
1535 1749 1571 1777 et
1587 1757 1648 1787 pro
1674 1746 1819 1778 Ecclesia

434 1789 642 1831 hujusmodi,
659 1789 778 1829 palam,
796 1789 937 1829 publice,
954 1793 990 1820 et
1005 1799 1159 1830 expresse
1175 1788 1376 1829 tenebimus,
1394 1789 1602 1829 habebimus,
1618 1793 1654 1821 et
1668 1790 1819 1822 nomina-

434 1833 556 1873 bimus,
580 1833 759 1872 tenebunt,
783 1832 969 1872 habebunt,
998 1836 1034 1864 et
1056 1832 1291 1869 nominabunt,
1318 1843 1356 1863 ac
1382 1832 1543 1864 faciemus
1566 1837 1602 1865 et
1625 1833 1760 1873 facient,
1783 1833 1818 1866 iu

433 1880 601 1919 quantum
629 1876 815 1918 poterimus
838 1879 874 1907 et
898 1878 1071 1916 poterunt,
1097 1876 1139 1907 ab
1162 1876 1235 1907 aliis
1256 1876 1388 1917 publice
1411 1877 1585 1909 nominari.
1639 1877 1819 1918 Ipsamque

435 1921 615 1952 Ecclesiam
639 1921 681 1951 de
696 1919 902 1959 Tounstalle,
919 1923 959 1951 ut
982 1919 1164 1951 Ecclesiam
1180 1923 1331 1953 nostram
1348 1920 1574 1951 Parochialem
1591 1923 1626 1952 et
1641 1920 1816 1952 Matricem

433 1963 546 1996 debite
562 1967 769 2002 venerantes,
794 1963 828 1994 in
853 1963 999 2002 decimis,
1016 1963 1254 2003 oblacionibus,
1278 1967 1313 1994 et
1335 1963 1604 2005 quibuscumque
1625 1964 1759 2006 juribus
1782 1967 1818 1996 ot

433 2007 664 2049 proventubus
692 2007 928 2039 Ecclesiasticis
951 2018 1010 2046 per
1030 2018 1090 2037 nos
1113 2010 1148 2038 et
1167 2017 1223 2038 eos
1249 2007 1382 2046 debitis,
1405 2017 1624 2048 agnoscemus
1641 2010 1678 2040 et
1699 2017 1816 2049 agnos⁴

432 2055 519 2090 cent,
545 2055 581 2083 et
603 2062 662 2091 pro
684 2051 810 2083 talibus
834 2050 1041 2092 parochianis
1063 2050 1168 2090 ipsius
1192 2050 1336 2082 Eccleeie
1359 2050 1554 2090 insolidum,
1579 2054 1615 2082 et
1637 2062 1704 2083 non
1726 2051 1817 2083 dicte

434 2095 578 2136 capelle,
591 2095 744 2126 totaliter
759 2105 819 2126 nos
835 2104 989 2135 geremus
1006 2094 1157 2134 ubilibet,
1174 2097 1209 2125 et
1224 2104 1259 2125 se
1274 2098 1391 2134 gerent
1404 2105 1413 2131 ;
1436 2105 1474 2126 ac
1489 2094 1628 2126 eandem
1646 2095 1816 2136 Capellam

431 2138 630 2180 hujusmodi
645 2138 826 2179 Capellam,
841 2142 875 2169 et
891 2137 1071 2169 Ecclesiam
1097 2138 1282 2178 predictam
1306 2137 1502 2179 hujusmodi
1519 2138 1700 2170 Ecclesiam
1716 2138 1815 2170 Paro-

280 2177 341 2209 [sol.
432 2182 573 2214 chialem
597 2186 633 2214 et
657 2182 842 2219 Matricem,
858 2192 986 2222 nosque
1002 2184 1037 2213 et
1052 2192 1107 2212 eos
1124 2181 1340 2222 parochianos
1355 2181 1460 2221 ipsius
1475 2181 1621 2213 Ecclesie
1635 2182 1815 2214 dumtaxat

278 2211 355 2243 31b.]
432 2226 536 2258 fuisse
552 2229 588 2258 et
603 2236 674 2257 esse
690 2226 811 2256 debere
828 2225 999 2266 perpetuis
1015 2225 1224 2266 temporibus
1239 2224 1423 2256 fatebimur
1438 2228 1474 2256 et
1489 2225 1698 2266 fatebuntur,
1713 2229 1817 2267 prout

431 2270 546 2301 taliter
562 2280 620 2311 per
643 2270 820 2301 Presentes
842 2268 1108 2309 recognoscimus
1123 2272 1159 2300 et
1181 2268 1339 2300 fatemur.
1387 2268 1595 2308 oblaciones,
1613 2269 1727 2310 eciam,
1750 2269 1816 2301 sub

433 2313 532 2345 modo
547 2316 582 2344 et
598 2313 704 2345 forma
720 2312 900 2354 premissis,
917 2313 951 2343 in
968 2313 1059 2344 dicta
1077 2312 1221 2344 Ecclesia
1236 2313 1279 2343 de
1294 2312 1498 2351 Tuunstalle,
1515 2313 1550 2344 iu
1574 2313 1675 2344 Festo
1691 2313 1814 2345 Sancte

429 2357 534 2389 Marie
559 2357 752 2397 Magdalene
775 2356 828 2388 vel
851 2356 1025 2387 Dominica
1041 2356 1206 2397 sequenti,
1222 2366 1260 2387 ac
1282 2355 1439 2387 omnibus
1461 2356 1534 2387 aliis
1558 2356 1665 2387 Festis
1687 2360 1723 2388 et
1744 2356 1814 2388 die·

429 2401 493 2432 bus
523 2401 648 2442 quibus
672 2400 790 2431 offerre
812 2403 911 2431 antea
941 2400 1150 2438 tenebamur,
1174 2403 1210 2430 et
1232 2402 1334 2440 prout
1360 2399 1522 2430 hactenus
1547 2399 1750 2439 solebamus,
1775 2399 1812 2432 in

429 2445 501 2485 ipsa
518 2444 653 2485 Capella
667 2444 780 2476 debite
797 2443 958 2475 faciemus
974 2447 1008 2474 et
1024 2443 1158 2481 facient,
1174 2443 1270 2474 annis
1285 2443 1426 2483 singulis
1441 2443 1474 2474 iu
1490 2444 1659 2475 futurums
1704 2443 1812 2485 Ipsus-

428 2499 495 2529 que
507 2488 704 2527 oblaciones,
717 2491 753 2519 et
767 2487 848 2518 alias
863 2487 897 2518 in
914 2487 1028 2518 eadem
1043 2486 1178 2528 Capella
1193 2486 1448 2527 quomodolibet
1462 2486 1640 2526 faciendas,
1657 2487 1812 2527 decimas,

427 2531 513 2573 jura,
537 2535 572 2563 et
601 2531 821 2563 obvenciones
844 2541 1074 2571 quascumque
1098 2529 1355 2569 Ecclesiasticas,
1378 2540 1397 2561 a
1420 2530 1628 2570 parochianis
1653 2530 1813 2571 predictis

389 2596 391 2598 v
428 2575 649 2617 quovismodo
671 2575 803 2606 debitas
826 2578 862 2606 et
883 2575 1061 2611 debendus,
1085 2574 1184 2605 dictis
1211 2573 1384 2613 Religiosis
1407 2573 1506 2612 Viris,
1530 2573 1635 2615 ipsius
1667 2573 1812 2606 Ecclesie

427 2619 573 2658 nomine,
592 2629 630 2650 ac
644 2618 778 2650 Vicario
800 2618 967 2659 Perpetuo
989 2617 1142 2659 ejusdem
1165 2617 1223 2657 qui
1246 2627 1307 2658 pro
1330 2619 1481 2658 tempore
1503 2617 1617 2657 fuerit,
1641 2620 1812 2659 quatenus

375 2685 378 2688 ⁴
428 2663 475 2693 eis
500 2662 614 2693 debite
637 2662 775 2700 fuerint,
797 2661 1047 2702 imperpetuum
1072 2660 1298 2702 persolvemus
1320 2660 1527 2700 integraliter
1548 2663 1584 2692 et
1606 2661 1806 2702 persolvent.

429 2706 546 2744 Onera,
570 2706 717 2747 insuper,
753 2704 1014 2736 construccionis
1047 2715 1132 2735 nove
1162 2704 1270 2735 tocius
1301 2703 1434 2744 Capelle
1461 2704 1610 2745 predicte
1639 2707 1674 2736 et
1704 2704 1808 2736 eciam

429 2749 575 2781 Cancelli
590 2749 753 2790 ejusdem,
769 2748 798 2779 si
813 2759 896 2789 opus
912 2748 1016 2779 fuerit
1030 2748 1064 2779 in
1081 2748 1250 2787 futurum,
1266 2757 1304 2778 ac
1326 2747 1517 2779 refeccionis
1534 2751 1570 2779 et
1591 2747 1811 2789 reparacionis

427 2793 610 2824 eorundem
635 2792 781 2824 Cancelli
808 2796 843 2823 et
880 2791 1022 2832 Oapelle,
1048 2791 1269 2832 omniumque
1298 2794 1334 2822 et
1367 2790 1577 2831 singulorum
1599 2790 1807 2829 defectuum,

426 2836 732 2877 quocienscumque
747 2838 783 2867 et
797 2835 1086 2876 qualitercumque
1101 2845 1192 2866 nuuc
1214 2839 1250 2865 et
1271 2834 1305 2865 in
1327 2837 1498 2875 posterum
1521 2834 1750 2875 yminencium
1772 2834 1809 2867 in

427 2879 562 2919 eisdem,
586 2890 624 2911 ac
646 2878 851 2910 invencionis
873 2882 909 2910 et
930 2878 1188 2910 sustentacionis
1210 2876 1407 2919 hujusmodi
1432 2878 1603 2918 Capellani
1631 2877 1667 2909 in
1690 2877 1807 2910 eadem

426 2922 561 2963 Capella
582 2922 780 2955 celebrantis
796 2925 832 2953 et
846 2921 1057 2961 celebraturi,
1076 2921 1322 2962 Librorumque
1336 2920 1602 2962 Matutinalium,
1617 2923 1653 2953 et
1666 2921 1808 2957 aliorum

426 2966 657 3009 quorumlibet
671 2966 954 2999 ornamentorum
971 2969 1007 2997 et
1022 2965 1283 2997 necessariorum
1298 2965 1332 2996 in
1348 2965 1475 3004 eadem,
1487 2964 1587 3007 juxta
1602 2964 1807 2997 Constituci-
