1988 3256
251 356 347 406 294
452 370 554 405 THE
587 364 835 404 REGISTER
870 364 933 402 01³·
967 365 1146 403 BISHOP
1181 346 1591 402 BRANTYNGHAM]

248 474 326 502 A-D·
408 485 478 514 cus,
511 473 655 507 Eliensis
692 472 850 512 Diocesis‚
889 471 1050 504 Publicus
1087 471 1279 514 Apostolica
1314 473 1351 504 et
1387 469 1557 512 Imperiali
1585 466 1800 501 Auctoritate

250 509 345 570 ¹5:11²]
409 518 582 558 Notarius,
606 517 767 559 premissa
789 516 902 549 omnia
929 519 965 547 et
986 515 1118 557 singula
1148 516 1233 547 dum
1261 515 1308 547 sic
1333 517 1522 556 agerentur,
1546 522 1625 545 cum
1651 510 1798 543 testibus

278 551 296 569 ⁰
309 563 316 570 ’
349 561 357 569 ”
409 562 644 604 suprascriptis
666 571 802 603 presens
824 560 885 601 fui,
901 570 1006 602 eaque
1029 570 1088 601 per
1102 559 1208 591 alium
1223 558 1322 591 scribi
1336 558 1410 599 feci,
1428 561 1464 590 et
1486 568 1540 589 me
1555 553 1796 589 subscribendo

411 606 466 638 hic
495 606 629 647 signum
660 615 785 643 meum,
817 615 885 636 una
910 614 988 636 cum
1020 602 1128 645 sigillo
1155 603 1314 644 predicto,
1337 601 1478 644 apposui
1502 602 1714 638 consuetum,
1736 607 1797 639 per

405 650 536 682 dictum
551 649 737 681 Dominum
750 647 962 681 Cardinalem
977 647 1170 689 requisitus,
1182 646 1218 679 in
1233 646 1466 679 testimonium
1477 644 1628 677 veritatis
1643 641 1797 674 omnium

254 738 332 787 A-l}
366 704 774 770 —Ilgiztiiiiix‘iofflisiidatum
797 734 865 767 fuit
887 734 1055 767 directum
1077 733 1218 775 singulis
1241 733 1500 773 Archidiaconis,
1523 732 1566 764 ad
1587 728 1796 779 monendum

255 772 360 799 1³7⁶·3·
407 781 557 822 singulos
572 780 726 812 subditos
741 779 783 811 ad
798 778 998 811 solvendum
1013 778 1264 819 procuracioues
1281 777 1446 819 predictas
1463 787 1472 816 ;
1494 787 1554 817 per
1578 773 1794 812 Gornubxam,

408 825 574 865 videlicet,
591 823 698 856 Priori
714 822 890 854 Bodminie
907 833 916 860 3
931 833 992 864 per
1006 822 1201 862 Devoniam,
1215 831 1304 860 vero,
1317 821 1442 853 Abbati
1453 821 1495 852 de
1506 820 1609 852 Terre
1624 829 1633 858 ;
1649 826 1796 860 quorum

410 867 669 901 Commissiones
683 867 825 899 inferius
839 866 1044 906 scribuntur,
1062 865 1217 897 videlicet
1232 865 1296 897 sub
1312 865 1374 896 hac
1385 865 1549 904 forma,-

366 913 548 954 Deputacio
566 911 746 943 Collectoris
758 920 818 951 pro
829 911 1063 951 procuraciom
1077 908 1266 950 hujusmodi
1280 911 1318 941 in
1336 907 1498 941 Gornubia
1521 904 1754 946 colliyendffi—

365 956 520 996 Thomas,
550 958 625 996 etc,
657 954 764 986 Priori
794 954 966 986 Prioratus
989 953 1174 992 Bodminie,
1195 955 1270 989 etc„
1294 951 1552 984 salutem—Ad
1581 948 1796 990 exigendum,

409 999 645 1041 colligendum,
662 998 855 1037 levandum,
871 1000 908 1029 et
929 997 1158 1038 recipiendum
1180 1006 1200 1028 a
1222 996 1494 1037 quibuscumque
1510 993 1653 1027 Prelatis
1669 995 1706 1024 et
1722 992 1796 1023 Per-

409 1044 500 1076 sonis
526 1041 765 1075 Ecclesiasticis
791 1041 1063 1083 quibuscumque
1085 1040 1121 1072 in
1144 1040 1426 1072 Archidiaoonatu
1450 1037 1673 1072 Cornubiensi
1695 1035 1797 1067 bene-

407 1086 539 1126 ficiatis,
574 1090 648 1119 tam
684 1085 850 1126 exemptis
886 1095 990 1126 quam
1022 1094 1090 1116 non
1129 1083 1306 1125 exemptis,
1337 1094 1398 1124 pro
1430 1083 1527 1115 bonis
1556 1084 1593 1113 et
1622 1079 1798 1113 Beneficiis

409 1131 479 1163 suis
508 1129 748 1163 Ecclesiasticis
774 1129 809 1160 in
836 1129 952 1160 eadem
977 1128 1260 1159 Archidiaconatu
1283 1126 1517 1167 existentibus,
1544 1123 1798 1167 procuraciones

410 1173 693 1207 Reverendissimi
722 1172 860 1205 Domini
890 1172 1046 1211 Simonis,
1073 1174 1152 1209 etc„
1178 1181 1238 1212 pro
1264 1171 1412 1202 secundo
1444 1180 1532 1202 anno
1558 1166 1797 1201 Nunciacionis

410 1229 470 1251 sue
499 1218 609 1250 eidem
640 1217 770 1248 debitas
798 1225 807 1255 ;
843 1215 1010 1253 videlicet,
1041 1215 1126 1247 duos
1155 1214 1309 1246 denarios
1339 1214 1381 1245 de
1411 1213 1564 1256 qualibet
1586 1212 1672 1244 libra
1694 1210 1796 1242 bono-

409 1272 486 1294 rum
516 1264 552 1293 et
582 1260 827 1293 Beneficiorum
856 1259 1166 1291 Ecclesiasticorum
1191 1258 1400 1300 hujusmodi,
1433 1260 1535 1299 prout
1557 1256 1600 1288 ad
1624 1254 1798 1288 Decimam

408 1309 491 1338 sunt
505 1307 622 1337 taxata
638 1314 647 1344 3
669 1305 759 1336 sicut
779 1303 815 1335 in
838 1303 961 1335 Literis
978 1302 1257 1334 Reverendissimi
1274 1301 1383 1333 Patris
1405 1300 1557 1342 predicti,
1575 1299 1672 1332 nobis
1687 1298 1722 1330 in
1738 1297 1801 1329 hac

408 1355 504 1391 parte
519 1348 665 1387 directis,
682 1347 813 1388 plenius
828 1347 1023 1378 continetur
1038 1357 1047 1386 ;
1062 1356 1101 1378 ac
1112 1345 1377 1386 acquietanciam
1388 1345 1581 1377 faciendum
1590 1342 1799 1375 solventibus

409 1394 451 1425 de
476 1392 618 1428 solutis;
643 1392 818 1432 dictasque
836 1390 1086 1432 procuracionea
1102 1389 1273 1430 Magistris
1296 1389 1458 1421 Nicholao
1479 1389 1522 1420 de
1546 1387 1798 1425 Chaddesdene,

410 1436 577 1470 Canonico
601 1434 846 1468 Lichefeldensi
862 1437 898 1466 et
921 1435 1055 1465 Decano
1077 1433 1120 1465 de
1143 1433 1298 1465 Arcubus
1321 1432 1584 1470 Londoniarum,
1601 1434 1638 1463 et
1654 1430 1800 1462 Domino

409 1480 578 1512 Willelmo
609 1479 754 1518 Palmer,
787 1478 958 1511 canonico
987 1477 1152 1519 Derbeye,
1184 1476 1462 1508 Procuratoribus
1491 1479 1527 1507 et
1557 1473 1800 1516 Receptoribus

409 1524 547 1556 Domini
579 1522 766 1556 cardinalis
787 1522 940 1563 predicti,
963 1521 1007 1553 ad
1030 1521 1090 1552 hec
1112 1520 1300 1562 specialiter
1321 1519 1529 1557 constitutis,
1551 1519 1635 1551 citra
1657 1518 1798 1551 Festum

407 1567 525 1600 Sancti
540 1566 712 1599 Valentini
727 1566 880 1607 proximo
893 1565 1061 1605 futurum,
1080 1564 1272 1603 Londoniis,
1290 1563 1500 1605 integraliter
1515 1562 1774 1604 persolvendum
1789 1571 1799 1601 ;

409 1611 588 1652 omniaque
604 1610 668 1642 alia
684 1612 719 1642 et
735 1609 867 1648 singula
882 1609 1084 1648 faciendum,
1100 1608 1335 1647 exercendum,
1353 1610 1388 1639 et
1403 1606 1651 1648 expediendum
1674 1616 1742 1648 que
1762 1606 1798 1637 iu

409 1655 471 1687 hac
487 1658 583 1696 parte
594 1653 778 1686 necessaria
792 1652 922 1685 fuerint
933 1663 992 1684 seu
1004 1655 1172 1693 oportuna
1188 1662 1197 1691 3
1213 1651 1316 1692 vobis,
1328 1651 1371 1682 de
1380 1650 1435 1692 cuj
1442 1661 1479 1683 us
1491 1649 1800 1692 circumspeccionis

409 1699 583 1739 fidelitate,
610 1701 687 1736 etc„
715 1697 963 1728 committimus
990 1696 1078 1728 vices
1104 1698 1247 1735 nostras,
1277 1705 1355 1727 cum
1381 1694 1566 1737 cujuslibet
1595 1693 1800 1726 cobet-cionis

413 1742 579 1775 Canonice
594 1744 772 1783 potestate,
785 1743 821 1772 et
836 1751 895 1772 vos
912 1739 1132 1772 Collectorem
1147 1739 1424 1781 procuracionum
1441 1738 1668 1780 predictarum
1684 1740 1800 1769 tenore

411 1786 627 1818 Presencium
643 1784 1020 1826 deputamus.—Dated
1036 1786 1073 1814 at
1089 1782 1260 1822 Crediton,
1278 1783 1295 1814 1
1313 1782 1335 1814 J
1337 1792 1390 1814 an.

368 1829 466 1870 Item,
483 1829 603 1861 similis
619 1827 819 1862 Commissio
834 1827 1005 1859 emanavit
1019 1826 1145 1859 Abbati
1161 1827 1202 1858 de
1217 1826 1330 1866 Torre,
1345 1828 1420 1866 etc,
1437 1836 1498 1867 pro
1513 1824 1799 1858 Archidiaconati-

410 1873 474 1906 bus
490 1873 628 1912 Exonie,
644 1872 813 1910 Tottonie,
829 1873 864 1903 et
878 1870 1138 1911 Barnastapolie.

256 1937 318 2003 [ἐξιῇ
365 1939 631 1990 Illegitimacy
646 1951 658 1986 ;
689 1936 936 1986 Dispensacio
954 1949 1039 1975 cum
1057 1935 1330 1986 illeqitimo‚—

297 1992 303 1998 “
368 1993 408 2026 In
424 1993 545 2025 favour
560 1992 595 2024 oi
619 1991 775 2024 Nicholas
791 1990 998 2031 Tresulgian,
1014 1989 1218 2030 scholam—‘⁴
1232 1990 1274 2021 de
1288 1989 1399 2021 soluto
1415 1991 1451 2021 et
1465 1989 1608 2022 soluta.’'
1654 1989 1674 2005 “
1690 1989 1735 2022 Et
1750 1989 1798 2031 ip-

411 2047 487 2069 sum
504 2035 695 2069 tonsuravit
710 2038 794 2067 tunc
809 2034 936 2066 ibidem
949 2034 968 2048 ”
987 2033 1176 2074 (Creditum
1194 2034 1214 2065 2
1229 2032 1335 2074 ὕεια).

256 2103 319 2169 (92³¹,-
368 2102 762 2151 Bratton-Fleming;
789 2101 940 2139 Master
958 2099 1133 2139 william
1155 2099 1309 2150 Cridye‚
1332 2099 1450 2147 R„-

295 2158 301 2165 '
369 2158 508 2191 Licence
523 2157 560 2189 of
574 2155 829 2188 nou-residence
845 2155 897 2186 for
912 2166 931 2186 a
945 2165 1035 2197 year,
1053 2156 1091 2187 to
1107 2154 1210 2195 study
1227 2153 1415 2194 (Crediton,
1431 2154 1451 2186 6
1467 2153 1573 2194 .lan.).

260 2225 308 2253 fol·
369 2223 569 2274 Modbury
581 2235 593 2271 3
622 2221 859 2260 illaudatum
879 2234 957 2269 pro
979 2233 1131 2269 corpore
1158 2219 1358 2269 cujusdam
1377 2219 1545 2267 Fratris,
1565 2220 1675 2269 apud
1692 2220 1803 2259 Mod-

260 2261 302 2287 29'
424 2279 522 2327 bury
539 2277 695 2326 sepulto,
715 2275 840 2325 ipsius
860 2275 1136 2323 Confratribus
1154 2274 1421 2321 liberando,—

370 2333 527 2370 Thomas,
546 2334 620 2371 etc„
643 2329 802 2369 Johanni,
825 2331 901 2369 etc.,
925 2330 1093 2371 Perpetuo
1108 2328 1239 2361 Vicario
1262 2327 1409 2360 Ecclesie
1431 2328 1632 2360 Parochialis
1647 2328 1690 2361 de
1706 2329 1802 2361 Mod-

414 2377 510 2417 bury,
533 2375 689 2414 salutem,
713 2373 919 2406 etc—Prior
943 2372 1186 2406 conventualis
1209 2372 1345 2404 Ordinis
1369 2372 1528 2404 Fratrum
1547 2372 1802 2405 Predicatorum

414 2419 572 2453 Civitatis
594 2421 709 2450 nostre
731 2416 872 2456 Exonie,
897 2416 1116 2458 personaliter
1134 2415 1179 2447 ad
1200 2426 1262 2447 nos
1283 2416 1452 2455 accedens,
1476 2416 1572 2447 nobis
1600 2416 1805 2458 supplicavit

414 2463 576 2505 quatinus
590 2462 634 2494 ad
650 2460 844 2493 memoriam
860 2463 1011 2492 nostram
1033 2460 1269 2491 reduceremus
1291 2459 1460 2500 quomodo
1483 2459 1618 2491 Fratres
1633 2459 1699 2501 ipsi
1714 2459 1801 2492 Reli-

413 2506 563 2548 giosique
584 2505 651 2545 alii,
674 2504 885 2546 sepulturam
909 2504 1066 2535 Fratrum
1088 2512 1228 2535 suorum
1253 2503 1418 2544 propriam
1440 2503 1643 2544 optinentes,
1667 2503 1802 2536 Fratres

413 2550 598 2582 eorundem
613 2548 787 2591 professos,
803 2547 1009 2589 ubicumque
1024 2547 1231 2585 decedentes,
1248 2546 1283 2577 in
1299 2546 1390 2578 dicta
1411 2556 1528 2578 eorum
1543 2547 1676 2589 propria
1690 2546 1802 2588 sepul-

413 2597 491 2626 tura
506 2593 609 2625 libere
624 2593 667 2624 de
680 2592 758 2632 jure
773 2591 907 2623 valeant
921 2589 1072 2632 sepellire
1087 2588 1159 2630 (sic)
1173 2598 1182 2627 3
1206 2589 1365 2631 quodque
1380 2590 1518 2631 quidam
1542 2591 1627 2622 bone
1643 2590 1803 2622 memorie

412 2637 531 2669 Frater
552 2636 698 2668 Thomas
721 2634 888 2674 Edwardi‚
912 2634 1048 2667 Ordinis
1071 2633 1334 2673 Predicatorum,
1357 2634 1503 2666 eundem
1526 2633 1610 2666 dum
1636 2634 1723 2666 vixit
1743 2644 1799 2666 ex-

259 2682 308 2709 fol.
417 2691 527 2722 presse
542 2679 722 2721 professus,
739 2678 774 2710 in
790 2678 950 2710 Parochia
965 2677 1048 2709 dicti
1063 2676 1186 2709 Vicarii
1202 2676 1291 2708 viam
1314 2676 1469 2709 universe
1491 2677 1600 2709 carnis
1622 2677 1799 2719 ingressus,

259 2717 336 2744 29b.1
418 2725 460 2756 de
475 2724 574 2763 facto,
590 2723 669 2755 licet
684 2732 751 2753 non
767 2722 809 2753 de
824 2721 911 2763 jure,
927 2721 960 2752 in
980 2720 1153 2753 Cimiterio
1169 2719 1319 2761 predicte
1341 2720 1498 2760 Ecclesia,
1514 2723 1631 2752 contra
1646 2721 1799 2753 volunta-

413 2770 484 2799 tem
496 2767 664 2799 dictorum
682 2765 805 2797 Prioris
821 2768 857 2797 et
872 2765 1031 2797 Fratrum
1045 2774 1084 2796 ac
1094 2763 1335 2805 possessionem
1358 2764 1532 2806 antiquam
1551 2764 1724 2806 sepulture
1739 2764 1800 2796 hu-

411 2810 570 2853 jusmodi,
590 2809 819 2842 Ecclesiastice
834 2808 982 2840 traditus
998 2810 1050 2839 est
1072 2807 1246 2848 sepulture
1259 2816 1268 2846 3
1291 2810 1327 2838 et
1337 2807 1429 2848 quod
1445 2810 1582 2849 propter
1597 2818 1645 2848 ea,
1657 2808 1801 2840 auctori-

414 2857 485 2886 tate
501 2857 624 2894 nostra,
638 2853 728 2885 idem
744 2852 897 2884 Vicarius
919 2851 1141 2892 compellatur
1161 2850 1204 2882 ad
1226 2850 1482 2883 exhumandum
1504 2861 1624 2893 corpus
1647 2851 1802 2893 ejusdem

413 2898 551 2937 Fratris,
567 2900 628 2928 aut
643 2906 717 2928 ossa
736 2895 900 2937 ejusdem,
916 2898 957 2926 ut
979 2893 1095 2926 reduci
1117 2897 1222 2935 queat
1243 2894 1286 2925 ad
1309 2894 1550 2935 possessionem
1566 2895 1619 2926 vel
1641 2895 1738 2936 quasi
1752 2905 1802 2927 se-

416 2941 555 2982 pulture
572 2941 728 2972 Fratrum
745 2939 886 2980 antique
899 2938 1100 2979 supradicte.
1147 2937 1307 2977 Quocirca
1323 2937 1394 2976 tibi,
1411 2937 1542 2970 Vic'ario
1557 2937 1719 2980 predicto,
1730 2948 1802 2981 prs-

413 2984 566 3026 cipimus‚
582 2983 804 3025 injungimus,
821 2985 857 3014 et
871 2981 1071 3014 mandamus
1088 2981 1258 3023 quatinus,
1275 2980 1354 3012 visis
1370 2981 1597 3022 Presentibus,
1614 2991 1735 3024 corpus
1745 2991 1789 3014 an
1805 2994 1807 2997 ·
