1988 3256
361 1435 407 1461 fol.

360 1469 436 1495 llssb.

361 2763 369 2782 ¹
392 2763 506 2804 (hodie
522 2762 784 2805 Landkey).—“
798 2765 944 2802 Acland,
968 2765 1004 2795 in
1026 2764 1097 2795 this
1211 2765 1396 2806 conquest.
1429 2766 1513 2804 Itis,
1526 2776 1605 2797 now
1619 2763 1756 2806 [1822]‚
1768 2775 1790 2798 a
1804 2765 1898 2798 farm

402 2809 532 2849 parish,
549 2809 727 2849 anciently
747 2809 887 2839 written
912 2809 1096 2847 Accelana,
1210 2809 1399 2849 belonging
1430 2813 1466 2840 to
1498 2810 1554 2840 Sir
1591 2810 1743 2841 Thomas
1782 2807 1897 2851 Dyke·
1929 2838 1932 2844 .

402 2863 475 2883 was
491 2853 550 2884 the
567 2854 715 2893 original
733 2856 808 2884 seat
829 2853 867 2883 of
889 2853 949 2884 the
973 2853 1097 2893 family
1209 2854 1354 2892 Aclaud,
1387 2854 1504 2885 Bart.’'
1553 2854 1690 2893 Lysons’
1717 2855 1840 2894 Devon,
1862 2864 1896 2897 p.

403 2898 440 2927 of
470 2897 615 2935 Acland,
647 2901 684 2927 to
715 2897 829 2928 whom
864 2898 892 2928 it
926 2897 1097 2936 belonged
1209 2898 1284 2928 309.
1921 2898 1924 2903 “

401 2941 523 2983 nearly
540 2951 579 2971 as
602 2942 699 2983 early
722 2951 760 2972 as
784 2941 844 2972 the
868 2942 953 2972 time
977 2941 1014 2972 of
1036 2941 1097 2974 the

575 354 675 387 ΤΗΕ
717 354 958 388 REGISTER
995 354 1055 388 ΟΒ*
1088 355 1266 388 BISHOP
1300 355 1703 402 BRRANTYNGHAM.

519 460 732 499 etc—Cum,
750 461 943 493 secundum
969 461 1155 493 Sacrorum
1179 461 1362 493 Canonum
1387 461 1568 501 Instituta,
1586 472 1708 494 omnes
1723 463 1761 494 et
1776 461 1909 503 singuli

459 514 463 517 ·
520 505 556 536 in
573 505 747 536 Clericum
772 506 986 545 Religiosum
1005 507 1061 537 vel
1086 506 1312 545 Conversum,
1328 506 1366 536 in
1389 516 1472 537 casu
1495 516 1517 537 a
1539 506 1617 547 jure
1639 517 1711 537 non
1725 506 1908 547 permisso,

520 559 646 581 manus
676 550 877 590 injicientes
907 553 1040 581 temere
1070 551 1244 582 violentas
1275 551 1346 582 sint
1378 550 1567 582 Sentencia
1591 550 1736 592 Majoris
1761 550 1907 582 Exoom-

517 594 770 625 municacionis
786 595 1059 634 dampnabiliter
1074 595 1241 632 involuti;
1258 595 1411 635 quidam,
1422 598 1553 634 tamen,
1563 595 1744 627 Johannes
1758 594 1906 635 Aklane,

517 641 638 669 noster
653 639 789 669 notorie
806 639 978 678 subditus,
995 650 1056 670 sue
1073 640 1197 671 salutis
1212 640 1407 678 immemor,
1424 640 1550 680 spiritu
1565 639 1753 680 nephando
1768 639 1906 678 ductus,

518 693 607 714 ausu
631 683 820 714 temerario
846 686 882 714 et
907 686 1026 714 mente
1052 684 1232 723 sacrilega,
1256 686 1361 724 prout
1385 694 1428 714 ex
1453 684 1709 724 fidedignorum
1733 683 1908 715 relacione

518 737 559 758 ac
575 727 672 758 fama
687 727 827 767 publica
842 728 1019 759 referente
1034 728 1244 768 accepimus,
1257 728 1294 758 in
1309 728 1484 769 quendam
1501 728 1691 759 Dominum
1708 727 1909 760 Galfridnm

519 769 690 811 [Lange]‚
707 772 873 802 clericum
889 774 925 803 et
940 773 1186 812 presbiterum,
1203 783 1244 803 ac
1262 773 1446 804 Rectorem
1463 773 1617 804 Ecclesie
1634 772 1850 804 Parochialis
1864 771 1908 804 de

520 816 760 856 Stokeryvers,
773 817 810 846 in
826 816 950 847 habitu
965 820 1002 848 et
1017 819 1164 848 tonsura
1174 817 1393 848 clericalibus
1409 819 1445 848 et
1455 817 1731 849 sacerdotalibus
1742 817 1909 848 decenter

517 860 654 891 notorie
677 861 910 900 incedentem,
935 871 1061 893 manus
1084 864 1217 892 temere
1241 861 1364 902 injecit
1379 861 1561 901 violentas,
1578 862 1693 902 ipsum
1717 861 1907 892 Dominum

520 904 719 936 GaIFridum
735 905 892 944 graviter
906 908 942 936 et
958 906 1125 936 atrociter
1136 906 1362 944 vulnerando,
1375 915 1417 937 ac
1432 915 1474 937 ea
1489 906 1670 937 occasione
1683 905 1908 937 Sentenciam

519 949 904 981 Excommunicacionis
922 950 1066 991 Maioris
1082 950 1191 981 latam
1207 960 1228 981 a
1246 950 1387 981 Canone
1412 950 1450 982 Si
1473 951 1559 990 qais,
1576 950 1738 981 suadente
1761 949 1905 989 diabolo,
1983 985 1988 989 ι

517 994 790 1034 dampnabiliter
812 994 1033 1025 incurrendo.
1081 995 1136 1034 Et,
1152 995 1235 1035 quia
1258 1005 1363 1035 super
1377 995 1558 1035 premissis
1572 995 1747 1026 voluimus
1768 993 1908 1035 plenius
1982 1000 1988 1046 i

517 1038 712 1077 informari,
729 1039 774 1069 ad
797 1039 1044 1079 inquirendum
1069 1049 1173 1079 super
1195 1039 1264 1070 hiis
1287 1039 1496 1079 diligencius
1520 1039 1707 1070 veritatem
1723 1038 1906 1070 Archidia·

517 1083 595 1113 coni
621 1083 733 1113 nostri
756 1083 1022 1123 Barnastapolie
1048 1083 1195 1114 Officiali
1219 1084 1458 1114 commisimus
1481 1086 1703 1124 potestatem.
1751 1083 1807 1122 Et,
1823 1083 1906 1124 quia

516 1137 579 1167 per
609 1127 810 1168 hujusmodi
842 1128 1125 1168 Inquisiciouem,
1149 1138 1212 1168 per
1239 1128 1429 1159 Dominum
1452 1127 1644 1159 Officialem
1669 1128 1712 1159 de
1738 1127 1907 1159 Mandato

517 1174 638 1202 nostro
654 1174 804 1211 captam,
820 1171 891 1202 fuit
906 1174 942 1202 et
958 1175 1012 1203 est
1028 1172 1217 1203 manifeste
1233 1175 1451 1212 compertum
1467 1172 1583 1212 ipsum
1598 1172 1797 1203 Johannem
1812 1171 1904 1203 Ake-

517 1215 595 1246 lane
611 1216 790 1256 prefatum
807 1216 996 1247 Dominum
1015 1216 1224 1255 Galfridum,
1241 1219 1318 1256 etc.‚
1335 1217 1503 1247 atrociter
1518 1217 1635 1257 sepius
1650 1217 1852 1248 vulnerasse
1868 1218 1906 1247 et

516 1260 554 1290 in
570 1261 720 1291 eundem
736 1270 863 1291 manus
878 1261 1051 1291 violentas
1066 1263 1198 1292 temere
1214 1261 1388 1302 injecisse,
1404 1264 1509 1301 prout
1531 1271 1595 1302 per
1618 1261 1754 1292 Literas
1777 1259 1904 1292 certifi-

517 1305 668 1335 catorias
691 1305 850 1346 ejusdem
874 1304 1049 1344 Officialis,
1073 1305 1174 1336 nobis
1197 1305 1234 1335 in
1257 1305 1323 1336 hac
1346 1308 1447 1345 parte
1470 1306 1706 1344 transmissas,
1722 1305 1906 1337 evidenter

517 1349 647 1389 poterit
669 1359 858 1389 apparere3
882 1350 1045 1390 quocirca
1068 1350 1167 1380 vobis
1193 1349 1420 1390 conjunctim,
1437 1352 1474 1381 et
1498 1350 1642 1381 cuilibet
1663 1352 1821 1381 vestrum
1840 1358 1905 1390 per

517 1403 553 1424 se
581 1393 731 1433 divisim,
759 1394 795 1424 in
820 1394 952 1424 virtute
981 1393 1191 1424 Obediencie
1217 1394 1318 1424 nobis
1349 1395 1496 1434 prestite
1523 1391 1564 1425 'et
1595 1394 1723 1435 jurate,
1755 1393 1906 1425 firmiter

517 1437 737 1479 injungimus
762 1440 798 1468 et
823 1438 982 1469 districte
1007 1438 1232 1481 precipiendo
1260 1439 1470 1470 mandamus
1497 1438 1663 1480 quatinus
1686 1439 1814 1477 citetis,
1841 1447 1905 1469 seu

517 1482 619 1512 citari
642 1482 793 1521 faciatis,
817 1483 1061 1522 peremptorie,
1084 1482 1264 1522 prefatum
1291 1483 1489 1514 Johannem
1521 1483 1658 1514 Aklane
1688 1483 1781 1524 quod
1811 1491 1903 1514 com-

515 1529 639 1566 pareat
677 1537 794 1558 coram
834 1527 944 1565 nobis,
984 1530 1046 1558 aut
1084 1527 1215 1558 nostris
1253 1527 1289 1557 in
1328 1527 1394 1558 hac
1427 1529 1528 1567 parte
1560 1527 1828 1566 Commissariis,
1865 1526 1904 1558 in

517 1571 673 1602 Manerio
705 1573 826 1602 nostro
857 1572 900 1602 de
932 1571 1191 1611 Chuddeleghe,
1218 1571 1274 1602 die
1301 1571 1446 1602 Sabbati
1470 1571 1629 1612 proximo
1655 1574 1735 1612 post
1760 1571 1904 1603 Festum

519 1615 646 1646 Sancte
671 1616 823 1655 Agatha,
850 1615 1007 1655 Virginis
1032 1618 1068 1646 et
1100 1616 1265 1654 Martiris,
1291 1626 1385 1647 nunc
1415 1615 1587 1654 futurum,
1618 1619 1742 1647 contra
1771 1615 1904 1647 dictam

516 1660 789 1700 Inquisicionem
819 1660 985 1700 quicquid
1015 1660 1167 1699 sciverit,
1198 1660 1236 1690 in
1265 1660 1382 1691 forma
1410 1661 1499 1702 juris
1529 1660 1658 1700 debita,
1689 1669 1754 1701 pro
1783 1659 1904 1691 defen-

514 1704 612 1735 sione
643 1714 717 1743 sua,
749 1705 778 1735 si
810 1714 916 1745 quam
948 1704 1086 1743 habeat,
1112 1705 1150 1735 in
1182 1704 1248 1736 hac
1279 1709 1380 1745 parte
1411 1705 1636 1745 allegaturus,
1667 1705 1836 1743 dicturus,
1867 1706 1904 1736 et

514 1749 672 1788 legitime
696 1749 927 1789 probaturus;
970 1749 1125 1789 alioquin
1148 1755 1291 1780 causam
1314 1749 1573 1788 racionabilem,
1597 1749 1627 1781 si
1650 1759 1756 1790 quam
1777 1758 1842 1789 pro
1864 1757 1903 1780 se

514 1792 653 1832 habeat,
679 1803 786 1833 quare
816 1793 948 1824 dictam
980 1793 1125 1834 Majoris
1151 1793 1536 1825 Excommunicacionis
1559 1793 1783 1824 Sentenciam
1806 1802 1904 1824 occa-

515 1837 612 1868 sione
636 1838 886 1878 premissorum
912 1837 1100 1868 incurrisse
1125 1838 1350 1877 pronunciari
1375 1840 1411 1868 et
1436 1838 1557 1869 taliter
1579 1837 1904 1869 excommunicatus

514 1881 729 1920 denunciari,
756 1891 796 1912 ac
827 1892 890 1922 pro
921 1881 1123 1922 hujusmodi
1154 1882 1350 1913 commissis
1381 1882 1453 1914 suis
1490 1882 1664 1913 Canonice
1690 1881 1807 1922 puniri
1831 1891 1904 1913 non

514 1926 651 1965 debeat,
667 1926 825 1966 legitime
841 1926 1083 1966 propositurus
1099 1935 1140 1956 ac
1155 1927 1289 1966 precise
1305 1928 1341 1957 et
1352 1927 1597 1967 peremptorie,
1613 1926 1902 1967 probaturusque,

515 1970 731 2010 ulteriusque
754 1973 959 2010 recepturus
982 1970 1075 2011 quod
1100 1970 1275 2001 Canonice
1298 1971 1335 2001 in
1359 1971 1425 2001 hac
1448 1974 1548 2010 parte
1568 1970 1780 2002 dictaverint
1797 1970 1903 2002 Sano—

515 2014 651 2052 ciones3
675 2015 949 2054 premuniantes,
974 2015 1126 2054 insuper,
1150 2017 1186 2045 et
1210 2015 1362 2046 citantes
1384 2015 1582 2055 predictum
1606 2015 1797 2046 Dominum
1821 2014 1902 2046 Gal-

514 2059 647 2089 fridum
671 2059 763 2099 quod
787 2061 988 2099 compareat
1012 2069 1130 2090 coram
1154 2059 1265 2097 nobis,
1289 2059 1344 2089 vel
1368 2059 1498 2090 nostris
1522 2059 1781 2090 Commissariis
1803 2061 1902 2091 ante·
1956 2088 1958 2090 .

514 2103 628 2142 dictis,
649 2103 704 2134 die
730 2105 766 2134 et
796 2103 872 2133 loco
903 2102 1063 2143 superius
1094 2103 1316 2143 expressatis,
1341 2103 1386 2134 ad
1411 2103 1625 2134 audiendum
1650 2105 1686 2134 et
1710 2103 1902 2135 videndum

514 2147 633 2178 omnia
657 2147 858 2187 et-singula
882 2157 948 2187 que
980 2157 1085 2187 super
1109 2147 1290 2187 premissis
1314 2147 1448 2178 fuerint
1470 2147 1744 2179 facienda—De
1768 2147 1902 2186 diebus,

514 2202 606 2230 vero,
631 2191 846 2232 recepcionis
872 2191 1096 2222 Presencium
1121 2201 1162 2222 ac
1187 2191 1377 2222 Citacionis
1393 2195 1509 2223 vestre
1532 2192 1704 2233 modoque
1726 2194 1764 2223 et
1786 2191 1903 2223 forma

514 2236 683 2277 ejusdem,
700 2245 741 2266 ac
758 2236 785 2266 si
810 2236 944 2266 dictum
967 2236 1166 2266 ,Iohannem
1182 2235 1320 2266 Aklane
1343 2237 1576 2276 personaliter
1597 2236 1803 2276 citaveritis,
1821 2245 1902 2267 nec-

514 2291 585 2311 non
597 2280 680 2320 quid
690 2280 846 2311 feceritis
856 2280 892 2310 in
903 2280 1093 2320 premissis,
1104 2290 1178 2318 nos,
1190 2290 1252 2311 seu
1263 2279 1529 2312 Commissarios
1539 2283 1678 2312 nostros
1687 2279 1905 2322 hujusmodi,-

515 2325 619 2355 dictis
643 2324 698 2355 die
722 2327 758 2355 et
782 2324 866 2363 loco,
891 2324 1102 2363 certificetis,
1127 2325 1356 2355 etc.-—Dated
1379 2327 1417 2355 at
1441 2325 1648 2365 Chudleigh,
1674 2324 1715 2358 17
1731 2325 1901 2366 January.

515 2368 670 2410 —Cujus
701 2369 912 2399 auctoritate
946 2369 1105 2399 Mandati
1130 2369 1237 2400 vestri
1269 2369 1463 2408 reverendi,
1491 2369 1670 2409 prefatum
1700 2369 1900 2400 Johannem
1939 2392 1942 2394 v

515 2410 676 2451 Aklane‚¹
693 2413 738 2444 ad
762 2413 953 2451 citandum,
969 2413 1071 2453 juxta
1086 2413 1168 2452 vim,
1193 2413 1355 2451 formam,
1372 2416 1408 2444 et
1431 2413 1596 2444 effectum
1619 2413 1778 2454 ejusdem
1803 2412 1900 2444 Man-

515 2457 600 2496 dati,
625 2457 813 2497 diligenter
836 2458 1061 2497 quesivimus,
1074 2459 1114 2487 'et
1138 2457 1254 2497 ipsum
1279 2457 1375 2488 nullo
1400 2458 1503 2488 modo
1528 2458 1686 2489 invenire
1710 2457 1901 2498 potuimus.

516 2501 710 2540 Prefatum‚
727 2511 819 2540 vero,
844 2501 1033 2532 Dominum
1060 2501 1269 2540 Galstidum,
1291 2502 1475 2532 Rectorem
1500 2502 1707 2542 predictum,
1723 2501 1900 2542 premuni-

514 2546 629 2576 vimus
645 2548 681 2576 et
698 2546 894 2584 citavimus,
911 2548 950 2576 ut
967 2546 1166 2577 mandatur.
1214 2546 1259 2576 Et
1276 2546 1325 2577 sic
1343 2546 1549 2577 Mandatum
1566 2548 1724 2577 vestrum
1739 2555 1900 2577 reveren·
1938 2567 1940 2570 -

515 2590 598 2620 dum
616 2600 678 2630 pro
694 2600 795 2630 posse
812 2593 933 2620 nostro
957 2590 1138 2620 humiliter
1161 2600 1282 2621 sumus
1305 2590 1614 2621 executi.——Dated
1631 2593 1668 2622 at
1686 2587 1899 2631 Ιιοιιᾶεεὶθγ,ι

516 2633 534 2647 “
546 2634 610 2664 sub
628 2634 741 2673 sigillo
758 2634 869 2664 Officii
887 2634 966 2672 mei,
984 2634 1116 2665 Decani
1133 2634 1334 2673 antedicti‚”
1351 2635 1373 2664 4
1390 2634 1580 2676 February.
