1988 3256
127 481 204 510 AD.

128 517 203 544 1884.

128 549 190 578 Vol.
212 549 236 578 1.

442 379 729 415 sumsrnuu
775 380 1234 415 commune-Anno
1262 371 1353 416 150.
1580 369 1676 415 545

284 486 349 525 tes,
365 486 660 528 execucionesque
675 497 798 519 eorum
809 487 928 525 debite
942 486 1126 519 faciendas
1140 486 1340 527 impediunt
1350 486 1407 519 vel
1418 486 1583 527 impediri
1598 496 1676 527 pro-

283 532 410 562 curant
422 530 564 572 injuste,
572 541 614 563 ac
623 532 954 572 nuncios‚Mandata
962 531 1166 573 hujusmodi
1175 531 1376 563 deferentes
1385 533 1422 563 et
1431 531 1548 563 facere
1559 531 1676 563 debite

281 574 397 616 justas
419 576 647 608 execuciones
661 576 830 616 volentes,
847 586 982 617 capere,
998 576 1194 615 verberare,
1211 578 1247 607 et
1262 576 1354 607 male
1363 578 1582 616 pertractare
1597 586 1673 616 pre-

283 621 445 658 summm
469 622 532 652 aut
548 620 607 661 qui
631 620 848 652 Libertatem
872 620 1157 652 Ecclesiasticam
1181 620 1334 652 scienter
1354 620 1506 658 violant3
1530 622 1593 651 aut
1617 619 1676 660 qui

283 663 321 694 in
338 663 512 696 Clericum
525 667 587 696 aut
598 665 814 705 Religiosum
826 665 882 697 vel
893 665 1109 696 Conversum
1121 674 1248 696 manus
1257 665 1408 696 iniciunt
1420 665 1532 696 eciam
1542 667 1676 696 temere

282 708 466 748 violentas,
484 719 547 741 seu
562 709 764 751 hujusmodi
779 710 954 741 violentas
969 719 1139 741 manuum
1155 709 1368 750 injecciones
1379 709 1417 739 in
1433 708 1597 748 Clericos,
1614 711 1677 740 aut

284 754 583 793 pertractaciones
598 754 791 786 eorundem
806 754 920 786 malas
941 756 978 786 et
998 754 1153 795 injustas
1176 753 1253 785 fieri
1276 754 1488 785 mandantes
1512 763 1575 785 seu
1596 763 1675 794 pro-

284 799 460 837 curantes,
477 800 539 830 aut
562 808 623 830 eas
645 799 788 830 nomine
812 809 875 830 suo
899 798 1016 830 factas
1031 800 1128 829 ratas
1151 800 1188 829 et
1211 800 1374 838 acceptas
1397 797 1579 836 habentes,
1604 798 1676 829 sint

286 840 483 874 Sentenciis
504 843 891 874 Excommunicacionis
910 842 1056 884 Maioris
1076 852 1098 874 a
1114 842 1316 874 Canonibus
1331 844 1368 874 et
1385 842 1595 873 Sanctorum
1612 842 1676 873 Pa·

285 888 382 917 trum
399 886 724 919 Constitucionibus
739 887 776 918 in
790 887 858 919 hac
872 889 975 928 parte
991 887 1106 926 editis,
1123 889 1160 918 et
1176 887 1318 918 eosdem
1328 887 1518 918 efficaciter
1527 886 1674 918 artanti-

285 930 362 970 bus,
385 933 510 962 contra
531 931 652 963 taliter
674 932 917 972 delinquentes
939 931 1084 972 provide
1106 931 1199 970 latis,
1216 931 1489 971 dampnabiliter
1510 930 1678 968 involuti3

285 975 438 1015 quidam,
455 978 586 1015 tamen,
602 976 800 1017 iniquitatis
815 976 889 1015 filii,
907 975 1062 1007 Sathane
1080 975 1261 1014 satellites,
1278 986 1339 1007 sue
1356 975 1481 1007 salutis
1495 975 1676 1006 immemo-

286 1028 352 1058 res,
372 1030 519 1060 quorum
542 1020 686 1051 nomina
708 1021 918 1060 ignorantur
937 1020 1072 1061 pariter
1092 1022 1129 1051 et
1149 1030 1307 1060 persone,
1327 1029 1415 1051 ausu
1435 1020 1625 1051 temerario
1641 1022 1678 1050 et

286 1065 406 1095 mente
422 1064 603 1105 sacrilega,
620 1075 700 1096 cum
715 1065 844 1096 turmis
859 1065 896 1095 in
911 1065 1141 1095 multitudine
1157 1064 1306 1104 copiosa,
1319 1066 1462 1095 centum
1478 1066 1515 1095 et
1530 1064 1677 1105 quadra-

285 1107 388 1147 ginta
402 1108 440 1139 in
462 1119 610 1140 numero
632 1111 669 1140 et
691 1109 796 1148 ultra,
821 1109 1039 1141 diversorum
1063 1118 1242 1140 armorum
1265 1109 1454 1149 generibus
1476 1108 1615 1147 armati,
1633 1108 1678 1139 ad

287 1152 480 1184 Ecclesiam
496 1156 655 1185 nostram
673 1153 903 1194 Collegiatam
920 1153 1114 1185 Criditonie
1129 1153 1336 1193 predictam,
1353 1153 1390 1184 in
1409 1153 1513 1184 Festo
1529 1152 1677 1192 Aposto-

285 1196 400 1228 lorum
416 1197 569 1238 Philippi
585 1200 621 1229 et
637 1198 659 1229 J
660 1198 759 1229 acobi
775 1198 934 1238 proximo
945 1198 1126 1238 preterito,
1143 1199 1376 1237 accesserunt,
1393 1199 1430 1228 et
1445 1207 1542 1228 more
1558 1197 1678 1228 hostili

285 1241 435 1272 eandem
451 1242 645 1274 Ecclesiam
661 1242 852 1281 intrarunt,
869 1252 910 1274 ac
925 1242 962 1273 in
978 1242 1154 1283 quendam
1169 1242 1191 1273 J
1192 1242 1367 1273 ohannem
1385 1241 1489 1280 Cade,
1502 1241 1540 1272 in
1555 1241 1678 1272 eadem

233 1291 237 1296 ’
287 1285 446 1317 Ecclesia
461 1286 672 1318 existentem
688 1289 724 1318 et
741 1287 886 1318 Missam
903 1296 1003 1318 suam
1019 1286 1107 1317 inibi
1117 1286 1329 1325 audientem,
1342 1296 1469 1317 manus
1478 1285 1678 1327 injecerunt

134 1591 182 1619 sol.

134 1627 192 1653 129.

287 1331 420 1361 temere
450 1330 633 1370 violentas,
656 1331 839 1372 eidemque
862 1331 978 1362 minas
1000 1331 1125 1362 mortis
1148 1330 1355 1369 intulerunt,
1379 1332 1416 1361 et
1438 1330 1680 1361 inhumaniter

287 1376 562 1414 pertractarunt,
578 1385 620 1406 ac
634 1375 838 1416 hujusmodi
853 1375 1037 1407 maleficiis
1051 1385 1123 1406 non
1139 1375 1308 1413 contenti,
1321 1376 1375 1406 set
1384 1374 1503 1405 animo
1512 1374 1678 1405 indurato

288 1420 325 1449 et
339 1419 523 1458 pertinaci,
539 1419 738 1451 Presidenti
755 1419 962 1451 Consistorii
977 1419 1089 1451 nostri
1106 1419 1323 1458 Exoniensis‚
1333 1420 1370 1450 et
1382 1419 1510 1450 ceteris
1519 1418 1678 1460 ejusdem

289 1462 496 1494 Consistorii
527 1463 709 1503 Ministris,
733 1466 868 1495 metum
900 1464 1025 1495 mortis
1055 1465 1092 1495 et
1115 1463 1312 1494 cruciatum
1335 1463 1491 1503 corporis
1514 1463 1677 1503 nequiter

287 1506 500 1546 intulerunt;
513 1518 655 1548 nosque,
667 1511 704 1540 et
712 1508 894 1540 Ministros
903 1511 1053 1547 nostros,
1061 1507 1354 1539 Jurisdiccionem
1366 1509 1525 1539 nostram
1535 1507 1573 1537 in
1586 1507 1678 1538 Civi-

289 1553 364 1582 tate
381 1554 502 1583 nostra
517 1552 686 1592 predicta,
703 1554 739 1584 et
755 1552 834 1584 aliis
851 1553 951 1584 Locis
970 1553 1063 1583 dicte
1082 1554 1203 1583 nostre
1225 1551 1382 1583 Diocesis
1400 1551 1501 1582 nobis
1518 1551 1678 1590 subditis,

286 1595 404 1627 debite
420 1606 612 1635 excercere,
625 1606 667 1628 ac
683 1596 939 1628 Consistorium
951 1598 1111 1628 nostrum
1125 1598 1246 1627 tenere
1263 1597 1300 1627 et
1315 1596 1493 1627 celebrare
1509 1596 1678 1634 volentes,

286 1639 324 1670 in
340 1642 376 1671 et
390 1650 498 1681 super
509 1641 578 1672 hiis
593 1651 660 1681 que
675 1642 722 1672 ad
743 1651 808 1672 nos
828 1641 964 1672 notorie
985 1641 1175 1681 pertinent,
1192 1650 1234 1671 ac
1255 1640 1424 1671 Mandata
1444 1642 1568 1671 nostra
1582 1640 1681 1671 licita

289 1686 325 1715 et
342 1684 519 1716 Canonica
534 1685 795 1725 impediverunt
810 1685 954 1726 injuste,
971 1695 1012 1717 ac
1028 1685 1175 1716 nuncios
1188 1684 1356 1715 Mandata
1371 1684 1574 1725 hujusmodi
1586 1683 1680 1715 defe-

289 1731 408 1760 rentes
424 1731 460 1760 et
476 1729 594 1761 facere
611 1730 727 1761 debite
749 1729 865 1771 justas
888 1729 1115 1761 execuciones
1138 1729 1329 1760 eorundem
1351 1729 1519 1768 volentes,
1544 1738 1680 1768 capere,

290 1773 486 1812 verberare,
511 1783 574 1805 seu
597 1774 723 1805 saltem
738 1774 831 1806 male
846 1776 1081 1814 pertractare3
1105 1783 1252 1812 necnon,
1269 1773 1306 1803 in
1323 1773 1533 1812 Magistrum
1549 1773 1679 1804 Willel-

290 1827 388 1847 mum
413 1817 539 1856 Calwe,
563 1819 584 1849 J
586 1819 760 1849 ohannem
786 1818 978 1857 Godeman,
998 1818 1113 1849 Adam
1130 1818 1225 1856 Row,
1242 1820 1279 1848 et
1293 1817 1315 1848 J
1317 1818 1492 1848 ohannem
1509 1817 1680 1856 Duffelde‚

291 1862 446 1901 clericos,
462 1872 503 1893 ac
518 1863 705 1894 nonnullos
726 1863 813 1894 alios
834 1863 989 1902 clericos,
1012 1864 1132 1894 nostre
1151 1862 1318 1900 Diocesis,
1342 1871 1468 1892 manus
1493 1861 1700 1900 sacrilegas*

290 1905 421 1937 inicere
438 1906 600 1946 scienter,
617 1907 682 1938 Dei
698 1907 823 1938 timore
838 1907 1044 1947 postposito,
1061 1906 1271 1946 eosdemque
1283 1905 1468 1936 verberare
1481 1908 1518 1936 et
1529 1906 1684 1936 letaliter

290 1950 475 1981 vulnerare
491 1953 624 1983 temere
640 1954 929 1992 presumpserunt
938 1965 946 1990 ;
971 1961 1012 1983 ac
1027 1951 1174 1982 nuncios
1189 1950 1234 1981 ad
1251 1950 1506 1982 Consistorium
1522 1952 1682 1980 nostrum

292 1994 488 2027 Exom'ense
527 1995 783 2027 Certificatoria
814 1995 1015 2027 deferentes
1050 1997 1086 2026 et
1116 1994 1356 2026 mandatarios
1389 1997 1539 2033 nostros,
1570 1994 1682 2025 eciam

292 2039 446 2079 clericos,
463 2039 665 2081 hujusmodi
681 2040 938 2072 Certificatoria
960 2040 1179 2071 commedere
1202 2049 1266 2079 per
1283 2039 1490 2069 violenciam
1507 2038 1681 2078 compule-

290 2085 385 2122 runt,
401 2086 438 2115 et
453 2085 622 2116 nonnulla
644 2085 866 2116 Munimenta
888 2084 1080 2115 eorundem
1102 2083 1292 2114 furibunde
1307 2085 1481 2121 arserunt,
1497 2083 1534 2113 in
1558 2083 1684 2113 Divine

292 2127 491 2168 Majestatis
514 2129 696 2168 offensam,
719 2129 1063 2169 enervacionemque,
1088 2128 1365 2168 derogacionem,
1389 2137 1430 2158 ac
1452 2127 1683 2158 violacionem

293 2171 538 2204 Ecclesiastice
569 2173 770 2212 Libertatis,
800 2173 964 2213 Jurisque
995 2175 1031 2204 et
1061 2173 1083 2203 J
1084 2172 1326 2203 urisdiccionis
1356 2171 1682 2202 Ecclesiasticorum

291 2216 583 2256 impedimentum
614 2220 651 2248 et
680 2218 847 2249 lesionem
879 2217 1036 2248 enormia
1059 2227 1100 2248 ac
1122 2217 1233 2247 eciam
1257 2215 1464 2253 manifesta;
1495 2216 1588 2246 unde
1612 2226 1683 2246 non

293 2262 348 2291 est
378 2260 524 2292 dubium
555 2261 757 2302 hujusmodi
788 2261 1044 2299 malefactores,
1076 2261 1113 2291 in
1136 2260 1318 2301 premissis
1340 2260 1397 2290 vel
1420 2270 1541 2291 eorum
1565 2260 1681 2300 aliquo

293 2304 546 2344 delinquentes,
563 2305 676 2337 dictas
692 2306 838 2346 Majoris
854 2305 1238 2336 Excommunicacionis
1263 2304 1477 2343 Sentencias‚
1494 2314 1515 2335 a
1533 2304 1680 2335 Canoni-

293 2347 359 2379 bus
374 2351 410 2379 et
428 2348 635 2380 Sanctorum
653 2350 798 2380 Patrum
815 2349 1138 2381 Constitucionibus
1150 2349 1186 2379 in
1198 2349 1264 2380 hac
1276 2351 1387 2388 parte,
1400 2351 1440 2378 ut
1452 2348 1682 2388 premittitur,

292 2393 437 2432 provide
462 2393 563 2431 latas,
591 2393 865 2434 dampnabiliter
898 2394 1105 2431 incurrisse3
1137 2393 1263 2433 quibus
1293 2395 1478 2423 remanent
1511 2393 1681 2432 innodati,

292 2436 330 2467 in
346 2437 543 2468 animarum
560 2447 703 2468 suarum
719 2438 852 2477 grande
872 2438 1067 2477 periculum
1084 2439 1120 2468 et
1143 2437 1292 2468 aliorum
1315 2436 1551 2476 perniciosum
1567 2447 1681 2467 exem-

293 2481 401 2520 plum.
448 2481 531 2520 Nos,
544 2481 663 2521 igitur,
680 2482 882 2523 hujusmodi
900 2481 1032 2513 scelera
1049 2481 1113 2512 sub
1125 2481 1407 2512 dissimulacione
1418 2481 1632 2520 pertransire
1645 2483 1681 2511 et

293 2525 457 2556 tollerare
473 2525 648 2566 impunita
664 2536 750 2557 sana
766 2526 983 2557 consciencia
998 2536 1069 2556 non
1085 2525 1253 2563 volentes,
1269 2525 1378 2563 vobis,
1396 2525 1630 2556 communiter
1645 2527 1682 2555 et

295 2569 445 2607 divisim,
480 2570 517 2600 in
547 2570 679 2601 virtute
710 2570 921 2601 obediencie
951 2571 988 2601 et
1019 2570 1084 2601 sub
1123 2569 1267 2610 Majoris
1298 2569 1683 2600 Excommunicacionis

294 2623 383 2652 pena
423 2614 572 2644 firmiter
607 2614 844 2655 injungentes,
889 2614 1144 2645 committimus
1188 2615 1224 2644 et
1269 2613 1479 2644 mandamus
1516 2613 1682 2653 quatinus

294 2656 452 2696 prefatos
490 2657 744 2697 malefactores,
776 2668 898 2690 omnes
928 2661 965 2690 et
996 2658 1162 2698 singulos,
1189 2658 1226 2688 in
1257 2657 1438 2697 premissis
1469 2667 1531 2688 seu
1560 2667 1680 2687 eorum

293 2701 408 2741 aliquo
431 2701 674 2742 delinquentes
696 2704 732 2733 et
755 2702 956 2742 culpabiles,
972 2702 1242 2742 hujusmodique
1263 2701 1496 2732 violentarum
1514 2711 1682 2732 manuum
1699 2740 1702 2743 η

293 2745 504 2785 injecciones
527 2746 563 2776 in
587 2746 740 2784 clericos,
757 2749 794 2778 et
817 2747 928 2778 malas
951 2756 992 2777 ac
1008 2746 1161 2787 injustas
1178 2746 1475 2785 pertractaciones
1490 2745 1681 2776 eorundem

294 2789 368 2820 fieri
399 2790 608 2821 mandantes
632 2800 693 2822 seu
715 2793 954 2830 procurantes,
978 2793 1040 2821 aut
1071 2800 1140 2828 eas,
1172 2789 1313 2820 nomine
1345 2799 1407 2820 suo
1437 2789 1562 2827 factas,
1586 2792 1682 2820 ratas

294 2833 464 2865 habentes
494 2834 628 2874 pariter
657 2837 693 2866 et
724 2837 896 2874 acceptas,
927 2834 1075 2874 pulsatis
1106 2833 1296 2873 campanis,
1323 2833 1434 2864 Cruce
1459 2833 1495 2863 in
1521 2833 1682 2864 manibus

293 2880 420 2916 erecta,
437 2878 591 2910 candelis
607 2879 762 2910 accensis
775 2888 815 2910 ac
831 2879 867 2909 iu
883 2881 1016 2910 terram
1032 2878 1199 2919 projectis
1215 2879 1251 2908 et
1267 2877 1443 2914 extinctis,
1453 2887 1589 2908 necnon
1603 2887 1681 2908 cum

293 2921 363 2952 alia
385 2922 631 2963 solempnitate
654 2923 691 2954 in
715 2923 889 2954 similibus
913 2922 1247 2954 denunciacionibus
1271 2921 1308 2951 in
1332 2921 1497 2952 Partibus
1514 2921 1583 2952 illis
1607 2922 1682 2952 fleri

294 2968 471 3006 consueta,
487 2967 524 2998 in
541 2967 698 2999 Ecclesia
722 2967 924 3000 cathedrali
949 2969 985 2999 et
1009 2966 1164 3007 Collegio
1187 2965 1318 2997 nostris
1340 2965 1517 3006 predictis,
1540 2975 1582 2997 ac
1605 2965 1683 2996 aliis

260 3014 345 3057 21³1
