1988 3256
504 338 796 374 REGISTRUM
831 335 1293 373 COMMUNE—ANNO
1331 327 1396 374 3⁰.
1629 321 1725 373 277

186 443 262 471 AD·
293 445 572 485 Procurations
590 447 633 485 of
660 446 730 484 the
748 444 1108 485 Cardinal-Nuncio
1123 458 1135 493 ;
1155 443 1394 482 Mandatum
1411 435 1525 493 super
1535 457 1723 492 procura-

185 477 260 505 1372.

182 511 247 538 vol.
258 514 281 540 Ι.

186 2740 237 2768 fol.

346 501 517 539 itionibus
536 501 702 539 Domini
729 500 916 549 Episcopi
946 498 1338 549 chpentoracemisst
1367 498 1480 537 Sedis
1508 498 1723 548 Apostolice

345 555 498 595 Nuncii
511 569 526 602 ;
553 555 736 602 videlicet,
758 555 976 604 quadrante
993 554 1049 592 ad
1065 567 1306 600 marcam,—

293 609 480 642 Willelmus
496 608 554 650 [de
568 609 781 651 Wytleseye]‚
794 609 1011 650 permissione
1027 608 1150 639 Divina
1167 607 1420 640 Cantuariensis
1433 606 1721 648 Archiepiscopus,

333 658 407 693 etc„
432 653 577 685 Domino
607 653 745 692 Thome,
779 653 841 684 Dei
873 653 983 693 gracia
1013 651 1195 683 Exoniensi
1229 651 1400 692 Episcopo,
1424 651 1580 690 salutem,
1612 653 1720 683 etc.—

334 698 464 729 Literas
490 697 710 736 Sanctissimi‚
735 699 812 735 etc,
836 696 972 728 Domini
997 695 1162 736 Gregorii,
1184 695 1287 736 digna
1309 695 1372 726 Dei
1397 694 1614 726 providencia
1629 695 1719 735 Pape

333 739 434 779 ΧΙΙΒῘ,
457 740 562 782 ipsius
584 751 663 772 vera
687 740 778 771 bulla
802 740 962 781 plumbea
984 749 1062 770 cum
1087 739 1141 770 filo
1171 738 1306 779 canapis
1330 749 1422 770 more
1446 739 1596 770 Romane
1620 737 1722 770 Curis

335 785 490 824 bullatas,
514 784 646 825 primo3
678 794 817 822 necnon,
841 783 981 822 Literas,
1006 783 1143 814 Domini
1168 781 1343 821 willelmi,
1367 782 1484 813 eadem
1506 782 1616 823 gracia
1642 782 1719 814 Car-

335 828 584 870 pentoracensis
608 828 773 869 Episcopi,
802 827 898 859 Sedis
922 826 1114 867 Apostolice
1143 826 1280 866 Nuncfi,
1304 826 1348 857 ad
1370 826 1492 867 Anglie
1523 829 1559 857 et
1582 825 1722 857 Francie

333 873 449 912 Regna
464 871 634 911 destinati,
650 871 756 911 ipsius
771 871 880 912 sigillo
903 870 1046 911 oblongo
1070 880 1148 901 cum
1164 880 1239 901 cera
1253 870 1357 901 rubea
1373 869 1544 910 sigillatas,
1559 869 1723 910 signoque

332 919 369 948 et
389 915 638 956 subscripcione
663 914 805 953 Ricardi,
827 914 960 945 Domini
984 913 1116 945 Notarii
1139 913 1352 945 Auctor-itate
1374 913 1566 954 Apostolica
1593 913 1724 944 Publici

332 959 548 1001 infrascripti,
572 959 732 997 munitas,
754 959 1000 999 subsequenter
1023 968 1082 998 per
1103 957 1248 988 eundem
1272 957 1305 988 N
1309 956 1447 988 uncium
1470 956 1567 988 nobis
1592 967 1722 997 presen-

337 1006 433 1043 tatas,
444 1003 639 1044 recepimus,
651 1006 803 1034 tenorem
820 1002 878 1043 qui
895 1001 1050 1042 sequitur
1062 1000 1510 1040 continentes‚—Greg0rius
1527 1000 1722 1041 Episcopus,

335 1052 409 1087 etc,
433 1049 536 1089 prout
557 1046 698 1078 inferius
730 1045 1187 1084 continetur,—Reverendo‚
1218 1047 1292 1083 etc„
1317 1044 1553 1076 Cantuariensi
1585 1044 1720 1075 Archie-

337 1092 481 1133 piscopo,
512 1093 548 1122 et
577 1090 652 1131 ejus
682 1089 824 1128 vicario,
853 1088 1002 1126 officiali,
1034 1088 1264 1128 Thesaurario,
1299 1088 1488 1128 Receptori,
1521 1088 1574 1119 vel
1605 1098 1721 1119 eorum

333 1134 601 1167 locateneutibus
618 1145 626 1173 ;
642 1133 810 1175 Capitulo‚
823 1143 969 1174 quoque,
986 1135 1021 1164 et
1036 1132 1177 1172 siugulis
1194 1131 1367 1163 Monachis
1385 1131 1531 1163 Ecclesia
1544 1131 1719 1163 Cantuari·

334 1179 432 1217 ensis,
456 1178 668 1217 Gnillelmus,
691 1181 766 1216 etc„
788 1178 970 1218 Episcopus
994 1175 1317 1216 Carpentoracensis,
1341 1178 1416 1214 etc„
1432 1175 1589 1214 salutem,
1613 1178 1720 1206 etc.—

335 1223 422 1254 Cum
438 1221 677 1254 Sanctissimus
692 1221 727 1252 in
745 1221 880 1253 Christo
896 1221 1007 1259 Pater,
1022 1219 1188 1251 Dominus
1204 1219 1384 1260 Gregorius
1403 1219 1491 1260 Papa
1501 1219 1719 1258 Undecimus,

335 1269 409 1306 etc„
422 1276 482 1306 pro
497 1265 701 1306 quibusdam
717 1264 858 1296 summis
873 1267 909 1295 et
924 1263 1039 1295 arduis
1055 1263 1199 1303 negociis
1215 1263 1256 1294 ad
1275 1263 1390 1303 Regna
1403 1262 1540 1294 Francie
1551 1266 1588 1294 et
1600 1262 1721 1302 Anglie

335 1320 397 1341 nos
412 1309 549 1341 duxerit
563 1308 792 1346 destinandos,
809 1311 844 1339 et
860 1307 1067 1339 ordinaverit
1089 1307 1181 1348 quod
1209 1306 1306 1338 nobis
1321 1306 1499 1338 duodecim
1514 1306 1632 1337 flou-eni
1647 1306 1722 1337 auri

334 1354 376 1384 de
399 1353 548 1392 Gamera,
571 1352 712 1393 singulis
742 1352 871 1390 diebus,
903 1351 1024 1390 eund0,
1049 1351 1181 1390 stando,
1205 1354 1241 1382 et
1270 1350 1453 1389 redeundo,
1477 1360 1536 1390 per
1560 1350 1722 1381 Personas

337 1396 583 1429 Ecclesiasticas
596 1407 654 1436 per
665 1405 809 1437 quarum
827 1395 914 1427 Loca
929 1405 989 1426 nos
1005 1394 1172 1425 declinare
1186 1394 1375 1433 contigerit,
1389 1404 1448 1435 pro
1460 1393 1614 1434 expensis
1626 1393 1723 1425 nobis

336 1439 527 1472 necessariis
543 1440 765 1480 assignentur,
783 1442 884 1479 prout
899 1438 932 1470 in
958 1437 1080 1469 Literis
1095 1437 1296 1478 Apostolicis
1320 1437 1398 1468 inde
1414 1437 1575 1469 confectis
1591 1437 1722 1478 plenius

334 1484 546 1521 eontinetun
566 1493 710 1524 quarum
728 1486 879 1515 tenorem
902 1485 943 1513 ut
958 1481 1080 1513 melius
1097 1481 1276 1512 informem
1294 1481 1512 1512 Presentibus
1527 1481 1629 1512 inseri
1644 1480 1721 1512 feci-

336 1528 452 1559 musin
466 1527 528 1559 hec
541 1527 654 1558 verba:
670 1526 850 1567 Gregorius
859 1525 1052 1566 Episcopus,
1060 1529 1134 1563 etc„
1143 1524 1354 1564 Patriarchis,
1364 1524 1636 1566 Archiepiscopis‚
1649 1524 1723 1566 Epi-

335 1571 452 1613 scopis,
468 1575 504 1602 et
521 1570 656 1609 Electis,
674 1570 875 1609 Abbatibus,
887 1569 1067 1606 Prioribus,
1084 1568 1236 1606 Decanis,
1252 1568 1443 1609 Propositis,
1462 1567 1723 1608 Archidiaconis,

336 1614 810 1656 Archipresbiteris‚Plebanis,
821 1613 1067 1652 Rectoribus,et
1080 1612 1153 1643 aliis
1163 1612 1385 1644 Ecclesiarum
1399 1614 1435 1643 et
1442 1611 1724 1643 Monasteriorum

339 1659 488 1697 Prelatis,
504 1658 722 1699 ipsorumque
739 1657 825 1689 vices
841 1656 1036 1698 gerentibus
1050 1666 1058 1695 3
1082 1655 1258 1696 Capitulis,
1275 1666 1421 1696 quoque,
1437 1660 1472 1686 et
1488 1655 1722 1687 Conventibus

337 1702 560 1735 Ecclesiarum
577 1705 612 1733 et
630 1701 907 1732 Monasterioruni
925 1700 1085 1741 ipsorum,
1101 1699 1288 1740 ceterisque
1307 1699 1459 1730 Personis
1473 1699 1722 1739 Ecclesiasticis,

337 1746 552 1778 Secularibus
581 1749 617 1776 et
649 1744 879 1786 Regularibus,
912 1743 1079 1784 exemptis
1109 1746 1145 1775 et
1174 1753 1242 1774 non
1272 1742 1448 1784 exemptis,
1481 1742 1722 1782 Cisterciensis,

338 1789 576 1828 Cluniacensis,
602 1788 931 1827 Premonstratensis,
965 1786 1241 1826 Camaldulensis,
1265 1787 1466 1818 Sanctorum
1492 1786 1665 1818 Benedicti
1688 1791 1724 1818 et

338 1833 522 1874 Augustini
537 1832 716 1870 Ordinum,
740 1835 775 1863 et
798 1832 985 1871 Domorum
1017 1830 1246 1871 Hospitalium
1271 1830 1387 1862 Sancti
1408 1830 1575 1862 Johannis
1598 1830 1723 1861 Ieroso-

337 1877 482 1908 limitani
498 1880 534 1907 et
549 1877 672 1908 Sancte
687 1876 793 1907 Mar-ie
804 1875 1059 1911 Theonicorum,
1079 1874 1380 1913 Calatranensium,
1397 1877 1433 1905 et
1455 1872 1723 1905 Humiliatorum

337 1919 518 1962 Magistds,
536 1920 716 1959 Prioribus,
734 1918 1000 1960 preceptoribus,
1016 1919 1058 1949 ad
1083 1928 1167 1958 quos
1183 1924 1354 1958 presentes
1371 1918 1483 1949 Litere
1497 1918 1722 1958 pervenerint,

336 1965 492 2003 salutem,
508 1964 704 1995 etc—Cum
729 1962 971 1999 venerabilem,
995 1965 1070 2002 etc„
1094 1961 1325 2001 Guillelmum,
1349 1961 1553 2002 Episcopum
1578 1961 1722 2002 Carpen-

336 2011 554 2046 toraoeneem,
571 2007 762 2048 Apostoliee
786 2006 882 2038 Sedis
904 2006 1088 2044 Nuncium,
1105 2005 1146 2036 ad
1172 2005 1312 2036 Francie
1335 2008 1371 2036 et
1393 2005 1513 2045 Anglie
1538 2005 1651 2046 Regna
1664 2015 1724 2045 pro

336 2052 539 2092 quibusdam
549 2050 663 2082 arduis
675 2050 830 2091 negociis,
844 2060 903 2089 per
912 2059 973 2080 nos
984 2049 1014 2080 ei
1031 2048 1217 2080 commissis
1229 2048 1485 2089 presencialiter,
1502 2048 1721 2087 destinemus,

338 2095 602 2127 Universitatem
621 2098 764 2125 vestram
781 2096 913 2125 attente
928 2102 1085 2133 rogamus
1099 2095 1136 2124 et
1150 2092 1335 2130 hortamur,
1353 2092 1446 2123 vobis
1459 2102 1518 2132 per
1532 2092 1726 2133 Apostolica

336 2138 470 2179 Scripta
492 2139 701 2177 mandantes,
718 2137 880 2178 quatinus
903 2137 1048 2168 eundem
1074 2135 1256 2174 Nuucium,
1272 2145 1350 2167 cum
1373 2146 1433 2176 per
1457 2136 1573 2167 Partes
1596 2139 1724 2167 vestras

336 2181 519 2213 transitum
542 2181 670 2220 fecerit,
694 2182 738 2212 ob
760 2180 982 2212 reverenciam
1007 2179 1104 2212 Sedis
1127 2179 1319 2220 Apostolice
1342 2182 1377 2211 et
1400 2181 1560 2217 nostram,
1579 2179 1721 2220 benigne

336 2225 535 2267 recipientes
549 2228 585 2256 et
606 2225 787 2256 honorifice
810 2226 1065 2265 pertractantes,
1089 2223 1162 2263 sibi,
1187 2222 1385 2264 hujusmodi
1409 2222 1622 2263 negociorum
1647 2233 1720 2263 pro-

337 2269 511 2300 secucioue
526 2269 683 2306 durante,
699 2268 818 2299 diebus
841 2267 992 2308 singulis,
1009 2266 1043 2297 in
1067 2266 1246 2297 duodecim
1268 2266 1403 2297 florenis
1425 2266 1498 2297 auri
1514 2266 1556 2297 de
1572 2266 1722 2306 Camera,

338 2323 399 2354 pro
409 2312 563 2353 expensis
574 2312 644 2343 suis
657 2311 858 2351 necessariis,
870 2315 906 2342 et
921 2310 964 2341 de
979 2320 1095 2341 securo
1111 2309 1291 2348 conductu,
1302 2320 1430 2341 necnon
1441 2310 1483 2340 de
1495 2309 1725 2341 eveccionibus

337 2356 522 2397 oportunis,
539 2355 568 2387 si
583 2366 643 2387 sue
659 2355 769 2387 forsan
794 2355 826 2386 in
852 2354 905 2385 via
921 2353 1125 2385 decesserint
1139 2356 1201 2384 aut
1215 2353 1409 2392 defecerint,
1429 2353 1482 2384 vel
1497 2353 1578 2384 alias
1595 2354 1724 2385 fuerint

337 2400 509 2440 impedite,
533 2409 611 2431 cum
634 2409 735 2440 super
757 2398 926 2440 premissis
958 2408 1016 2438 per
1046 2407 1123 2428 eum
1158 2397 1210 2428 vel
1234 2396 1308 2438 ejus
1331 2396 1495 2428 nuncium
1519 2397 1652 2428 fueritis
1675 2408 1724 2428 re-

337 2443 614 2484 quisiti,—vobis‚
631 2446 756 2481 tamen,
772 2452 875 2483 quam
891 2441 1040 2483 primum
1053 2440 1124 2471 fieri
1140 2440 1315 2471 commode
1330 2440 1464 2481 poterit,
1481 2440 1722 2480 eveccionibus,

336 2486 556 2518 restituendis
579 2487 733 2525 eisdem,-
746 2485 882 2524 -eundo,
898 2485 1071 2524 morando,
1088 2487 1123 2515 et
1143 2484 1326 2522 redeundo,
1343 2483 1527 2515 liberaliter
1549 2484 1724 2525 providere

338 2530 471 2561 curetis.
521 2530 568 2562 Et
582 2529 610 2561 si
626 2530 771 2561 eundem
791 2529 993 2569 Episcopum
1009 2527 1044 2559 in
1062 2527 1230 2568 aliquibus
1245 2527 1344 2558 terris
1358 2527 1428 2558 sive
1442 2527 1524 2558 locis
1539 2527 1668 2567 vestris,
1682 2539 1723 2559 ex

337 2573 451 2615 aliqua
472 2573 567 2615 justa
589 2583 697 2612 causa,
722 2583 848 2604 moram
873 2572 961 2603 forte
984 2571 1117 2602 trahere
1147 2570 1336 2610 contigerit,
1360 2570 1518 2602 volumus
1541 2571 1632 2612 quod
1656 2581 1723 2603 non

338 2617 449 2648 solum
467 2627 525 2648 vos
542 2617 667 2648 Prelati
682 2619 717 2647 et
737 2616 881 2647 Persone
905 2614 1135 2646 Ecclesiastice
1157 2617 1324 2646 terrarum
1348 2618 1384 2645 et
1406 2613 1554 2645 locorum
1572 2614 1722 2655 ipsorum

337 2664 391 2692 set
407 2660 511 2692 eciam
528 2670 586 2691 vos
601 2659 859 2700 Archiepiscopi,
877 2658 1043 2700 Episcopi,
1062 2657 1140 2698 (etc,
1155 2662 1194 2689 ut
1215 2658 1342 2698 supra),
1370 2660 1406 2688 et
1428 2657 1485 2688 alii
1503 2657 1725 2689 Ecclesiarum

338 2707 374 2735 et
386 2704 664 2735 Monasteriorum
674 2702 807 2742 Prelati,
821 2713 879 2733 seu
893 2702 995 2733 vestri
1008 2702 1095 2732 vices
1107 2705 1270 2740 gerentes,
1283 2711 1320 2732 ac
1331 2701 1475 2732 Persone
1486 2701 1726 2741 Eccksiastice,

340 2747 504 2788 Religiose
515 2750 550 2778 et
562 2747 744 2785 Seculares,
757 2757 794 2777 ac
810 2745 1032 2777 Ecclesiarum
1050 2748 1086 2776 et
1102 2745 1381 2776 Monasteriorum
1399 2744 1549 2785 ipsorum
1566 2745 1724 2786 Capitula

340 2793 375 2821 et
399 2791 604 2828 Conventus,
629 2790 778 2830 exempti
800 2794 836 2820 et
858 2799 925 2820 non
949 2788 1107 2829 exempti,
1126 2787 1365 2826 Cistereiensis‚
1390 2788 1619 2819 Cluniacensis
1643 2789 1724 2828 (etc,

339 2838 376 2865 ut
387 2833 514 2874 supra),
531 2834 717 2865 vicinarum
734 2836 770 2865 et
785 2833 926 2864 aliarum
943 2832 1128 2864 Civitatum
1146 2834 1182 2862 et
1195 2831 1385 2862 Diocesium
1403 2831 1726 2872 circumpositarum,

337 2877 427 2908 sicut
441 2877 532 2908 idem
556 2877 742 2917 Episcopus
764 2887 825 2916 pro
848 2875 1047 2916 hujusmodi
1070 2874 1259 2906 dividendis
1282 2878 1318 2906 et
1340 2874 1471 2905 facilius
1487 2875 1727 2915 subportandis

229 2949 239 2969 ¹
256 2951 471 2992 carpenti-as,
483 2951 518 2983 in
534 2951 671 2991 France,
689 2961 732 2982 an
748 2951 880 2982 autient
892 2951 954 2982 See
970 2960 1045 2981 now
1062 2949 1221 2980 included
1236 2949 1270 2980 in
1288 2949 1346 2980 the
1358 2949 1497 2980 Diocese
1510 2949 1545 2980 oi
1559 2949 1724 2991 Avignon.
