1988 3256
312 300 408 344 494

312 412 387 440 Α.ῑ).

313 448 386 473 1383.

316 481 374 507 Vol.
399 480 421 507 Ῐ.

320 1523 378 1555 [sol.
399 1523 456 1554 7b.]
480 1527 596 1556 vestre
613 1524 815 1556 Venerabili
833 1523 1065 1554 Fraternitati
1082 1522 1300 1563 injungimus
1316 1524 1352 1552 et
1375 1521 1585 1552 mandamus
1600 1521 1766 1562 quatinus
1789 1531 1860 1552 om-

326 2560 371 2586 sol.

325 2593 400 2620 105b.

528 311 630 345 THE
656 311 902 345 REGISTER
925 307 986 343 OF
1009 310 1192 343 BISHOP
1215 309 1622 347 BRANTYNGHAM.

471 415 618 454 Fideles,
634 415 703 455 qui,
721 414 843 446 Crucis
858 416 1040 454 assumpto
1056 415 1261 452 carrectcre,
1277 413 1323 444 ad
1338 413 1557 453 prefatorum
1576 413 1855 444 scismaticorum

469 460 718 490 exterminium
741 469 778 490 se
801 460 1036 499 accingerent,
1053 460 1090 488 et
1112 468 1171 488 eos
1194 468 1257 498 pro
1280 468 1381 498 posse
1404 460 1698 498 persequerentur
1720 457 1756 488 in
1777 467 1855 498 per-

469 504 563 534 sonis
579 507 615 535 et
631 504 829 544 sumptibus
845 503 1014 543 propriis;
1030 512 1177 541 necnon,
1188 502 1238 532 hii
1254 502 1313 542 qui
1329 502 1366 532 in
1381 502 1540 542 personis
1555 502 1715 542 propriis,
1730 501 1856 533 alienis

468 551 588 579 tamen
612 548 783 588 expensis,
800 558 863 588 pro
886 547 1019 578 viribus
1042 546 1294 587 expugnabunt
1317 556 1381 586 per
1403 556 1513 576 unum
1543 556 1676 576 annum
1702 546 1856 577 Ecclesia

469 593 646 633 sequendo
662 592 844 630 vexillum3
863 592 925 630 illi,
938 592 1090 631 insuper,
1104 591 1162 631 qui
1179 591 1223 621 ad
1241 590 1316 629 hoc,
1331 590 1433 631 juxta
1448 590 1638 622 facultates
1654 599 1745 630 suas,
1762 589 1854 621 suffi-
1882 591 1885 593 ’

470 637 603 668 ciencia
619 637 794 677 stipendia
809 635 1072 673 ministrabunt,
1088 635 1236 665 eandem
1253 635 1407 666 habeant
1427 635 1693 674 Indulgenciam
1709 644 1776 675 que
1792 644 1856 675 per

471 681 596 712 Sedem
621 681 860 721 Apostolicam
890 679 1192 720 proficiscentibus
1214 679 1251 710 in
1275 679 1380 710 Terre
1405 679 1533 710 Sancte
1557 679 1751 710 subsidium
1774 689 1854 710 con·
1957 692 1963 710 ι

471 726 585 757 suevit
610 725 763 756 concedi.
811 725 910 764 Cum,
935 725 1064 765 itaque,
1091 723 1252 764 prefatus
1285 724 1408 754 Frater
1438 726 1568 762 noster,
1592 726 1632 754 ut
1655 723 1856 754 obediencie

470 770 573 808 filius,
589 780 677 800 onus
694 770 759 800 sibi
775 769 975 810 injunctum
997 779 1039 799 ex
1055 768 1173 799 debito
1197 768 1405 806 devocionis,
1421 768 1586 808 precipue
1609 770 1733 799 contra
1750 767 1856 798 Fran-

471 815 622 853 cigenas,
639 814 794 854 ipsorum
811 813 1087 846 scismaticorum
1103 812 1314 852 principales
1336 811 1503 851 fautores,
1520 814 1557 843 et
1580 812 1721 842 Domini
1744 811 1856 843 nostri

473 859 578 898 Regis
594 862 630 890 et
647 859 759 899 Regni
772 859 898 898 Anglie
915 857 1083 897 capitales
1099 856 1268 895 inimicos,
1279 866 1343 897 pro
1358 866 1443 896 pace
1461 856 1614 887 Ecclesie
1630 856 1856 897 adquirenda,

471 913 608 934 necnon
631 913 694 943 pro
718 903 832 933 salute
855 905 891 933 et
915 901 1118 933 defensione
1143 901 1266 940 Regni,
1294 910 1336 931 ex
1364 900 1494 931 affectu
1517 901 1648 931 vinculi
1673 900 1857 940 naturalis,

472 948 665 988 susceperit
681 947 932 988 exequendum,
949 946 1142 987 prudenter
1156 946 1346 976 advertens
1361 945 1453 986 quod
1475 955 1588 985 neque
1611 954 1679 985 pax
1703 945 1858 976 Ecclesie

473 993 548 1023 sine
566 993 697 1031 Regno,
714 1001 826 1032 neque
843 992 965 1031 Regno
989 991 1083 1021 salus
1105 990 1235 1030 poterit
1259 990 1326 1020 nisi
1349 999 1414 1029 per
1437 989 1629 1020 Ecclesiam
1653 989 1859 1030 provenire;

471 1046 587 1077 quam,
603 1036 725 1074 eciam,
741 1036 959 1067 meritorium
984 1035 1030 1066 sit
1045 1044 1202 1075 pugnare
1225 1044 1288 1074 pro
1313 1034 1407 1072 Fide,
1424 1043 1597 1074 quamque
1620 1033 1784 1065 decorum
1807 1033 1858 1064 di·

473 1081 603 1112 micare
619 1091 683 1120 pro
700 1081 868 1118 Domino3
892 1079 1072 1118 accedenS,
1088 1078 1345 1117 nichilominus,
1362 1078 1455 1118 quod
1469 1080 1570 1109 actus
1586 1078 1697 1109 eciam
1713 1077 1859 1109 meritos

471 1126 649 1156 incassum
680 1125 887 1165 aggreditur
922 1124 1076 1154 humana
1105 1123 1297 1163 prudencia
1326 1122 1393 1153 nisi
1432 1122 1556 1154 Divine
1594 1122 1860 1162 propiciacionis

475 1170 588 1200 virtus
604 1169 769 1207 assistat3
793 1169 893 1200 nobis
909 1168 1119 1208 supplicavit
1135 1167 1317 1197 humiliter
1339 1169 1376 1198 et
1399 1167 1524 1197 devote
1548 1169 1589 1197 ut
1611 1167 1705 1207 apud
1720 1166 1859 1197 Altissi-

475 1224 582 1253 mum,
610 1214 647 1244 in
674 1213 783 1254 Cujus
808 1223 916 1244 manu
941 1212 1055 1243 omnis
1079 1214 1236 1252 potestas
1262 1213 1326 1250 est,
1353 1214 1389 1242 et
1419 1211 1545 1251 quibus
1569 1211 1646 1241 vult
1675 1211 1859 1242 victoriam

475 1258 689 1298 impartitur,
707 1258 826 1289 fideles
842 1258 988 1298 populos
1004 1267 1068 1297 pro
1083 1256 1193 1296 ipsius
1209 1258 1245 1286 et
1261 1265 1404 1286 suorum
1419 1255 1515 1286 felici
1531 1255 1754 1295 expedicione
1769 1255 1860 1296 jugi-

475 1306 531 1334 ter
546 1312 690 1334 exorare
714 1302 831 1333 facere
854 1311 1067 1333 curaremus.
1114 1301 1197 1339 Nos,
1214 1300 1333 1340 igitur,
1349 1299 1459 1339 ipsius
1482 1299 1703 1330 Venerabilis
1727 1299 1861 1330 Fratris

475 1348 587 1378 nostri
603 1347 639 1377 in
655 1347 722 1378 hac
737 1344 1028 1387 parte'laudabile
1044 1345 1261 1385 propositum
1278 1346 1314 1375 et
1331 1344 1465 1375 sincere
1481 1343 1680 1375 devocionis
1694 1343 1861 1375 affectum

475 1392 513 1422 in
530 1391 679 1423 Domino
695 1391 992 1429 commendantes,
1009 1390 1191 1430 cupientes
1214 1389 1353 1419 intense
1368 1388 1478 1428 ipsius
1501 1390 1538 1419 et
1553 1388 1728 1419 exercitus
1743 1388 1808 1427 sui,
1824 1388 1861 1418 in

476 1440 550 1467 tam
574 1436 685 1466 arduo
707 1438 743 1466 et
768 1435 965 1466 necessario
987 1433 1204 1465 Universalis
1227 1433 1381 1464 Ecclesie
1406 1435 1442 1463 et
1468 1432 1580 1472 Regni
1605 1432 1760 1472 negocio,
1783 1442 1861 1472 pro-

477 1490 637 1520 gressum
653 1480 793 1511 felicem
809 1482 846 1510 et
862 1479 1088 1510 victoriosum
1104 1487 1310 1518 aggressum
1329 1477 1636 1517 honorabilemque
1652 1486 1861 1517 regressum,

476 1569 579 1600 nibus
595 1571 631 1600 et
655 1569 802 1608 singulis
828 1567 1010 1599 Fratribus
1033 1567 1163 1604 nostris
1186 1569 1222 1597 et
1247 1565 1468 1606 Coepiscopis
1491 1566 1631 1604 nostris,
1647 1568 1684 1596 et
1708 1564 1862 1597 Ecclesie

478 1613 742 1645 Cantuariensis
759 1612 1007 1653 Suffraganeis,
1024 1621 1104 1642 cum
1120 1620 1162 1641 ea
1185 1610 1367 1641 celeritate
1389 1619 1458 1650 qua
1480 1610 1651 1650 poteritis,
1667 1609 1863 1651 injungatis

477 1661 517 1689 ut
533 1658 688 1698 ipsorum
706 1657 844 1698 singuli,
861 1657 898 1687 in
915 1656 1080 1687 Ecclesiis
1096 1655 1169 1686 suis
1184 1658 1221 1685 et
1236 1654 1315 1685 aliis
1338 1664 1480 1685 suarum
1504 1654 1697 1685 Civitatum
1721 1656 1758 1685 et
1781 1654 1862 1685 Dio-

477 1703 609 1734 cesium
625 1702 792 1742 expositis
815 1701 952 1741 publice
975 1700 1086 1740 ipsius
1108 1699 1244 1739 negocii
1267 1699 1414 1737 meritis,
1430 1708 1511 1729 suos
1534 1698 1702 1738 subditos,
1719 1698 1863 1729 clericos

477 1750 513 1778 et
530 1747 646 1785 laicos,
663 1746 852 1777 efficaciter
871 1747 1039 1775 moneant
1062 1747 1098 1775 et
1121 1744 1301 1782 inducant,
1316 1743 1494 1774 monerive
1517 1742 1651 1774 faciant
1674 1745 1711 1774 et
1732 1742 1862 1781 induci,

478 1794 518 1822 ut
534 1791 600 1831 ipsi
617 1791 750 1821 dictum
760 1790 1006 1821 Venerabilem
1025 1789 1184 1819 Fratrem
1200 1790 1359 1818 nostrum
1370 1790 1406 1818 et
1418 1787 1495 1828 ejus
1507 1787 1710 1826 exercitum,
1727 1785 1862 1818 omnes-

478 1846 545 1876 que
571 1835 636 1866 sibi
661 1835 698 1865 in
723 1834 903 1875 premissis
927 1833 1138 1864 adherentes
1163 1832 1218 1863 vel
1243 1831 1411 1862 auxilium
1438 1831 1656 1870 adhibentes,
1672 1841 1714 1862 ac
1739 1841 1863 1871 pacem

480 1880 634 1911 Ecclesie
650 1883 687 1910 et
704 1879 826 1919 Regni,
843 1879 879 1908 in
901 1878 1088 1908 Missarum
1104 1876 1316 1916 solempniis,
1333 1876 1562 1914 sermonibus,
1577 1878 1614 1906 et
1637 1875 1864 1916 processioni-

479 1925 552 1963 bus,
577 1924 725 1964 publice,
742 1933 784 1954 ea
807 1923 850 1953 de
874 1932 989 1961 causa,
1013 1921 1246 1962 frequencius,
1263 1923 1299 1951 et
1322 1920 1486 1960 precipue
1502 1920 1648 1959 singulis
1671 1919 1806 1960 quartis
1828 1922 1865 1950 et

479 1969 588 2000 sextis
610 1968 709 1999 feriis
733 1968 869 2005 saltem,
886 1967 923 1997 in
947 1966 1095 2006 singulis
1120 1965 1294 2003 Ecclesiis,
1311 1964 1379 1995 nisi
1402 1964 1614 1995 racionabile
1637 1963 1864 2004 impedimen-

479 2016 556 2044 tum
572 2012 823 2052 supervenerit,
840 2010 1021 2049 faciendis,
1038 2009 1192 2040 habeant
1208 2009 1406 2049 specialiter
1426 2009 1699 2046 commendatos,
1716 2007 1866 2039 humiles

480 2060 517 2088 et
532 2057 691 2088 assiduas
707 2065 828 2096 preces
843 2055 937 2095 apud
954 2054 1142 2085 Dominum
1159 2063 1222 2094 pro
1243 2053 1397 2093 ipsorum
1420 2052 1516 2084 felici
1539 2052 1764 2093 expedicione
1787 2051 1867 2083 fun-

480 2102 624 2139 dentes3
655 2110 784 2141 vosque
808 2102 945 2131 vestros
961 2098 1120 2130 subditos
1142 2098 1187 2128 ad
1210 2097 1381 2138 premissa
1412 2097 1574 2127 facienda
1603 2097 1670 2127 viis
1693 2100 1730 2128 et
1752 2096 1867 2128 modis

479 2146 605 2186 quibus
621 2145 782 2185 poteritis
797 2143 983 2182 inducatis,
1000 2145 1036 2174 et
1059 2152 1123 2183 per
1145 2142 1231 2172 alios
1254 2141 1394 2172 faciatis
1417 2141 1546 2172 induci.
1594 2141 1649 2179 Et,
1666 2143 1707 2172 ut
1730 2142 1868 2172 mentes

482 2190 653 2221 Fidelium
670 2189 715 2220 ad
731 2191 830 2220 tante
847 2188 990 2228 pietatis
1007 2196 1113 2227 opera
1127 2186 1333 2226 propensius
1356 2185 1564 2224 excitentur,
1580 2185 1743 2216 omnibus
1767 2185 1866 2216 Fide-

479 2235 570 2265 libus
595 2244 658 2274 per
681 2236 839 2264 nostram
865 2231 1154 2263 Cantuariensem
1183 2230 1403 2261 Provinciam
1429 2229 1641 2269 constitutis,
1665 2239 1746 2260 vere
1769 2229 1866 2270 peni·

480 2279 638 2310 tentibus
653 2280 690 2309 et
706 2277 886 2315 confessis,
903 2277 1028 2307 devote
1051 2275 1223 2316 premissa
1244 2274 1458 2305 facientibus
1480 2274 1536 2305 vel
1559 2274 1699 2314 aliquod
1721 2273 1866 2314 premis·
1933 2305 1940 2310 ,

481 2333 610 2361 sorum,
626 2322 761 2353 tociens
777 2321 951 2362 quociens,
968 2319 1203 2360 quadraginta
1219 2319 1293 2349 dies
1309 2319 1352 2349 de
1375 2318 1546 2359 injunctis
1569 2318 1634 2348 sibi
1657 2317 1867 2358 penitenciis
1918 2315 1922 2317 ’

481 2367 754 2398 misericorditer
769 2366 805 2396 in
817 2365 966 2396 Domino
982 2364 1179 2395 relaxamus
1192 2377 1200 2401 3
1224 2366 1260 2394 et
1275 2373 1297 2394 a
1312 2362 1411 2393 vobis
1425 2372 1467 2393 ac
1483 2362 1610 2393 ceteris
1622 2361 1868 2393 confratribus

481 2411 611 2442 nostris
627 2410 826 2442 consimiles
850 2404 1098 2448 Indulgencias
1120 2408 1274 2448 petimus
1298 2407 1627 2446 elargiri.—Datum
1650 2406 1687 2437 in
1712 2406 1868 2438 Manerio

481 2458 602 2486 nostro
618 2455 661 2486 de
678 2454 872 2492 Otteforde,
889 2457 928 2484 x⁰
943 2453 999 2484 die
1022 2452 1154 2483 mensis
1169 2451 1310 2492 Aprilis,
1327 2451 1413 2482 A.D.
1431 2451 1494 2482 ΜΟ.
1512 2450 1644 2482 CCCm⁰
1666 2450 1814 2492 lxxxiij⁰,
1831 2451 1868 2482 et
1927 2461 1932 2464 ·

482 2503 602 2531 nostre
619 2498 877 2530 Translacionis
893 2497 1057 2528 secundo.
1926 2503 1931 2512 2

435 2559 574 2597 Meeth
591 2572 601 2605 3
630 2558 792 2596 Licence
812 2563 848 2595 to
867 2556 1116 2602 celebrate,—

434 2616 537 2654 Item,
564 2614 705 2652 ibidem,
730 2613 800 2654 xvij
829 2613 885 2643 die
912 2612 1070 2653 ejusdem
1095 2611 1237 2650 mensis,
1265 2610 1435 2641 Dominus
1465 2610 1638 2642 concessit
1669 2609 1867 2641 Licenciam
1912 2607 1914 2610 ’

480 2659 653 2690 Willelmo
670 2657 810 2695 Croker,
827 2657 870 2687 de
888 2656 986 2694 Hele,
1003 2659 1039 2686 et
1062 2655 1139 2696 ejus
1162 2655 1272 2694 uxori,
1293 2655 1385 2695 quod
1407 2655 1543 2695 possint
1566 2654 1683 2686 facere
1699 2653 1868 2688 celebrari

482 2703 620 2741 Divina,
643 2705 721 2741 etc„
745 2702 782 2732 in
807 2701 949 2741 Capella
973 2700 1092 2731 Sancti
1118 2699 1272 2738 Martini,
1289 2699 1332 2730 de
1357 2699 1455 2737 Hele,
1479 2698 1573 2730 infra
1595 2698 1800 2730 Parochiam
1824 2697 1868 2729 de

483 2747 612 2786 Methe,
628 2747 666 2777 in
681 2745 863 2786 presencia
879 2755 942 2776 sua
955 2759 963 2782 ;
986 2755 1050 2785 per
1063 2744 1076 2785 j
1094 2753 1226 2774 annum
1242 2743 1487 2774 tantummodo
1503 2743 1719 2774 duraturam.

435 2802 493 2839 St.
516 2801 672 2838 Breoke
687 2813 698 2847 3
729 2799 889 2837 Lice‘nce
909 2805 946 2835 to
964 2798 1213 2843 celebrate‚--
1424 2844 1435 2851 ·

442 2857 545 2895 Item,
571 2856 711 2894 ibidem,
736 2854 819 2895 xviij
845 2854 901 2885 die
928 2853 1072 2894 Aprilis,
1098 2853 1269 2884 Dominus
1296 2852 1469 2883 concessit
1495 2852 1693 2884 Licenciam
1715 2850 1870 2883 Johnnni
1916 2875 1918 2877 -

486 2901 574 2943 Ude,
591 2900 633 2931 de
651 2899 821 2931 Parochia
837 2899 879 2930 de
896 2898 1073 2937 Powtone,
1085 2897 1188 2940 quod,
1199 2907 1278 2928 cum
1289 2906 1431 2929 necesse
1443 2896 1561 2937 fuerit,
1572 2896 1728 2938 exceptis
1738 2895 1871 2929 Diebu·
1918 2935 1919 2938 Ἴ
