1988 3256
329 365 425 414 204

328 479 363 506 Α.
368 478 404 506 D.

328 512 403 540 1379.

328 546 392 573 Vol.

330 580 371 607 11.

332 1096 379 1123 fol.
395 1095 456 1122 19b.

529 375 630 409 THE
665 374 907 410 REGISTER
942 374 1002 409 OF
1037 374 1216 410 BISHOP
1250 373 1654 410 BRANTYNGHAM.

480 481 566 513 dela
581 481 679 514 value
695 482 737 514 de
748 482 775 515 0
787 492 897 514 marcz
909 492 970 523 par
984 492 1037 521 an,
1050 485 1085 513 et
1097 483 1195 513 outre
1210 483 1338 523 tanque
1349 492 1369 513 a
1382 481 1467 514 ccc
1479 491 1598 522 max-cz,
1608 480 1736 514 chacun
1751 491 1772 512 a
1786 479 1866 512 xxd.

480 525 579 566 Item,
594 526 752 567 Moignes,
765 526 985 567 Chanoignes‚
1010 525 1165 565 Noneux,
1182 528 1218 556 et
1233 529 1346 557 autres
1355 525 1508 557 hommes
1524 528 1559 557 et
1573 525 1715 557 femmes
1726 525 1768 556 de
1780 523 1869 556 Reli-

479 569 557 610 gion
573 580 747 612 qeconqes,
763 580 854 611 qeux
871 572 950 601 sont
972 570 1031 601 des
1054 569 1201 600 Maisons
1216 569 1259 600 de
1274 569 1306 600 la
1322 569 1419 601 value
1433 569 1476 600 de
1491 569 1562 601 xlli.
1579 579 1639 610 par
1653 579 1706 607 an,
1723 571 1759 600 et
1773 570 1872 599 outre

481 617 608 655 tanque
630 624 650 644 a
674 615 699 645 0
715 624 834 653 marcz,
850 613 975 645 chacun
994 624 1013 644 a
1028 613 1111 654 xijd.
1160 613 1258 652 Item,
1275 615 1355 644 touz
1377 615 1491 645 autres
1513 613 1664 644 hommes
1679 615 1715 644 et
1730 612 1872 644 femmes

481 659 524 689 de
541 657 692 698 Religion
710 668 799 698 qeux
811 660 888 688 sont
901 657 959 689 des
972 657 1118 688 Maisons
1133 656 1274 688 dedeinz
1290 656 1321 688 la
1339 657 1435 688 value
1451 657 1493 688 de
1509 656 1579 688 xlli.
1599 667 1660 698 par
1674 666 1727 695 an,
1740 658 1776 687 et
1790 658 1871 687 tou}

483 702 596 734 Oleros
623 701 718 732 nient
743 711 882 732 avances
903 711 945 732 ne
969 700 1154 740 beneficiez,
1183 699 1225 731 de
1252 700 1331 742 quel
1355 701 1460 732 Ordre
1483 711 1527 731 ou
1550 703 1638 732 estat
1661 699 1725 741 qils
1747 698 1868 738 soient,

483 745 620 786 forspris
636 755 721 776 ceux
737 755 777 786 qe
793 748 871 776 sont
886 743 983 775 deinz
998 744 1071 785 lage
1086 744 1128 775 de
1151 744 1208 785 xvj
1227 754 1296 783 ans,
1313 746 1349 776 et
1365 744 1476 776 Clercs
1492 744 1722 782 Mendinantz,
1742 742 1871 775 chacun

483 802 502 821 a
517 789 602 831 iiijd.
652 788 750 828 Item,
768 791 847 819 touz
863 787 1034 819 Advocatz
1057 790 1092 819 et
1115 788 1355 819 Procuratours
1378 790 1413 819 et
1435 787 1590 819 Notat-ies
1613 787 1711 819 nient
1731 795 1873 819 avancez

482 844 525 865 ne
547 833 678 872 marien,
696 831 824 863 chacun
847 842 865 863 a
889 831 1095 871 xld.,—Nos‚
1112 832 1263 863 volentes
1285 831 1328 863 de
1357 832 1448 863 dicto
1471 831 1638 871 Subsidio,
1660 830 1762 873 juxta
1785 830 1871 862 con-

484 877 666 909 cessionem
689 875 874 917 predictam
898 875 1091 917 responderi
1113 878 1216 916 prout
1238 875 1344 915 decet,
1360 875 1455 907 vobis
1477 876 1677 907 mandamus
1699 874 1791 916 quod
1813 873 1872 905 ali-

483 931 568 963 quos
598 920 687 952 viros
717 919 902 959 fidedignos
926 920 968 950 de
994 919 1090 951 Olero
1114 922 1225 950 vestre
1253 919 1410 959 Diocesis,
1437 929 1497 960 pro
1523 919 1648 960 quibus
1670 917 1872 959 respondere

485 964 667 1003 volueritis,
691 963 734 995 ad
757 963 888 994 dictum
911 963 1110 994 Subsidium
1132 963 1167 994 in
1191 963 1282 995 dicta
1304 965 1415 995 vestra
1438 962 1582 1002 Diocesi,
1606 962 1707 1004 juxta
1728 962 1872 994 formam

486 1007 714 1041 Concessionis
727 1006 885 1048 predicte,
898 1006 1080 1038 levandum
1096 1009 1133 1038 et
1148 1006 1384 1048 colligendum,
1395 1010 1498 1047 prout
1513 1006 1616 1038 moris
1631 1009 1693 1046 est,
1706 1005 1874 1046 assignare

487 1052 627 1091 faciatis,
646 1051 735 1092 ipsos
760 1050 847 1082 viros
870 1061 929 1090 per
951 1061 1067 1081 eorum
1091 1053 1298 1082 sacramenta
1320 1050 1474 1082 districte
1494 1053 1670 1082 onerantes
1693 1049 1786 1091 quod
1807 1047 1874 1090 ipsi

485 1096 617 1128 fidelem
647 1094 861 1126 assessionem
887 1094 1036 1126 Subsidii
1058 1094 1200 1135 predicti
1222 1104 1323 1135 super
1352 1094 1624 1136 quibuscumque
1657 1092 1807 1134 personis
1840 1094 1877 1124 et

485 1140 565 1171 viris
582 1138 822 1170 Ecclesiasticis
838 1138 928 1169 dicte
943 1141 1054 1169 vestre
1070 1137 1227 1177 Diooesis,
1244 1137 1345 1179 juxta
1360 1139 1505 1169 formam
1528 1138 1619 1169 dicte
1643 1135 1873 1170 concessionis

485 1184 619 1221 faciant,
637 1183 763 1223 absque
778 1182 892 1213 favore
907 1181 1007 1213 alicui
1023 1181 1058 1212 in
1074 1181 1137 1213 hac
1152 1185 1248 1223 parte
1270 1181 1431 1213 faciendo.
1479 1181 1533 1213 Ita
1555 1181 1647 1222 quod
1669 1180 1774 1212 iidem
1797 1179 1871 1212 col-

487 1227 627 1259 lectores
643 1226 684 1257 de
700 1225 894 1256 nominibus
909 1235 947 1256 ac
962 1225 1068 1266 gradu
1084 1228 1119 1256 et
1134 1227 1229 1257 statu
1252 1225 1405 1268 omnium
1429 1227 1465 1256 et
1486 1224 1698 1265 singulorum
1721 1234 1808 1266 quos
1829 1223 1874 1255 ad

485 1270 682 1303 Subsidium
699 1269 783 1300 illud
799 1269 936 1310 assideri
952 1268 1130 1309 contigerit
1145 1268 1180 1300 in
1196 1272 1351 1310 compoto
1363 1279 1424 1300 suo
1437 1268 1481 1300 ad
1496 1268 1706 1301 Scaccarium
1718 1270 1875 1300 nostrum

486 1314 631 1346 fideliter
647 1313 841 1352 certificent,
858 1316 893 1343 et
908 1312 1005 1344 nobis
1021 1313 1062 1343 de
1079 1312 1236 1344 Subsidio
1252 1313 1403 1353 predicto
1419 1312 1502 1344 citra
1517 1311 1681 1343 terminos
1696 1310 1874 1353 predictos,

487 1358 539 1390 vel
563 1358 597 1389 in
620 1357 745 1389 eisdem
769 1355 924 1388 terminis
952 1356 996 1387 ad
1019 1355 1191 1396 ultimum,
1215 1356 1361 1388 fideliter
1390 1356 1625 1396 respondeant,
1649 1358 1685 1387 et
1707 1365 1766 1387 vos
1788 1354 1874 1387 'rhe-

486 1402 673 1434 saurarium
690 1403 725 1432 et
741 1400 887 1432 Barones
908 1400 949 1431 de
965 1399 1134 1431 Scaccario
1150 1402 1265 1431 nostro
1288 1400 1331 1431 de
1353 1399 1546 1432 nominibus
1568 1399 1703 1431 illorum
1726 1409 1811 1441 quos
1832 1398 1876 1430 ad

487 1446 550 1478 hoc
565 1444 818 1486 deputaveritis,
831 1443 916 1476 citra
929 1443 1068 1475 Festum
1084 1443 1283 1475 Nativitatis
1298 1444 1414 1476 Sancti
1429 1444 1450 1476 J
1453 1443 1595 1475 ohannis
1610 1443 1763 1484 Baptista
1778 1453 1875 1484 prox-

487 1491 555 1522 imo
570 1490 739 1527 futurum,
758 1487 916 1519 distincte
932 1490 968 1519 et
983 1490 1098 1528 aperte
1113 1487 1312 1520 certificetis.
1342 1488 1388 1519 Et
1399 1487 1472 1527 hoc,
1484 1487 1574 1519 sicut
1588 1497 1650 1519 nos
1665 1490 1701 1519 et
1715 1486 1877 1518 honorem

487 1536 643 1566 nostrum
666 1543 704 1564 ac
726 1531 947 1563 salvacionem
970 1531 1117 1563 Ecclesie
1143 1534 1178 1562 et
1205 1531 1312 1572 Regni
1339 1531 1568 1572 predictorum
1591 1530 1740 1572 diligitis,
1768 1529 1875 1562 nulla-

487 1581 588 1610 tenus
610 1575 933 1607 omittatis—Teste
957 1585 1011 1606 me
1040 1575 1121 1616 ipso,
1146 1575 1235 1616 apud
1258 1575 1609 1614 Westmonasterium,
1636 1574 1670 1617 vj
1694 1574 1749 1606 die
1771 1574 1792 1606 J
1795 1573 1876 1614 unii,

487 1622 587 1653 Anno
607 1619 715 1661 Regni
738 1619 845 1651 nostri
867 1618 1238 1659 secundo.—Volentes‚
1255 1629 1343 1659 vero,
1359 1629 1421 1660 pro
1443 1618 1491 1650 rei
1514 1618 1647 1660 publice
1671 1617 1820 1650 utilitate
1842 1620 1879 1650 et

488 1664 633 1697 Ecclesie
649 1663 843 1704 Anglicane,
858 1666 893 1694 et
908 1662 990 1694 dicti
1007 1662 1143 1694 Domini
1158 1663 1265 1694 nostri
1287 1662 1387 1704 Regis
1411 1662 1568 1704 Clerique
1582 1665 1618 1694 et
1633 1661 1749 1703 populi
1771 1660 1879 1703 Regni

487 1709 541 1741 sui
556 1708 677 1748 Anglie
693 1707 876 1738 necessaria
885 1706 1087 1746 defensione,
1100 1717 1178 1738 cum
1193 1706 1365 1738 celeritate
1376 1706 1525 1748 possibili
1537 1706 1667 1738 dictum
1679 1705 1878 1738 Subsidium

491 1753 534 1784 ad
557 1762 658 1784 usum
680 1750 887 1792 hujusmodi,
910 1761 930 1782 a
953 1750 1032 1782 viris
1055 1753 1091 1782 et
1114 1750 1265 1791 personis
1295 1750 1545 1790 Ecclesiasticis,
1570 1752 1642 1781 tam
1664 1748 1878 1782 Secularibus

488 1807 590 1838 quam
607 1795 840 1836 Regularibus,
859 1794 1025 1835 exemptis
1048 1797 1084 1825 et
1106 1804 1173 1825 non
1196 1794 1371 1835 exemptis,
1388 1793 1606 1835 privilegiatis
1628 1795 1664 1826 et
1685 1803 1754 1825 non
1776 1791 1877 1835 privi-

488 1839 629 1880 legiatis,
657 1838 810 1880 superius
837 1838 1047 1879 expressatis,
1074 1848 1133 1878 per
1160 1840 1274 1869 totum
1301 1837 1621 1869 Arohidiaconatum
1653 1837 1877 1869 Exoniensem

488 1884 695 1924 ubicumque
717 1881 913 1914 constitutis
937 1881 1222 1920 (Mendicantibus
1245 1884 1280 1912 et
1302 1884 1429 1913 etatem
1452 1881 1510 1923 xvj
1535 1891 1702 1913 annorum
1725 1880 1877 1912 nondum

488 1926 737 1968 attingentibus
747 1926 929 1957 dumtaxat
940 1924 1115 1966 exceptis),
1130 1925 1227 1966 exigi,
1238 1925 1357 1966 colligi,
1371 1927 1407 1956 et
1418 1925 1531 1964 levari,
1544 1925 1629 1956 utin
1641 1924 1795 1956 terminis
1804 1934 1876 1965 pre-

489 1971 587 2003 dictis
604 1970 734 2012 prefato
750 1969 896 2001 Domino
916 1968 995 2009 Regi
1018 1969 1143 2009 poterit
1166 1968 1320 2000 satisfieri
1342 1968 1492 2008 indilate,
1515 1968 1616 2009 juxta
1638 1978 1773 2000 omnem
1795 1968 1876 2009 vim,

490 2015 643 2054 formam,
661 2016 696 2045 et
712 2014 869 2044 effectum
886 2011 1114 2044 concessionis
1130 2022 1168 2044 ac
1183 2012 1298 2043 Brevis
1315 2012 1410 2053 Regii
1432 2011 1610 2043 memorati
1626 2022 1635 2051 ;
1657 2012 1700 2043 ad
1722 2011 1876 2053 colligen-

490 2058 584 2098 dum,
607 2058 721 2098 igitur,
737 2057 929 2096 levandum,
953 2058 989 2088 et
1011 2056 1240 2097 recipiendum
1263 2056 1305 2087 ab
1327 2055 1484 2087 omnibus
1507 2058 1542 2087 ct
1563 2055 1705 2096 singulis
1727 2054 1878 2097 personis

491 2101 731 2135 Ecclesiasticis
746 2099 981 2142 suprascriptis
1004 2099 1135 2131 dictum
1157 2099 1366 2140 Subsidium,
1382 2103 1551 2141 quatenus
1572 2099 1616 2130 ad
1638 2099 1788 2140 ipsarum
1810 2098 1876 2131 sin-

490 2146 585 2187 gulas
600 2145 701 2187 juxta
715 2143 859 2176 formam
872 2143 1100 2175 concessionis
1112 2143 1261 2184 predicte
1276 2143 1413 2183 attinet,
1424 2143 1509 2175 citra
1519 2143 1620 2175 Festa
1635 2142 1879 2175 Translacionis

491 2190 607 2223 Sancti
622 2189 761 2227 Thome,
778 2187 935 2227 Martiris‚
952 2189 988 2219 et
1010 2187 1209 2219 Nativitatis
1231 2187 1334 2219 Beate
1357 2187 1461 2219 Max-ie
1483 2187 1663 2226 antedicta,
1681 2197 1740 2228 per
1761 2189 1877 2219 totum

489 2233 808 2266 Archidiaconatum
824 2231 1058 2270 Exoniensem,
1075 2241 1143 2272 quo
1158 2231 1200 2262 ad
1224 2233 1398 2273 exemptos
1420 2230 1622 2262 auctoritate
1644 2230 1760 2262 Brevis
1782 2230 1879 2272 Regii

491 2277 677 2316 memorati,
694 2286 762 2317 quo
784 2275 827 2306 ad
850 2285 918 2306 non
941 2277 1115 2316 exemptos
1138 2278 1263 2314 nostra,
1279 2285 1338 2306 vos
1363 2274 1582 2307 Collectorem
1598 2277 1715 2306 tenore
1738 2274 1875 2306 Pressu-

490 2322 579 2354 cium
596 2321 801 2362 deputamus
817 2329 825 2358 ;
848 2329 895 2359 ac,
912 2318 1027 2358 eciam,
1038 2319 1081 2350 ad
1097 2318 1332 2360 deputandum
1348 2318 1483 2350 nomine
1499 2321 1611 2350 vestro
1625 2317 1707 2350 alias
1721 2327 1878 2359 personas

491 2364 749 2402 Ecclesiasticas,
767 2373 850 2404 quas
867 2365 977 2394 vestro
994 2362 1140 2404 periculo
1156 2362 1250 2394 vobis
1266 2362 1439 2394 videbitur
1460 2362 1681 2404 deputandas,
1697 2362 1742 2394 ad
1763 2361 1875 2394 levan-

491 2410 585 2449 dum,
602 2407 836 2449 colligendum,
850 2409 884 2438 et
899 2406 1130 2447 recipiendum
1146 2406 1276 2438 dictum
1293 2405 1499 2446 Subsidium,
1512 2405 1596 2438 citra
1609 2406 1708 2437 Festa
1717 2405 1877 2447 predicta,

491 2464 511 2485 a
533 2452 674 2493 singulis
690 2450 840 2493 personis
856 2450 1010 2491 superius
1033 2450 1197 2490 limitatis‚
1215 2453 1316 2491 prout
1337 2450 1487 2491 ipsarum
1510 2449 1658 2490 singulas
1680 2449 1878 2490 concernit3

491 2497 625 2537 quibus,
641 2495 755 2535 eciam,
771 2494 921 2536 singulis,
939 2504 1017 2526 cum
1040 2497 1207 2535 potestate
1229 2493 1435 2525 fulminandi
1457 2503 1687 2535 quascumque
1711 2493 1878 2526 Censuras

492 2539 739 2572 Ecclesiasticas
753 2539 787 2570 in
803 2537 942 2570 rebelles
965 2540 1000 2569 et
1023 2548 1090 2569 non
1113 2537 1289 2577 solventes,
1307 2537 1394 2569 vices
1416 2540 1547 2568 nostras
1569 2536 1824 2577 committimus,
1840 2547 1880 2569 ac

490 2585 577 2625 ipsas
593 2593 750 2624 personas
773 2582 985 2623 deputandas
1008 2591 1067 2622 per
1089 2591 1147 2612 vos
1171 2580 1336 2613 Canonice
1358 2580 1580 2621 compellendi
1601 2585 1643 2612 ut
1665 2583 1798 2622 recepta
1820 2590 1880 2622 per

493 2627 640 2669 singulas
662 2626 855 2666 earundem,
871 2635 949 2657 cum
971 2625 1164 2656 nominibus
1187 2627 1222 2656 et
1243 2624 1497 2665 cognominibus
1512 2624 1719 2656 solvencium
1751 2626 1788 2656 et
1810 2634 1879 2656 non

491 2671 696 2703 solvencium
719 2670 747 2701 si
769 2669 829 2711 qui
851 2668 988 2708 fuerint,
1005 2668 1098 2700 vobis
1120 2667 1330 2709 integraliter
1345 2668 1488 2700 liberent
1503 2668 1588 2700 citra
1603 2667 1704 2700 Festa
1718 2667 1878 2709 predicta,

493 2725 618 2756 vosque
634 2717 669 2746 et
684 2723 823 2755 persone
840 2713 988 2754 predicte
1003 2712 1046 2744 ad
1061 2712 1191 2744 dictum
1208 2711 1414 2751 Subsidium,
1432 2714 1535 2753 prout
1549 2722 1608 2743 vos
1624 2714 1820 2753 vestrosque
1842 2713 1879 2743 et

493 2759 581 2800 ipsas
599 2757 777 2797 concernit,
795 2756 1016 2788 contribuatis
1031 2758 1067 2788 et
1083 2755 1299 2788 contribuant
1322 2754 1435 2787 debite
1449 2765 1458 2794 ;
1481 2755 1640 2796 quodque
1661 2765 1798 2787 omnem
1821 2765 1876 2796 pe-

493 2802 627 2834 cuniam
653 2801 689 2832 in
715 2801 778 2833 hac
805 2803 899 2841 parte
923 2800 1106 2839 collectam,
1132 2799 1201 2830 sive
1232 2798 1461 2840 colligendam,
1489 2799 1531 2830 ad
1562 2798 1773 2831 Scaccarium
1795 2798 1879 2831 dicti

492 2845 629 2878 Domini
652 2845 759 2876 nostri
784 2844 881 2885 Regis
904 2844 939 2875 in
964 2843 1073 2875 Festis
1096 2842 1340 2874 Translacionis
1362 2842 1478 2874 Sancti
1499 2842 1637 2882 Thomu,
1662 2841 1820 2882 Martiris,
1843 2844 1879 2875 et

495 2888 694 2921 Nativitatis
717 2888 820 2920 Beate
843 2887 947 2919 Marie
969 2886 1137 2928 predictis,
1161 2886 1306 2918 fideliter
1335 2885 1554 2927 persolvatis3
1587 2885 1692 2926 vobis,
1714 2885 1757 2918 de
1779 2885 1879 2928 cujus

493 2932 657 2964 fidelitate
672 2934 708 2964 et
722 2931 891 2963 industria
904 2930 1038 2973 plenam
1053 2929 1210 2962 fiduciam
1225 2930 1261 2962 in
1282 2929 1428 2962 Domino
1443 2928 1646 2970 obtinemus,
1661 2932 1778 2962 tenore
1800 2929 1878 2962 Pre-

494 2976 643 3008 sencium
660 2975 906 3007 committimus
921 2974 1009 3007 vices
1025 2977 1167 3014 nostras,
1185 2983 1262 3006 cum
1278 2972 1462 3015 cujuslibet
1478 2973 1626 3005 Censura
1651 2972 1880 3006 Ecclesiastico
