1988 3256
531 347 821 399 REGISTRUM
845 347 1309 385 coMMnNE—-ANNO
1336 341 1397 384 5⁰.
1640 339 1735 386 359

188 448 266 478 AU-
298 452 655 500 Manumission,—

189 483 463 544 fflff'IDmuibus
486 508 615 540 Christi
638 508 793 539 fidelibus
815 509 859 540 ad
881 519 967 550 qnos
990 511 1162 551 presentes
1186 508 1300 541 Litere
1317 509 1543 550 pervenerint,
1560 508 1734 541 Johannes

341 551 532 591 Daumarle,
556 551 662 590 Miles,
686 552 832 584 salutem
854 552 889 583 in
915 552 1290 585 Domino.--Noveritis
1313 553 1415 594 quod,
1438 563 1518 584 cum
1534 553 1734 591 Willelmus,

0 578 7 627 l
341 594 430 626 filius
446 595 580 633 Ricardi
595 595 839 635 Yabbecombe,
856 596 992 629 nativus
1008 606 1104 628 meus
1127 596 1269 628 Manet-ii
1284 597 1351 627 mei
1366 596 1408 627 de
1424 597 1579 628 Avetone
1603 596 1734 628 Giffard

0 636 3 638 ’
72 641 77 644 ’
340 638 467 678 extitit,
483 639 526 670 de
548 649 625 680 quo,
642 642 678 671 et
701 639 743 670 de
765 640 1031 672 antecessoribus
1047 640 1127 679 suis,
1144 650 1205 681 ego
1229 642 1264 671 et
1285 643 1510 672 antecessores
1533 639 1611 679 mei,
1630 643 1671 671 ut
1692 640 1735 671 de

341 682 463 714 nativis
480 683 612 722 nostris,
627 682 734 714 seisiti
753 683 917 714 fuerimus
932 694 952 715 a
974 687 1126 725 tempore
1141 694 1210 725 quo
1231 694 1299 715 non
1322 686 1419 715 extat
1441 684 1625 723 memoria3
1648 683 1733 723 volo,

0 709 20 882 p
342 728 466 765 tamen,
483 730 519 757 et
534 727 678 757 concedo
693 727 785 767 quod
803 727 974 767 predictus
990 727 1178 759 willelmus
1193 737 1272 768 erga
1289 737 1341 759 me
1356 730 1392 760 et
1408 727 1548 759 heredes
1563 738 1656 759 meos
1671 727 1733 759 im-

343 773 547 811 perpetuum
561 770 608 801 sit
622 770 726 802 libere
741 770 944 802 condicionis
966 773 1002 802 et
1017 771 1060 802 ab
1076 771 1169 802 omni
1183 771 1348 802 servitute
1371 771 1677 813 quietum—Data}
1701 774 1737 803 at

343 813 479 853 Exeter,
495 814 536 844 24
553 813 658 855 April.

298 867 356 905 St.
378 867 664 915 Constantine;
692 868 846 906 Licence
866 875 904 906 to
923 869 1174 916 celebrate,—

298 921 397 961 Item,
414 922 549 962 ibidem,
566 922 707 964 xxvijmo
723 922 786 962 die,
803 922 949 955 Jacobus
966 923 1114 964 Gerveys
1136 926 1172 954 et
1188 923 1329 955 Isabella
1345 933 1430 955 uxor
1444 923 1520 965 ejus
1543 924 1736 956 habuerunt

342 965 539 1005 Licenciam,
556 969 629 1005 etc„
653 967 688 998 in
712 966 882 1007 presencia
903 966 1054 1008 ipsorum
1077 977 1136 998 seu
1159 977 1276 999 eorum
1300 967 1448 1007 alterius,
1472 967 1562 999 infra
1584 967 1734 999 Manet-ia

340 1019 403 1040 sua
424 1010 466 1041 de
490 1009 679 1041 Benadleke
701 1013 736 1041 et
760 1010 1039 1042 Caerwetbeueke
1062 1009 1149 1050 [both
1171 1010 1209 1042 in
1231 1010 1278 1043 Sc.
1297 1009 1547 1052 0·›mtantine];
1570 1012 1732 1053 quamdiu

0 1063 6 1090 ·,
342 1053 487 1084 Domino
503 1053 679 1094 placuerit.

0 1097 11 1223 ι
297 1107 544 1158 Witheridge
565 1105 803 1160 [Whitryge,
822 1105 923 1161 MS.]
938 1121 949 1156 ς
978 1108 1128 1147 Master
1147 1108 1286 1160 Henry
1304 1109 1354 1148 de
1373 1108 1595 1157 Littiltone,
1617 1110 1735 1157 R.,-

298 1161 437 1194 Licence
451 1162 487 1194 oi
501 1162 754 1194 non-residence
770 1162 822 1194 for
837 1173 857 1194 a
871 1173 952 1204 year
967 1162 1072 1203 (same
1087 1162 1190 1203 date).

297 1216 503 1268 Glasneye,
525 1217 595 1255 the
614 1217 831 1267 Collegiate
851 1217 1010 1256 Church
1029 1218 1072 1256 of
1085 1231 1097 1266 3
1134 1217 1392 1265 Witkielce‚—

296 1270 451 1311 Thomas,
475 1275 552 1311 etc.‚
578 1271 738 1312 Magistro
761 1272 891 1303 Simoni
905 1272 1095 1311 'Withielle,
1119 1272 1260 1304 Officiali
1282 1275 1397 1304 nostre
1420 1273 1602 1306 Peculiaris
1623 1273 1646 1306 J
1650 1274 1732 1306 uris·

339 1314 498 1346 dict-,ionis
513 1315 547 1346 in
564 1315 744 1354 Cornubia,
760 1315 916 1355 salutem,
931 1315 1148 1355 etc—Licet,
1162 1315 1264 1357 juxta
1285 1316 1490 1357 exigenciam
1513 1317 1734 1350 laudabilium

342 1358 558 1390 Statutorum
574 1358 720 1390 Ecclesia
736 1365 850 1390 nostre
867 1359 1048 1400 Collegiate
1064 1360 1160 1391 Beati
1176 1359 1314 1399 Thome,
1331 1360 1489 1400 Martiris,
1503 1361 1680 1403 Glasneye,
1696 1362 1732 1393 in

341 1402 494 1442 quolibet
520 1402 601 1433 anni
626 1402 798 1444 quarterio
823 1402 867 1434 ad
893 1403 1112 1434 residenciam
1136 1402 1206 1444 xlvj
1233 1403 1365 1435 dierum
1391 1404 1555 1441 tenearis5
1584 1408 1733 1446 propter,

341 1448 466 1486 tamen,
483 1446 630 1477 diversas
644 1445 879 1487 occupationes
895 1446 1061 1487 legitimas
1077 1447 1292 1487 negociorum
1314 1450 1507 1480 nostrorum
1531 1451 1566 1480 et
1590 1448 1736 1480 Ecclesie

342 1495 456 1520 nostre
480 1489 690 1521 Cathedralis
714 1490 851 1530 Exonie,
868 1490 993 1531 quibus
1015 1493 1199 1531 occupatus
1221 1491 1349 1530 existis,
1371 1491 1414 1523 ab
1435 1491 1634 1533 hujusmodi
1656 1493 1735 1524 resi-

340 1532 457 1564 dencia
480 1535 515 1564 te
536 1533 711 1564 absentare
734 1536 892 1574 oportet3
917 1534 1006 1565 utin
1022 1534 1175 1574 quolibet
1189 1535 1360 1575 quarterio
1375 1532 1446 1567 xxti
1468 1535 1580 1567 tribus
1602 1536 1732 1576 diebus,

339 1576 464 1616 quibus
487 1576 685 1618 hujusmodi
707 1577 851 1618 negociis
867 1587 983 1608 vacare
999 1577 1188 1616 dinosceris,
1204 1578 1351 1609 durante
1373 1578 1572 1620 hujusmodi
1594 1590 1732 1621 occupa-

340 1619 434 1650 eione
449 1623 485 1651 et
500 1620 689 1659 excercicio,
706 1631 774 1652 non
786 1621 1001 1652 obstantibus
1011 1620 1210 1662 hujusmodi
1225 1621 1383 1662 Statutis‚
1396 1624 1432 1654 te
1446 1622 1537 1654 licite
1548 1623 1733 1664 absentare,

339 1673 378 1694 ao
403 1663 540 1695 interim
567 1664 777 1704 integraliter
802 1664 1060 1696 distribuciones
1086 1667 1121 1696 et
1146 1668 1275 1696 ceteros
1301 1669 1486 1707 proventus
1516 1669 1552 1698 et
1576 1667 1733 1699 redditus

339 1716 572 1748 quoscumque
594 1707 763 1748 percipere
779 1707 869 1739 licite
885 1708 1006 1747 valeas,
1023 1718 1062 1739 ac
1084 1708 1114 1739 si
1135 1708 1355 1740 residenciam
1378 1709 1503 1742 faceres
1525 1710 1561 1742 in
1585 1710 1734 1742 Ecclesia

338 1750 489 1790 predicta
518 1751 735 1792 personalem,
761 1754 876 1783 tecum
899 1754 1015 1783 tenore
1038 1752 1254 1783 Presencium
1277 1752 1538 1794 dispensamus;
1569 1755 1731 1796 quodque

340 1794 513 1835 Pte-posito
539 1797 575 1826 et
597 1795 716 1826 ceteris
741 1795 917 1826 Oanonicis
939 1795 1086 1826 Ecclesie
1108 1798 1223 1827 nostre
1244 1796 1446 1836 supradicte,
1463 1798 1587 1829 nostris
1611 1798 1733 1830 Literis

337 1837 459 1869 damus
470 1838 504 1869 in
521 1838 834 1880 pi·eceptis,-quod
856 1838 920 1870 tibi
942 1838 1066 1879 debite,
1082 1842 1124 1871 ut
1146 1839 1244 1870 alteri
1266 1840 1428 1872 residenti
1451 1841 1671 1882 personaliter
1693 1842 1728 1874 in

336 1881 463 1920 eadem,
479 1881 522 1912 de
537 1881 735 1923 hujusmodi
758 1882 1057 1914 distribucionibus
1079 1886 1116 1914 et
1137 1883 1256 1914 ceteris
1279 1884 1500 1925 proventibus
1521 1884 1732 1927 integraliter

335 1925 561 1965 respondeant
583 1928 619 1957 et
639 1935 719 1957 cum
742 1925 892 1965 effectu3
923 1925 1123 1967 hujusmodi
1146 1926 1299 1959 absencia
1321 1930 1383 1959 tua
1408 1938 1475 1959 non
1499 1928 1666 1970 obstante,
1690 1932 1731 1961 ut

335 1968 548 2008 premittitur
562 1969 866 2001 causata—Dated
881 1972 918 2001 at
936 1970 1042 2011 Clyst,
1061 1971 1102 2002 28
1119 1970 1228 2011 April.

291 2021 596 2076 Archdeaconry
614 2025 656 2062 of
674 2024 867 2063 Cornwall
883 2038 895 2074 ;
922 2025 1119 2064 Inhibicio
1137 2033 1272 2064 contra
1294 2025 1505 2077 Officialem
1523 2028 1730 2067 Archidia-

349 2078 435 2116 coni
463 2078 665 2141 cornubie,
695 2092 742 2117 ne
769 2085 892 2118 teneat
922 2079 1114 2129 Gapitula
1140 2086 1211 2118 aut
1239 2094 1392 2120 cursum
1421 2095 1534 2121 suum
1566 2089 1730 2133 tempore

350 2132 745 2180 Consistorwrum,—
1384 2170 1387 2172 ,

293 2186 448 2226 Thomas,
473 2190 547 2226 etc,
571 2188 741 2228 Magistris
762 2188 837 2219 Ade
859 2187 986 2229 Sparke
1012 2198 1050 2220 ac
1071 2188 1241 2220 willelmo
1265 2189 1466 2230 Castelaker,
1494 2190 1670 2224 Ganonicis
1691 2192 1727 2224 in

335 2230 482 2262 Ecclesia
497 2233 611 2263 nostra
634 2231 818 2272 Gollegiata
840 2231 936 2263 Beati
958 2231 1096 2272 Thome,
1121 2232 1278 2272 Martii-is,
1295 2233 1471 2274 Glasneye,
1487 2234 1644 2275 salutem,
1661 2238 1723 2268 etc.

334 2274 432 2306 -Ex
447 2274 608 2306 relacione
625 2275 794 2315 fidedigna
815 2285 854 2306 ac
876 2275 958 2306 facti
980 2276 1188 2317 experiencia
1210 2276 1450 2317 intelleximus,
1466 2277 1538 2319 jam
1562 2279 1604 2310 de
1626 2289 1724 2317 novo,

335 2318 426 2358 quod
441 2318 580 2359 quidam
599 2318 756 2360 Magister
773 2318 933 2350 Ricardus
955 2319 1177 2360 Trevemyny,
1195 2320 1351 2352 Officialis
1368 2321 1602 2354 Archidiaconi
1617 2323 1725 2354 nostri

335 2361 514 2400 Cornubie,
533 2365 648 2393 contra
671 2363 811 2394 Statuta
831 2373 851 2393 a
872 2362 1166 2394 Predecessoribus
1189 2364 1314 2395 nostris
1336 2364 1435 2404 edita,
1454 2368 1489 2396 et
1512 2376 1571 2406 per
1587 2366 1723 2398 Clerum

332 2407 446 2436 nostre
463 2405 611 2437 Diocesis
625 2405 771 2437 admissa
786 2409 821 2437 et
843 2405 1048 2437 sufficienter
1071 2406 1234 2438 hactenus
1258 2407 1394 2447 usitata,
1418 2414 1570 2449 tempore
1593 2409 1724 2442 Consis-

331 2447 495 2480 toriorum
511 2454 705 2480 nostrorum
721 2449 849 2480 Exonie
867 2449 1142 2481 celebrandorum
1164 2460 1302 2482 cursum
1323 2461 1425 2483 suum
1448 2455 1484 2484 et
1507 2452 1664 2493 Capitula
1686 2454 1721 2485 in

333 2491 615 2524 Archidiaconatu
649 2493 809 2534 predicto,
836 2492 871 2524 in
901 2493 1153 2524 enervacionem
1179 2496 1215 2525 et
1239 2493 1431 2526 illusionem
1467 2495 1489 2527 J
1494 2496 1721 2529 urisdiccionis

332 2537 446 2566 nostre
475 2535 649 2574 ordinarie,
679 2536 854 2577 nostrique
889 2536 1114 2577 prejudicium
1151 2547 1189 2568 ac
1222 2540 1457 2579 contemptum
1489 2539 1718 2580 manifestum,

330 2581 445 2610 tenere
460 2589 528 2610 non
544 2582 689 2611 veretur.
735 2579 895 2612 Volentes
911 2584 1061 2611 nostram
1076 2580 1278 2612 ordinariam
1301 2581 1323 2613 J
1328 2581 1581 2614 urisdiccionem
1604 2583 1719 2616 defen-

331 2621 419 2662 dere,
436 2625 477 2654 ut
490 2625 656 2661 tenemur,
674 2622 777 2663 vobis,
793 2623 1018 2654 communiter
1033 2626 1069 2654 et
1083 2623 1227 2662 divisim,
1243 2625 1500 2665 committimus,
1517 2629 1592 2666 etc„
1609 2627 1719 2668 quati-

330 2675 395 2696 nus
411 2666 540 2706 prefato
556 2665 695 2698 officiali
717 2666 898 2698 inhibeatis
921 2669 957 2698 et
979 2666 1157 2698 efficaciter
1179 2667 1343 2699 moneatis
1366 2669 1525 2708 eundem,
1543 2671 1608 2701 sub
1631 2681 1718 2711 pena

333 2708 700 2741 Excommunicacionis
722 2709 906 2751 Majori2,—
915 2720 1027 2751 quam,
1051 2710 1079 2741 si
1108 2709 1306 2751 hujusmodi
1329 2711 1529 2743 Inhibicioni
1552 2716 1588 2744 et
1610 2714 1716 2746 Moni-

332 2751 420 2783 cioni
435 2753 563 2791 vestris,
576 2763 690 2794 ymmo
707 2753 817 2784 verius
833 2755 965 2792 nostris,
975 2753 1091 2794 culpa,
1109 2763 1212 2794 mora,
1225 2757 1260 2785 et
1273 2754 1399 2786 offensa
1412 2755 1481 2787 suis
1493 2756 1715 2797 exigentibus,

330 2805 398 2826 non
422 2796 572 2836 paruerit
593 2806 671 2827 cum
697 2796 828 2836 effectu,
844 2796 880 2828 in
908 2806 1083 2837 personam
1109 2796 1263 2838 ejusdem
1289 2797 1500 2830 intendimus
1526 2800 1716 2840 fulminare,

333 2848 419 2870 —ne
432 2841 584 2880 tempore
600 2839 882 2871 Oonsistoriorum
898 2844 1091 2871 nostrorum
1107 2840 1235 2872 Exonie
1247 2840 1531 2883 celebrandorum,
1541 2846 1717 2886 congrega-

332 2881 442 2914 ciones
465 2882 602 2924 aliquas,
619 2883 849 2922 correcciones,
865 2894 925 2915 seu
943 2883 1099 2924 Capitula
1113 2883 1148 2915 in
1165 2883 1446 2917 Archidiaconatu
1469 2886 1620 2926 predicto
1644 2898 1716 2929 pre-

331 2928 446 2958 sumat
460 2925 503 2957 de
512 2929 623 2958 cetero
633 2926 742 2958 facere
752 2937 812 2958 seu
825 2930 939 2958 tenere
949 2926 1179 2968 quovismodo.
1224 2927 1400 2968 Moneatis,
1412 2929 1558 2970 insuper,
1571 2932 1718 2963 eundem

332 2968 524 3009 officialem,
540 2969 604 3001 sub
619 2969 734 3002 debito
748 2969 932 3012 juramenti
950 2970 1003 3002 sui
1017 2970 1098 3002 alias
1114 2969 1257 3012 prestiti,
1273 2971 1366 3012 quod
1388 2972 1529 3013 siugulis
1547 2973 1715 3007 Consisto·
