1988 3256
295 355 389 403 298

293 469 316 495 A
323 469 371 496 .D.

294 502 369 530 1373.

295 536 355 564 Vol.
373 537 396 564 Ι.

507 368 616 406 ΤΗΕ,
644 369 886 405 REGISTER
919 370 979 410 OF
1015 368 1194 404 BISHOP
1228 368 1628 407 BRANTYNGHAM.

404 471 588 512 Collegium
607 473 703 505 Beati
718 473 847 505 Thome
864 473 906 505 de
922 473 1098 514 Glasneye,
1115 484 1175 515 pro
1191 484 1280 506 anno
1295 473 1348 517 ij0,
1365 477 1429 508 etc.
1650 494 1662 500 -
1762 473 1834 515 vijz.

403 516 517 548 Abbas
532 517 574 548 de
592 517 841 559 Dunkeswylle‚
858 527 918 558 pro
934 527 1021 548 anno
1038 517 1090 558 ij0,
1107 520 1170 550 etc.
1421 535 1434 544 ·
1653 538 1664 543 -
1762 517 1836 559 νῆ».

401 559 515 592 Abbas
531 560 573 591 de
589 560 786 601 Nyweham,
803 571 863 602 pro
878 571 967 592 anno
981 558 1054 602 ijd0,
1071 565 1134 594 etc.
1185 581 1195 586 -
1415 581 1427 587 -
1648 582 1657 587 -
1715 574 1723 582 ·
1762 561 1836 603 viJ's.

403 603 516 636 Abbas
531 604 573 635 de
589 603 700 643 Torre,
718 615 778 645 pro
795 615 883 636 anno
898 604 951 646 ij0,
968 607 1031 636 etc.
1188 624 1197 629 —
1418 624 1430 631 -
1651 625 1661 630 -
1761 604 1835 646 vij&

402 647 516 679 Abbas
532 648 574 679 de
592 648 748 688 Boclond,
766 659 826 689 pro
841 659 930 680 anno
952 647 1023 689 ide,
1040 651 1101 680 etc.
1188 666 1198 672 ·
1419 668 1430 674 —
1652 669 1661 674 -
1762 647 1836 690 vij&-

401 691 515 723 Abbas
531 691 762 733 Tavystochie,
781 702 840 732 pro
855 702 944 723 anno
959 692 1012 733 ij0,
1029 694 1096 731 etc,
1186 710 1197 717 -
1418 712 1428 718 -
1649 712 1660 718 -
1760 691 1833 734 vijs.

402 734 497 766 Prior
512 735 554 766 de
571 734 706 776 Cowyk,
723 746 784 776 pro
799 735 896 767 annis
913 735 1019 776 primo
1035 739 1070 768 et
1085 736 1242 775 secundo,
1258 738 1321 768 etc,
1418 755 1429 761 ·
1649 756 1659 760 -
1735 735 1833 777 xiiiia.

403 778 498 810 Prior
513 779 680 819 Tottonie,
697 789 757 820 pro
773 779 869 810 annis
883 779 994 821 primo
1009 782 1045 811 et
1059 780 1216 817 secundo,
1232 782 1295 812 etc.
1418 798 1429 804 -
1650 798 1660 803 -
1735 778 1836 821 xiiijs.

402 821 497 853 Prior
511 822 698 862 Bodminie,
715 833 775 864 pro
790 833 878 854 anno
893 824 1050 859 secundo,
1067 826 1129 855 etc.
1189 842 1200 848 -
1420 843 1430 848 -
1650 843 1656 848 ·
1760 823 1836 864 vijs.

402 866 498 897 Prior
513 866 555 898 de
571 866 845 909 'l'yward1-aythe,
862 877 923 908 pro
938 877 1027 898 anno
1041 866 1095 932 iij0,
1111 869 1173 899 etc.
1417 883 1427 887 -
1650 887 1660 891 -
1761 866 1834 908 vijs.

402 910 497 941 Prior
513 910 630 942 Sancti
646 910 820 950 Germani,
833 921 894 951 pro
909 920 998 942 anno
1013 910 1047 952 ij‘
1061 915 1086 951 ⁰,
1103 914 1167 942 etc.
1418 930 1428 935 -
1650 930 1660 935 -
1761 909 1835 952 vijc.

402 953 497 985 Prior
512 954 554 985 de
572 953 819 995 Frythelestok,
835 964 896 995 pro
912 965 1000 986 anno
1015 954 1059 996 ij0
1184 973 1195 979 -
1416 973 1425 978 -
1647 972 1657 978 -
1759 954 1834 996 vijs.

401 997 497 1029 Prior
513 997 554 1028 de
571 996 757 1038 Car-swelle,
773 1008 833 1039 pro
849 1008 937 1030 anno
953 996 1026 1039 ijd0,
1043 1000 1106 1030 etc.
1185 1015 1196 1021 -
1417 1017 1427 1022 -
1647 1015 1658 1021 -
1785 1008 1831 1030 vs.

400 1041 496 1073 Prior
511 1042 553 1072 de
570 1041 713 1081 Piltone,
730 1052 790 1082 pro
805 1051 893 1073 anno
908 1042 1055 1073 secundo
1182 1059 1195 1066 ·
1416 1061 1426 1066 -
1647 1057 1658 1063 -
1682 1041 1746 1084 iijs.
1763 1041 1833 1082 vjd.

401 1085 582 1117 Abbatirsa
597 1085 639 1117 de
655 1085 720 1117 Lee
737 1085 991 1126 [Canonsleith
1010 1096 1068 1126 pro
1084 1095 1171 1116 anno
1187 1082 1260 1126 ijd0,
1277 1087 1340 1117 etc.
1413 1103 1424 1109 -
1646 1104 1657 1110 -
1759 1085 1834 1127 iiijs.

400 1129 573 1160 —-Datum
591 1129 782 1166 Londoniis,
799 1128 854 1160 die
870 1131 904 1160 et
916 1139 1005 1160 anno
1021 1129 1145 1170 quibus
1160 1138 1272 1169 supra.

401 1173 552 1212 Quarum
567 1172 756 1204 Literarum
768 1172 981 1212 auctoritate,
998 1183 1114 1203 omnes
1129 1174 1165 1203 et
1179 1171 1327 1212 singulas
1344 1171 1506 1203 Personas
1520 1182 1579 1213 per
1590 1182 1657 1212 vos,
1675 1175 1716 1204 ut
1731 1183 1833 1214 supra

443 1216 611 1256 scribitur,
629 1216 943 1255 excommunicatae,
960 1216 1116 1247 videlicet
1131 1215 1316 1247 Dominum
1332 1215 1540 1247 Willelmum
1557 1215 1741 1257 Congham,
1757 1226 1831 1258 pro-

443 1265 630 1292 curatorem
661 1260 683 1292 J
687 1259 828 1303 ohannis
858 1258 1004 1301 Cheyne,
1033 1263 1068 1291 et
1094 1259 1116 1291 J
1119 1258 1298 1298 ohannem,
1327 1259 1506 1290 Rectorem
1535 1259 1680 1291 Ecclesie
1709 1260 1832 1292 Sancte

447 1304 584 1343 Ladoce,
602 1307 850 1344 procuratorem
869 1303 1005 1335 Domini
1022 1302 1182 1334 willelmi
1198 1303 1331 1343 Mugge‚
1345 1302 1603 1334 ac'Edwardum
1622 1303 1742 1343 Eliere,
1757 1314 1832 1335 nec-

443 1358 510 1379 non
542 1347 691 1379 Priorem
721 1348 764 1378 de
795 1345 939 1388 Cowyke
962 1349 998 1379 et
1023 1346 1170 1378 Priorem
1194 1347 1236 1377 de
1259 1346 1428 1385 Tottonia,
1452 1346 1499 1378 sic
1525 1348 1833 1379 excommunicatos

444 1391 546 1422 fuisse
562 1395 598 1422 et
610 1401 691 1428 esse,
704 1391 738 1421 in
757 1389 903 1422 Ecclesia
915 1393 1029 1422 nostra
1042 1390 1233 1430 Exoniensi,
1246 1389 1326 1430 suis,
1339 1400 1378 1422 ac
1388 1389 1461 1421 aliis
1475 1390 1631 1422 Ecclesiis
1642 1390 1833 1431 convicinis,

443 1435 570 1467 Diebus
589 1434 771 1466 Dominicis
787 1437 822 1465 et
837 1434 991 1474 Festivis,
1007 1434 1097 1466 intra
1114 1433 1292 1465 Missarum
1309 1433 1503 1475 solempnia,
1522 1434 1636 1475 palam
1648 1438 1684 1466 et
1699 1434 1832 1476 publice

442 1478 584 1510 fecimus
600 1478 761 1510 nunciat-i.
811 1477 967 1518 Fructus,
983 1478 1130 1519 insuper,
1147 1477 1310 1517 redditus,
1327 1480 1363 1509 et
1378 1479 1562 1518 proventus
1587 1477 1831 1510 Beneficiorum

441 1522 742 1563 infrascriptorum,
772 1524 944 1562 presentes
967 1524 1003 1553 et
1024 1524 1257 1562 proventuros,
1287 1521 1429 1553 fecimus
1459 1520 1595 1553 realiter
1616 1522 1830 1563 sequestrari,

442 1569 477 1597 et
493 1566 557 1598 sub
573 1569 646 1597 arto
663 1565 826 1597 custodiri
849 1565 1011 1597 faciemus
1034 1565 1215 1606 Sequestro
1239 1574 1415 1605 quousque
1430 1564 1472 1606 de
1487 1564 1630 1598 summis
1644 1568 1680 1597 et
1695 1565 1831 1608 quanti-

442 1609 571 1641 tatibus
598 1610 640 1640 de
666 1609 792 1640 eisdem
825 1608 998 1640 Beneficiis
1025 1608 1215 1650 Apostolice
1246 1609 1386 1641 Camere
1418 1608 1542 1640 debitis
1579 1608 1686 1641 fuerit
1722 1609 1832 1641 eidem

443 1654 583 1686 Camere
614 1653 744 1694 integre
774 1653 996 1684 satisfactum.
1062 1652 1201 1690 Moneri,
1235 1652 1352 1691 eciam,
1385 1651 1537 1692 fecimus,
1569 1655 1610 1684 ut
1638 1653 1832 1693 mandatur,

442 1697 624 1729 eorundem
642 1695 884 1728 Beneficiorum
903 1706 1105 1737 possessores
1120 1699 1156 1727 et
1171 1700 1401 1737 procuratores
1423 1705 1551 1735 eorum,
1570 1699 1673 1737 prout
1688 1696 1831 1728 inferius

442 1741 643 1780 continetur,
660 1750 790 1771 necnon
803 1740 986 1780 Religiosos
1001 1743 1036 1771 et
1052 1739 1208 1780 collegia,
1226 1749 1371 1781 quorum
1384 1739 1520 1771 nomina
1531 1740 1634 1771 eciam
1648 1743 1684 1771 et
1699 1750 1832 1772 summe

442 1795 502 1826 per
516 1785 606 1826 ipsos
622 1784 735 1816 debite
751 1783 906 1825 superius
916 1783 1163 1822 describuntur,
1176 1783 1268 1824 quod
1279 1785 1502 1824 compareant,
1515 1785 1552 1815 et
1561 1793 1676 1815 eorum
1689 1784 1835 1826 quilibet

443 1831 643 1869 compareat,
660 1837 771 1859 coram
796 1827 899 1867 vobis,
916 1827 988 1859 loco
1003 1830 1039 1859 et
1055 1827 1109 1858 die
1131 1826 1287 1868 superius
1309 1826 1344 1858 in
1367 1826 1448 1858 dict‘
1490 1826 1609 1859 vestris
1632 1827 1755 1860 Litoris
1777 1838 1833 1859 ex-

443 1872 610 1913 pressatis,
623 1871 747 1903 facturi
763 1874 798 1902 et
813 1870 981 1912 recepturi
996 1871 1029 1902 in
1047 1870 1216 1904 omnibus.
1230 1873 1266 1901 ct
1277 1881 1336 1912 per
1347 1837 1469 1910 omnize,
1482 1879 1548 1911 que
1560 1871 1709 1913 predicte
1722 1874 1833 1903 vestre

444 1915 554 1947 Litere
571 1915 605 1946 in
629 1926 663 1946 se
686 1914 828 1954 exigunt
850 1917 887 1946 et
908 1914 1096 1955 requirunt.
1144 1914 1302 1952 Fructus,
1329 1913 1576 1954 nichilominus,
1593 1917 1628 1946 et
1644 1917 1830 1954 proventus

442 1959 685 1991 Beneficiorum
698 1958 732 1989 in
744 1958 868 1989 nostris
884 1958 1041 1996 Ecclesia,
1059 1957 1215 1997 civitate,
1228 1960 1263 1989 et
1275 1956 1407 1989 Diocesi
1423 1957 1562 1998 Exonie,
1574 1968 1593 1989 a
1604 1967 1649 1989 xv
1659 1958 1831 1990 Kalendas

443 2003 567 2042 Marcii,
587 2002 807 2034 Pontificatus
830 2001 968 2033 Domini
990 2001 1099 2033 nostri
1122 2001 1211 2042 Papo
1233 1999 1333 2032 Anno
1356 2000 1474 2041 primo,
1498 2001 1592 2041 citra,
1616 2002 1829 2034 Auctoritate

444 2046 648 2088 Apostolica,
663 2048 699 2077 et
716 2045 1006 2084 Reverendissimi,
1017 2048 1092 2084 etc.,
1106 2044 1261 2084 Simonis,
1274 2047 1348 2083 etc.‚
1361 2044 1556 2084 Cardinalss,
1567 2048 1828 2086 acceptaturum,

441 2093 610 2131 quatenus
636 2089 761 2130 inquiri
793 2089 977 2130 potuimus,
1008 2091 1044 2120 et
1072 2098 1217 2129 quorum
1248 2087 1384 2119 nomina
1413 2087 1553 2120 inferius
1582 2093 1665 2121 sunt
1693 2088 1829 2130 inserta,

441 2134 583 2165 fecimus
599 2133 813 2174 sequestrari,
832 2143 870 2164 ac
885 2132 950 2164 sub
966 2133 1147 2173 Sequestro
1163 2131 1272 2163 teneri
1287 2131 1508 2163 effectualiter
1521 2131 1684 2168 faciemus
1699 2142 1827 2174 quous-

441 2188 508 2219 que
539 2177 581 2208 de
612 2176 728 2217 primis
751 2175 934 2208 fructubus
956 2175 1105 2217 ipsorum
1130 2174 1372 2206 Beneficiorum
1397 2174 1536 2207 Camere
1558 2175 1761 2217 Apostolice,
1784 2186 1827 2208 ex

441 2231 541 2252 causa
575 2220 729 2262 superius
759 2219 939 2256 declarata,
970 2219 1075 2250 fuerit
1104 2218 1324 2250 satisfactum.
1387 2218 1526 2259 Moneri,
1549 2219 1663 2259 eciam,
1686 2219 1830 2252 fecimus

441 2265 626 2296 eorundem
642 2263 885 2295 Beneficiorum
901 2272 1104 2304 possessores
1116 2265 1151 2294 et
1160 2265 1400 2303 procuratores,
1414 2262 1505 2304 quod
1518 2262 1611 2294 vobis
1620 2263 1829 2296 satisfaciant

442 2308 484 2340 de
499 2307 599 2339 (lictis
614 2307 730 2349 primis
745 2306 935 2346 fructubus,
952 2306 1040 2338 infra
1056 2305 1241 2338 terminum
1257 2305 1500 2347 supradictum.
1548 2305 1710 2348 Alioquin
1733 2307 1828 2349 quod

440 2354 655 2393 compareant
670 2360 781 2382 coram
797 2350 902 2389 vobis,
921 2350 956 2382 in
972 2349 1064 2381 dicto
1079 2349 1234 2389 termine,
1246 2349 1423 2390 allegaturi
1438 2352 1473 2381 et
1488 2349 1611 2382 facturi
1622 2350 1713 2392 quod
1725 2349 1830 2383 fuerit

440 2395 590 2434 racionis,
607 2394 671 2426 sub
686 2394 781 2436 penis
796 2397 832 2426 et
846 2393 996 2426 censuris
1011 2392 1256 2434 suprascriptis.

397 2439 571 2471 Prehende
594 2448 697 2479 quam
719 2438 869 2479 possedit
891 2437 1001 2469 David
1023 2437 1187 2477 Maynard
1209 2436 1246 2467 in
1268 2435 1416 2468 Ecclesia
1436 2436 1553 2469 Sancti
1575 2436 1767 2478 Karentoei,
1790 2440 1828 2470 et

439 2493 541 2523 quam
565 2482 666 2513 modo
689 2481 838 2522 possidet
862 2481 1029 2512 Dominus
1052 2480 1239 2512 Willelmus
1265 2479 1398 2520 Mugge,
1425 2479 1559 2512 fructus
1585 2483 1668 2512 sunt
1693 2491 1826 2523 seques-

439 2526 531 2558 trati.
578 2524 743 2557 Dominus
765 2524 937 2557 Johannes
959 2522 1134 2565 [Raulyn],
1160 2523 1282 2555 Rector
1304 2523 1450 2555 Ecclesie
1466 2524 1588 2556 Sancte
1603 2523 1742 2566 Ladooe,
1766 2524 1827 2567 qui

438 2569 506 2602 fuit
522 2572 716 2610 procurator
730 2579 823 2608 suus,
841 2570 997 2599 mortuns
1012 2570 1064 2599 est
1078 2567 1147 2609 jam
1163 2567 1269 2599 tarde.

395 2613 696 2645 Archidiaconatus
718 2612 947 2644 Tottoniensis
969 2611 1103 2643 fructus
1125 2613 1207 2643 sunt
1235 2610 1447 2652 sequestrati,
1471 2613 1508 2642 et
1537 2610 1703 2643 Dominus
1726 2611 1828 2653 Hugo

439 2656 666 2698 Bryddeham,
683 2655 946 2687 Archidiaconus
962 2654 1127 2696 ejusdem,
1147 2654 1272 2685 citatus
1287 2657 1340 2685 est
1354 2653 1583 2695 personaliter.

396 2700 470 2739 Quo
486 2700 528 2732 ad
546 2699 749 2731 Beneficium
765 2699 856 2740 q'uod
879 2698 1038 2740 optinuit,
1062 2697 1115 2729 vel
1137 2697 1278 2739 optinet,
1298 2697 1479 2729 Nicholaus
1493 2697 1638 2738 Thobro,
1655 2700 1695 2730 nt
1709 2697 1823 2730 scribi-

439 2744 499 2782 tis,
515 2754 581 2775 non
599 2746 651 2774 est
666 2742 743 2774 talis
761 2741 944 2774 Nicholaus
961 2742 995 2773 in
1014 2741 1160 2774 Civitate
1183 2741 1234 2772 vel
1258 2740 1390 2772 Diocesi
1412 2740 1551 2782 Exonie,
1568 2751 1630 2774 nec
1644 2751 1824 2783 possumus

439 2787 610 2819 cerciorari
625 2786 667 2817 de
683 2786 794 2827 aliquo
810 2785 976 2818 Beneficio
991 2785 1116 2816 ibidem
1135 2787 1275 2826 optento
1291 2794 1349 2825 per
1363 2785 1518 2816 eundem.

395 2831 497 2869 Item,
523 2841 590 2872 quo
613 2830 656 2861 ad
680 2830 888 2861 Prebendam
911 2829 954 2861 de
977 2828 1158 2860 Karswelle
1179 2828 1215 2859 in
1238 2827 1386 2859 Ecclesia
1409 2827 1592 2868 Collegiata
1608 2827 1820 2870 Cryditonie,

437 2874 589 2905 exhibita
604 2873 699 2904 nobis
715 2873 784 2904 fuit
798 2872 1025 2914 acquietancia
1041 2871 1132 2914 quod
1147 2874 1199 2903 est
1214 2871 1425 2903 satisfactum
1442 2871 1588 2913 plenarie
1610 2881 1671 2913 pro
1692 2871 1820 2904 eadem.

394 2917 558 2950 Similiter
579 2927 647 2958 quo
668 2916 712 2948 ad
735 2916 943 2949 Prebendam
966 2925 1069 2957 quam
1092 2914 1242 2957 optinuit
1265 2914 1457 2956 Stephanus
1472 2914 1609 2956 Pempel
1624 2915 1659 2946 in
1676 2914 1822 2948 Ecclesia

436 2960 627 2997 Exoniensi,
647 2962 681 2992 et
696 2959 738 2991 de
753 2970 820 3002 qua
835 2959 1006 3002 provisum
1023 2961 1074 2991 est
1089 2959 1122 2992 J.
1143 2958 1289 2999 Cheyne.
