1988 3256
252 364 347 408 236
451 373 552 407 THE
587 374 830 409 REGISTER
864 375 925 408 or
966 374 1144 409 BlsHor
1185 375 1586 412 BRANTYNGHAM.

249 480 327 507 A.D.
402 483 611 522 mandamus,
639 483 781 515 firmiter
806 483 1032 525 injungentes,
1060 482 1221 523 quatinus
1243 482 1279 513 in
1303 482 1450 515 Ecclesia
1473 486 1589 515 nostra
1609 482 1791 515 Exoniensi

247 514 337 575 {735⁰}
401 528 637 569 suprascripta,
656 527 796 569 aliisque
814 526 967 559 Ecclesiis
984 528 1173 557 nostrarum
1191 526 1348 559 Civitatis
1370 531 1406 558 et
1428 527 1586 567 Dionaeis,
1609 526 1670 559 ubi
1692 536 1790 568 expe·

306 569 312 575 '
341 568 348 575 ’
402 571 473 602 dire
497 571 656 611 videritis,
682 571 809 602 Diebus
833 569 1016 602 Dominicis
1039 572 1074 601 et
1097 569 1249 610 Festivis,
1274 570 1362 602 infra
1385 571 1564 603 Missarum
1596 570 1791 612 solempnia,

401 625 517 646 omnes
539 618 575 646 et
597 615 746 656 singulos
769 614 966 656 hujusmodi
990 613 1189 653 Literarum,
1207 613 1395 654 Cartarum,
1419 615 1740 654 Instrumentorum,
1757 617 1793 646 et

400 658 542 690 aliorum
570 658 861 690 Munimentorum
887 657 1115 699 predictorum
1139 658 1341 698 detentores,
1373 659 1611 698 subtractores,
1642 661 1678 690 et
1711 668 1787 690 con-

402 703 571 742 celatores,
599 702 730 743 publice
753 705 788 734 et
810 702 845 733 in
868 712 989 743 genere
1011 701 1186 741 moneatis,
1210 702 1379 733 monerive
1402 702 1542 741 faciatis,
1558 705 1599 734 ut
1621 701 1710 733 infra
1732 701 1791 733 tri·

400 746 495 788 ginta
517 746 647 778 dierum
671 746 831 787 spacium,
855 757 874 777 a
896 749 1047 787 tempore
1070 745 1296 777 Monicionum
1320 749 1508 778 vestrarum
1538 746 1586 778 eis
1615 745 1793 785 factarum,

404 801 549 832 quorum
565 789 664 822 xxxtfl·
679 790 811 821 dierum
827 800 849 821 x
865 801 924 831 pro
940 789 1059 831 primo,
1076 800 1098 820 x
1113 799 1173 830 pro
1185 789 1341 830 secundo,
1358 792 1394 821 et
1415 789 1560 831 reliquos
1575 800 1598 821 x
1614 800 1673 831 pro
1689 788 1793 821 tercio

400 838 435 866 et
462 834 686 875 peremptorio
714 833 858 865 termino
885 844 922 864 ac
949 833 1134 864 Monicione
1162 832 1340 872 Canonica,
1370 833 1417 864 eis
1440 833 1600 875 assignari
1622 833 1790 872 volumus,

247 876 336 902 ἰοὶ-9·
403 878 542 918 Literas,
568 878 695 917 cartas,
721 878 963 915 Instrumenta,
987 880 1022 908 et
1051 876 1264 908 Munimenta
1286 877 1418 918 prefata
1440 877 1545 917 nobis,
1569 877 1734 909 nostrisve
1756 876 1792 908 in

401 922 463 953 hac
479 925 573 963 parte
598 922 773 960 Ministris,
792 921 976 952 restituant
998 923 1033 952 et
1054 920 1213 960 revelant,
1231 920 1295 952 sub
1318 931 1404 962 pena
1427 920 1795 953 Excommunicacionis

401 965 550 1007 Major-is,
566 965 600 996 in
616 965 755 996 rebelles
767 969 844 1006 post
856 965 986 1006 lapsum
1003 963 1103 996 xxxta
1114 964 1244 995 dierum
1262 965 1499 1005 predictorum,
1511 967 1546 996 et
1561 975 1628 996 non
1639 967 1795 1006 parentes

401 1009 646 1041 Monicionibus
665 1009 782 1040 vestris
799 1008 1006 1050 hujusmodi,
1024 1008 1190 1040 Canonice
1205 1007 1426 1040 fulminande.
1475 1008 1529 1040 Ad
1553 1019 1620 1050 que
1641 1007 1796 1039 facienda

401 1053 504 1093 vobis,
522 1057 557 1085 et
572 1056 724 1085 vestrum
741 1053 889 1092 cuilibet,
905 1051 1117 1094 injungimus
1140 1054 1176 1083 et
1198 1051 1444 1084 committimus
1460 1052 1548 1084 vices
1570 1054 1710 1084 nostras.
1757 1051 1794 1084 Si

400 1108 494 1139 quos,
511 1108 599 1136 ver0,
618 1097 836 1128 reclamantes
853 1096 1048 1127 inveneritis
1064 1095 1098 1126 in
1115 1095 1177 1127 hac
1199 1098 1304 1136 parte,
1321 1096 1442 1135 citetis,
1459 1106 1518 1128 seu
1534 1095 1629 1127 citari
1651 1094 1793 1135 faciatis,

399 1142 531 1172 eosdem
550 1141 640 1182 quod
655 1143 870 1181 compareant
886 1150 996 1171 coram
1013 1139 1118 1178 nobis,
1136 1142 1292 1171 nostrove
1309 1139 1545 1172 Commissario
1568 1149 1792 1181 quocumque,

400 1185 498 1216 certis
515 1185 568 1216 die
584 1187 619 1216 et
635 1184 705 1215 loco
721 1195 805 1225 quos
821 1184 867 1215 eis
884 1183 1035 1214 videritis
1059 1182 1274 1224 prefigendos,
1302 1193 1438 1215 causam
1460 1183 1708 1215 reclamacionis
1730 1193 1791 1214 sue

399 1229 434 1260 in
466 1229 574 1260 forma
602 1228 690 1269 juris
720 1227 932 1269 proposituri,
965 1227 1174 1267 ulteriusque
1204 1226 1328 1258 facturi
1358 1230 1394 1258 et
1423 1227 1592 1268 recepturi
1621 1227 1714 1268 quod
1744 1226 1789 1258 ad

400 1283 525 1304 meram
542 1272 731 1303 animarum
748 1282 886 1303 suarum
910 1271 1148 1302 correccionem
1171 1270 1256 1302 circa
1279 1270 1439 1311 premissa
1461 1270 1587 1312 poterit
1608 1270 1786 1312 pertinere.

398 1317 445 1348 Et
460 1316 542 1357 quid
559 1316 705 1347 feceritis
728 1315 761 1346 in
787 1315 955 1356 premissis
978 1313 1167 1346 certificetis
1189 1324 1263 1352 nos,
1280 1314 1332 1346 vel
1355 1314 1486 1346 dictum
1509 1317 1665 1346 nostrum
1689 1314 1787 1346 Com·

397 1360 597 1399 missarium,
625 1360 709 1390 citra
741 1359 881 1390 Festum
911 1358 1159 1390 Purifieacionis
1191 1358 1293 1389 Beate
1323 1358 1427 1390 Mario
1457 1358 1604 1399 Virginis
1633 1357 1787 1399 proximo

398 1404 565 1443 futurum,
580 1414 638 1445 per
655 1403 783 1435 Literas
799 1406 936 1443 vestras,
947 1412 1143 1434 communes
1158 1404 1219 1433 aut
1234 1401 1426 1443 singulares,
1440 1402 1563 1434 harum
1578 1401 1707 1441 seriem,
1719 1411 1788 1433 una

387 1459 474 1479 ‚cum
500 1448 682 1479 citatorum
712 1446 907 1478 nominibus
937 1446 965 1477 si
990 1446 1050 1487 qui
1073 1456 1133 1487 per
1159 1455 1217 1477 vos
1247 1449 1308 1477 aut
1334 1449 1487 1478 vestrum
1512 1446 1660 1488 aliquem
1691 1444 1788 1477 citati

395 1491 531 1531 fuerint,
549 1491 680 1532 plenius
696 1490 1073 1522 continentes.—Dated
1091 1489 1241 1528 London,
1263 1490 1303 1521 29
1320 1489 1353 1521 N
1355 1500 1405 1522 ov.

239 1544 336 1606 &7231
351 1547 812 1597 Letters-Dimissory,—

339 1598 416 1634 '—-J
420 1602 486 1633 obn
503 1601 595 1640 Vela,
612 1600 647 1632 of
663 1601 812 1640 Peltone,
829 1599 929 1637 clerk,
947 1599 966 1615 “
982 1600 1025 1631 ad
1041 1609 1157 1631 omnes
1180 1599 1326 1631 Minores
1342 1602 1378 1631 et
1393 1599 1511 1632 Sacros
1535 1598 1678 1632 Ordines
1700 1598 1786 1631 citra

242 1631 358 1696 Ἦξιῖξ]
404 1645 669 1677 Presbiteratum
682 1644 700 1657 ’'
718 1644 884 1684 (London,
902 1645 942 1676 16
959 1642 1070 1682 Jan.).

338 1685 344 1692 ’
360 1690 529 1721 -Master
544 1688 635 1721 John
652 1689 693 1719 de
709 1687 741 1719 la
757 1688 858 1728 More,
875 1688 1004 1726 acolite,
1025 1687 1044 1702 “
1056 1687 1098 1718 ad
1114 1697 1230 1719 omnes
1246 1687 1364 1720 Sacros
1380 1687 1525 1720 Ordines
1536 1687 1555 1700 ’³
1572 1687 1628 1727 (18
1645 1684 1746 1726 Jan.).

359 1733 494 1766 —John
511 1733 552 1764 de
569 1732 798 1772 Stokebrigge,
816 1731 835 1746 “
847 1742 907 1772 pro
923 1731 1081 1762 omnibus
1098 1731 1207 1763 Sacris
1223 1731 1419 1770 Ordinibus,
1437 1731 1480 1763 ab
1499 1730 1669 1773 Episcopis
1680 1730 1784 1762 ultra-

395 1777 532 1808 marinis
548 1776 786 1808 tantummodo
801 1774 1027 1816 recipiendis”
1048 1774 1101 1815 (25
1118 1774 1224 1814 Jan.).

359 1821 494 1853 ——John
510 1820 647 1858 Artour,
663 1819 763 1856 clerk,
781 1819 799 1834 “
813 1830 872 1860 pro
895 1819 1083 1850 Minoribus
1105 1821 1141 1851 et
1163 1818 1434 1851 Subdiaconatus
1449 1820 1485 1850 et
1501 1818 1708 1850 Diaconatus
1724 1817 1785 1850 Or-

394 1865 531 1896 dinibus
546 1863 744 1905 recipiendis
755 1863 772 1876 '¹
793 1863 896 1901 (same
912 1862 1015 1902 date).

241 1919 533 1980 izzffissi-Mm'bhoe
554 1916 714 1971 [Mort0‚
739 1915 841 1970 MS]
859 1931 870 1966 3
899 1919 961 1955 Sir
978 1918 1083 1956 John
1104 1918 1153 1956 de
1173 1918 1418 1968 Sweynesey,
1440 1918 1558 1965 R„—

243 1987 303 2017 us.]
355 1975 493 2007 Licence
509 1973 544 2004 of
560 1973 812 2004 uon-residence
828 1974 880 2003 for
894 1983 914 2003 a
930 1983 1017 2013 year,
1036 1972 1159 2011 “dum,
1179 1975 1306 2011 tamen,
1324 1975 1394 2003 stet
1409 1972 1443 2003 in
1461 1971 1631 2013 obsequiis
1645 1971 1783 2003 Domini

241 2021 292 2047 fol.
396 2017 551 2059 Episcopi
568 2016 788 2054 Menevensis,
807 2019 842 2047 et
858 2017 950 2057 quod
972 2015 1126 2047 absencia
1147 2026 1209 2047 sua
1231 2018 1504 2056 recompensetur
1526 2015 1786 2047 elemosinarum

242 2054 287 2081 9¹³·
396 2061 586 2102 largicione,
604 2058 692 2093 etc.”
710 2059 742 2099 (1
761 2059 858 2098 Feb.)

353 2111 467 2161 Glyst
491 2110 659 2160 llydon3
688 2110 751 2146 Sir
770 2108 922 2147 Walter
942 2106 1255 2161 [Dodyngtonc]‚
1278 2108 1395 2155 R,—

354 2166 481 2197 Eodem
498 2164 562 2203 die,
580 2163 745 2194 Dominus
761 2163 939 2203 Waltcrus,
961 2164 1078 2194 Rector
1096 2163 1240 2194 Ecclesie
1262 2162 1305 2194 de
1328 2162 1569 2203 clysthydone‚
1587 2161 1707 2194 habuit
1730 2162 1784 2194 Li-

395 2208 542 2240 cenciam
558 2218 577 2238 a
594 2207 738 2238 Domino
755 2207 796 2238 de
812 2207 1004 2248 occupando
1027 2209 1167 2246 statum,
1191 2217 1249 2238 seu
1273 2206 1430 2246 officium,
1447 2206 1570 2239 Vicarii
1586 2206 1620 2237 in
1638 2205 1787 2238 Ecclesia

396 2251 586 2291 Exoniensi,
604 2261 672 2282 una
683 2261 759 2282 cum
776 2261 838 2282 sua
853 2250 1000 2282 Ecclesia
1015 2250 1195 2282 antedicta.

354 2302 553 2340 Oratories
569 2314 579 2349 3
609 2301 764 2338 Licence
780 2303 817 2338 to
836 2301 1081 2347 celebrate,-

352 2357 479 2389 Eodem
504 2355 567 2395 die,
585 2355 773 2387 Willelmus
797 2354 1012 2395 Britheleghe
1035 2354 1155 2385 habuit
1177 2353 1376 2391 Licenciam,
1396 2356 1472 2393 etc.,
1490 2353 1526 2384 in
1543 2353 1677 2394 Capella
1699 2350 1785 2392 sua,1

395 2411 455 2441 pro
471 2410 515 2439 se,
536 2409 648 2438 uxore,
666 2401 701 2430 et
716 2398 852 2438 familia,
868 2398 969 2439 juxta
984 2397 1261 2439 composicionem
1285 2398 1375 2429 inter
1390 2397 1559 2429 Abbatem
1575 2398 1617 2428 de
1633 2396 1783 2429 'Peukes-

396 2443 482 2485 bury
499 2446 534 2474 et
549 2443 706 2475 Nobilem
723 2442 853 2480 Virum,
872 2441 1056 2473 Dominum
1074 2441 1280 2473 Willelmum
1299 2441 1469 2481 Fytwarin
1487 2440 1568 2481 (sic).

353 2488 482 2520 Eodem
498 2487 560 2526 die,
578 2486 748 2517 Johannes
764 2486 929 2518 Vescham
952 2485 1073 2517 habuit
1095 2485 1301 2517 consimilem
1326 2484 1512 2516 Licenciam
1534 2484 1623 2516 infra
1639 2483 1782 2516 Maneri-

394 2542 453 2563 um
470 2540 570 2562 suum
586 2530 628 2561 de
644 2529 792 2561 Worthe.

353 2575 480 2607 Eodem
497 2574 551 2605 die
567 2573 762 2605 Willelmus
778 2573 947 2614 Stighulle
962 2572 1084 2604 habuit
1099 2571 1305 2604 consimilem
1330 2571 1517 2603 Licenciam
1533 2571 1622 2603 infra
1638 2570 1781 2603 Maneri-

396 2629 454 2650 um
470 2628 570 2650 suum
586 2618 628 2649 de
644 2617 818 2648 Malstone.

351 2661 432 2704 ffijto
448 2662 501 2693 die
519 2661 701 2699 Februarii,
719 2660 887 2691 Robertus
902 2660 944 2691 de
962 2659 1094 2691 Hacche
1116 2659 1237 2691 habuit
1261 2659 1460 2698 Licenciam,
1478 2661 1556 2699 etc.,
1573 2658 1608 2690 in
1625 2658 1780 2691 Orator-io

394 2717 456 2738 suo
471 2706 506 2736 in
523 2705 607 2736 Hele
623 2703 675 2745 [in
691 2702 932 2742 SoutkmoltonL
950 2713 1008 2744 per
1024 2713 1131 2734 unum
1147 2712 1284 2734 annum.

241 2774 254 2795 1
277 2776 319 2807 In
347 2772 917 2814 Chittlehampton.—-“Brightley,
946 2772 981 2803 in
1093 2771 1253 2812 standing
1268 2795 1276 2804 .
1301 2795 1310 2803 .
1336 2796 1343 2804 .
1369 2795 1376 2803 .
1403 2772 1491 2803 Lord
1508 2771 1603 2803 Rolle
1617 2771 1646 2802 is
1660 2771 1782 2812 impro-

286 2819 355 2850 this
385 2817 506 2859 parish‚
533 2816 696 2858 belonged
727 2819 763 2848 to
786 2827 805 2847 a
827 2826 979 2857 younger
1094 2815 1221 2854 priator
1236 2815 1271 2846 of
1286 2814 1345 2846 the
1361 2818 1456 2856 great
1470 2814 1583 2854 tithes,
1594 2813 1703 2846 which
1715 2814 1782 2846 had

286 2861 412 2894 branch
442 2861 477 2892 of
507 2860 566 2892 the
600 2861 830 2900 Fitzwarrens,
858 2859 976 2899 which,
1091 2858 1173 2890 been
1189 2859 1288 2900 given
1304 2858 1349 2900 by
1370 2859 1492 2890 Robert
1510 2858 1782 2890 Fitz-Hamonto

284 2906 424 2946 settling
436 2904 514 2936 here
530 2905 564 2935 in
577 2904 636 2935 the
649 2904 740 2944 reign
753 2903 788 2935 oi
804 2904 920 2945 Henry
931 2903 976 2943 11,
1090 2901 1778 2944 TewkesburyAbbey.”—Lysons'Devon,

285 2949 366 2981 took
381 2948 440 2981 the
455 2958 552 2980 name
567 2948 602 2979 of
619 2947 791 2988 Brightley
809 2970 817 2978 .
838 2970 846 2978 .
864 2969 872 2979 .
893 2970 901 2979 .
918 2946 977 2978 the
1090 2956 1146 2988 pp.
1168 2946 1240 2985 101,
1259 2947 1331 2978 102.

284 2993 377 3025 walls
393 2992 426 3023 of
450 2991 508 3023 the
523 2991 658 3023 ancient
682 2990 807 3032 Chapel
829 3001 884 3022 are
906 2989 977 3022 still
