1988 3256
309 326 371 370 64
510 335 610 369 THE
646 335 889 370 REGISTER
924 335 984 369 OF
1025 335 1203 370 BISHOP
1244 336 1650 373 BRANTYNGHAM.

305 443 381 470 A.D.
458 442 645 485 proximam
662 444 739 484 post
750 442 891 474 Festum
902 442 1024 474 Sancte
1037 442 1226 483 Scolastice,
1239 443 1397 484 Virginis,
1413 444 1567 485 proximo
1582 446 1667 476 tunc
1681 443 1852 482 futurum,

304 478 421 538 {23941-
459 490 561 529 prout
576 487 611 518 in
628 486 871 519 Certificatorio
886 487 964 518 inde
980 486 1070 518 facto
1085 486 1218 527 plenius
1234 487 1429 520 continetur
1444 499 1454 528 3
1470 488 1570 530 cujus
1585 490 1683 520 tenor
1695 488 1738 519 de
1749 486 1852 520 verbo

458 531 500 563 ad
517 531 657 563 verbum
675 530 830 572 sequitur
845 531 879 562 in
896 530 958 562 hec
973 530 1074 562 verba
1089 542 1144 562 :—

414 575 619 614 Reverendo,
636 577 710 613 etc„
729 574 916 606 Willelmus
939 574 1110 616 Trevellys
1133 577 1169 606 et
1193 574 1295 616 Hugo
1317 574 1491 615 Bridham‚
1509 578 1621 608 vestre
1638 573 1852 608 Cathedralis

456 619 602 651 Ecclesie
619 618 817 650 Exoniensis
834 618 1002 658 Canonici,
1022 629 1041 650 a
1057 618 1267 650 Paternitate
1281 622 1394 651 vestra
1416 620 1599 652 reverenda
1623 617 1853 652 Gommissarii

456 663 500 695 ad
514 662 727 704 infrascripta
743 662 931 703 specialiter
943 662 1108 703 deputati,
1120 662 1360 703 obedienciam,
1375 664 1687 696 etc—Mandatum
1698 665 1852 695 vestrum

456 707 678 738 reverendum
706 706 896 747 penultimo
922 706 977 737 die
1003 706 1127 738 mensis
1149 707 1313 746 Januarii,
1339 708 1439 738 Anno
1462 707 1601 740 Domini
1623 706 1850 748 infrascripto,

456 751 654 792 recepimus,
685 753 837 782 tenorem
869 750 1046 782 continens
1076 750 1556 792 subsequentem-Thomas,
1589 752 1851 784 etc—Vacante

458 794 661 827 Monasterio
687 794 919 835 Tavystochie,
943 797 1022 834 etc„
1043 804 1102 835 per
1128 797 1273 826 mortem
1297 795 1446 836 Dompni
1469 795 1635 837 Stephani
1657 796 1700 827 de
1723 795 1850 835 Lange·

456 839 552 879 done,
574 838 688 870 ultimi
704 837 847 869 Abbatis
870 838 1034 878 ejusdem,
1051 841 1086 869 et
1103 838 1252 879 demum,
1271 841 1348 880 post
1371 838 1560 871 Licenciam
1583 839 1722 880 Regiam
1738 839 1773 870 in
1789 838 1852 870 hac

457 886 553 924 parte
568 882 719 914 habitam
736 882 778 913 de
794 881 946 922 eligendo
963 882 1120 913 futurum
1139 882 1315 922 Abbatem,
1334 883 1430 914 Prior
1445 885 1481 914 et
1497 882 1739 915 Commonachi
1760 881 1851 924 ejus-

456 927 534 958 dem
562 925 758 958 Monasterii
785 926 955 966 quendam
986 925 1151 957 'rhomam
1183 926 1359 968 Cullynge‚
1385 926 1536 968 ipsorum
1568 927 1785 959 Confratrem
1814 925 1850 958 in

455 971 573 1002 eodem
602 969 815 1009 Monasterio,
840 970 1001 1002 Ordinem
1025 972 1061 1001 et
1086 970 1247 1011 Regulam
1271 970 1386 1003 Sancti
1410 970 1586 1003 Benedicti
1608 971 1712 1002 tacite
1733 973 1769 1002 st
1791 980 1849 1002 ex-

455 1025 568 1056 presse
585 1013 782 1055 professum‚
808 1024 866 1054 per
890 1013 977 1044 viam
1002 1014 1233 1054 compromissi
1250 1017 1285 1045 et
1302 1014 1479 1055 Canonice,
1496 1017 1538 1046 ut
1553 1014 1726 1053 asseritur,
1744 1014 1851 1055 elege-

458 1061 550 1098 runt,
567 1061 603 1089 et
618 1060 721 1099 prout
736 1057 770 1088 in
789 1057 931 1089 Decreto
947 1057 1026 1088 inde
1042 1057 1132 1089 facto
1155 1056 1281 1089 dicitur
1303 1058 1437 1099 plenius
1460 1058 1648 1098 contineri3
1671 1069 1733 1099 pro
1755 1060 1851 1100 parte

454 1102 553 1144 cujus
570 1101 678 1133 Eleeti
695 1101 791 1132 nobis
807 1101 924 1133 extitit
940 1101 1169 1142 supplicatum
1192 1104 1234 1133 ut
1255 1102 1299 1133 ad
1323 1102 1624 1135 Confirmacionem
1647 1101 1849 1144 hujusmodi

455 1146 632 1188 procedere
659 1155 861 1176 curaremus.
909 1145 981 1184 Set,
1006 1155 1049 1176 ne
1075 1155 1134 1186 per
1158 1145 1369 1186 repentinam
1394 1145 1707 1186 Oonfirmacionem,
1732 1148 1851 1178 contra

453 1190 642 1222 doctrinam
659 1189 824 1230 Apostoli,
843 1189 960 1220 Electo
976 1188 1175 1230 hujusmodi
1196 1199 1317 1221 manus
1339 1200 1506 1231 apponere
1522 1190 1707 1230 videamur,
1720 1189 1853 1222 dilectis

454 1234 541 1274 filiis,
565 1233 706 1266 Officiali
730 1233 965 1272 Archidiaconi
987 1233 1096 1264 nostri
1118 1233 1278 1265 Tottonie
1292 1236 1337 1278 et
1360 1234 1498 1265 Decano
1520 1232 1755 1276 Tavystochie,
1772 1244 1849 1265 con-

453 1278 601 1319 junctim
617 1280 652 1308 et
667 1276 811 1315 divisim,
828 1277 984 1308 dedimus
1000 1276 1035 1307 in
1052 1277 1222 1308 mandatis
1238 1277 1280 1308 de
1295 1277 1460 1317 faciendo,
1477 1281 1518 1309 ut
1533 1281 1586 1309 est
1602 1278 1704 1310 moris
1726 1278 1762 1309 in
1774 1277 1850 1310 tali-

454 1323 528 1360 bus,
546 1321 581 1352 in
598 1320 746 1352 Ecclesia
762 1321 957 1352 Monasterii
974 1320 1116 1361 predicti
1142 1320 1445 1362 proclamacionem
1468 1321 1639 1363 publicam
1656 1324 1691 1353 et
1706 1321 1850 1363 solemp-

454 1376 544 1404 nem,
563 1365 654 1396 intra
669 1364 849 1396 Missarum
873 1364 1069 1405 solempnia,
1097 1367 1146 1405 ut,
1171 1365 1199 1396 si
1223 1365 1282 1405 qui
1304 1365 1413 1397 velint
1427 1367 1464 1397 et
1482 1366 1616 1397 valeant
1631 1376 1667 1397 se
1682 1375 1851 1407 opponere

453 1413 570 1441 contra
586 1408 795 1440 Eleccionem
812 1408 920 1449 ipsam
937 1418 994 1439 seu
1013 1418 1189 1449 personam
1212 1408 1331 1447 E1ecti,
1352 1409 1577 1450 peremptorie
1592 1411 1628 1441 et
1644 1409 1850 1441 sufficienter

454 1455 670 1494 compareant
685 1461 797 1483 coram
813 1452 916 1492 vobis,
933 1451 969 1483 in
988 1452 1133 1484 Ecclesia
1148 1455 1265 1484 nostra
1281 1452 1465 1484 Exoniensi
1481 1453 1643 1494 predicta,
1660 1453 1715 1485 die
1730 1453 1852 1486 Martis

391 1499 393 1502 ’
457 1497 611 1539 proximo
628 1499 705 1537 post
722 1495 862 1527 Festum
880 1495 1127 1527 Purificacionis
1144 1496 1247 1528 Beate
1271 1496 1376 1528 Marie
1398 1497 1552 1538 proximo
1567 1507 1659 1529 nunc-
1674 1497 1847 1537 futurum,

454 1540 681 1583 opposiciones
697 1550 775 1571 suas
791 1539 990 1581 hujusmodi
1004 1539 1040 1571 in
1056 1540 1165 1571 forma
1179 1540 1266 1581 juris
1281 1540 1496 1582 proposituri,
1510 1543 1546 1572 et
1561 1551 1615 1572 eas
1630 1540 1853 1573 effectualiter

453 1584 674 1627 prosecuturi,
692 1583 903 1624 ulteriusque
920 1584 1043 1615 facturi
1059 1586 1095 1615 et
1110 1584 1289 1625 recepturi,
1306 1594 1384 1616 cum
1400 1584 1657 1617 continuacione
1679 1588 1716 1617 et
1737 1595 1849 1626 proro-

453 1629 590 1671 gacione
603 1628 755 1659 locorum
772 1630 807 1659 et
822 1628 955 1659 dierum
978 1630 1063 1659 tunc
1085 1628 1315 1669 sequencium,
1333 1628 1424 1669 quod
1446 1628 1627 1661 dictaverit
1648 1629 1731 1661 ordo
1752 1628 1849 1671 juris.

455 1674 508 1705 Ad
524 1672 763 1713 recipiendum,
781 1671 896 1712 igitur,
909 1671 1192 1704 Certificatorium
1207 1672 1480 1712 proclamacionis
1492 1672 1651 1713 predicte,
1664 1674 1700 1704 et
1711 1672 1850 1704 audien-

456 1717 550 1755 dum,
574 1715 674 1748 dictis
697 1715 752 1746 die
775 1718 811 1746 et
832 1715 913 1755 loco,
939 1714 1138 1757 hujusmodi
1160 1718 1378 1757 opponentes,
1401 1715 1430 1747 si
1452 1716 1512 1757 qui
1527 1716 1658 1748 fuerint
1680 1718 1715 1748 et
1737 1726 1850 1749 coram

455 1761 550 1792 vobis
579 1759 838 1801 comparuerint,
866 1758 1015 1800 ipsisque
1042 1762 1078 1790 et
1104 1759 1222 1791 Electo
1245 1759 1396 1800 predicto
1425 1759 1532 1800 ipsam
1560 1759 1650 1791 diem
1676 1770 1783 1802 usque
1805 1760 1850 1793 ad

454 1805 553 1836 aliam
569 1805 830 1844 competentem,
847 1805 949 1844 prout
973 1803 1130 1843 expedire
1152 1802 1315 1842 videritis,
1332 1802 1602 1835 continuandum
1618 1805 1654 1835 et
1670 1814 1849 1846 prorogan-

454 1849 568 1886 dum;
602 1850 646 1886 et,
672 1847 707 1878 in
734 1857 812 1878 casu
840 1856 908 1887 quo
931 1846 1017 1878 nulli
1045 1846 1253 1887 oppositores
1280 1846 1480 1888 hujusmodi
1507 1847 1768 1889 comparuerint,
1793 1847 1849 1880 vel

454 1891 555 1924 nichil
573 1894 689 1922 contra
704 1890 849 1921 formam
865 1890 1014 1931 predicte
1030 1890 1216 1921 Eleccionis
1238 1893 1299 1922 aut
1321 1900 1498 1932 personam
1514 1890 1623 1923 Electi
1638 1891 1848 1932 propositum

453 1935 559 1968 fuerit
575 1944 686 1966 coram
709 1934 812 1974 vobis,
837 1933 884 1965 eis
907 1933 996 1965 viam
1020 1934 1202 1975 quicquam
1225 1934 1434 1975 proponendi
1456 1934 1499 1966 de
1521 1937 1632 1966 cetero
1648 1934 1848 1976 precluden-

454 1981 539 2012 dum
555 1990 564 2018 ;
587 1978 691 2016 vobis,
709 1977 919 2018 conjunctim
935 1980 970 2008 et
985 1977 1130 2018 divisim,
1143 1978 1185 2009 de
1196 1988 1341 2019 quorum
1353 1978 1663 2019 circumspeccionis
1677 1978 1849 2012 industria

455 2023 590 2065 plenam
619 2022 656 2053 in
686 2021 832 2053 Domino
863 2021 1022 2053 fiduciam
1052 2021 1210 2062 gerimus,
1242 2021 1491 2054 committimus
1521 2022 1610 2054 vices
1639 2025 1783 2063 nostras,
1813 2025 1850 2055 et

454 2071 570 2099 tenore
587 2065 802 2097 Presencium
819 2065 1002 2106 plenariam
1025 2068 1242 2106 potestatem.
1289 2065 1336 2097 Et
1358 2066 1442 2107 quid
1466 2065 1613 2098 feceritis
1627 2066 1664 2098 in
1680 2066 1851 2108 premissis

452 2122 513 2143 nos
541 2110 700 2142 distincte
727 2111 763 2140 et
788 2111 914 2150 aperte,
943 2119 1002 2150 per
1029 2109 1158 2141 Literas
1182 2111 1320 2149 vestras,
1350 2109 1393 2141 ad
1418 2109 1508 2141 diem
1537 2110 1633 2142 Lune
1662 2110 1850 2151 proximam

453 2157 530 2197 post
554 2154 694 2185 Festum
718 2152 871 2193 [Sancte]
894 2153 1083 2193 Scolastice,
1107 2153 1265 2194 Virginis,
1289 2153 1443 2195 proximo
1466 2163 1558 2185 nunc
1585 2153 1755 2194 futurum,
1778 2164 1848 2186 una

452 2209 531 2232 cum
561 2196 804 2229 Certificatorio
832 2196 1105 2238 proclamacionis
1135 2197 1294 2238 predicte,
1319 2199 1355 2229 et
1377 2196 1578 2239 objectibus,
1601 2197 1630 2229 si
1651 2197 1712 2239 qui
1737 2207 1850 2230 coram

454 2242 557 2281 vobis,
585 2243 702 2273 contra
728 2240 873 2272 formam
903 2240 1033 2281 prefate
1065 2240 1250 2272 Eleccionis
1279 2251 1318 2272 ac
1347 2250 1522 2282 personam
1550 2240 1660 2272 Electi
1685 2241 1849 2283 propositi

451 2285 590 2326 fuerint,
614 2284 679 2316 sub
702 2284 810 2326 sigillo
833 2284 971 2324 clausas,
995 2284 1048 2316 vel
1072 2284 1235 2317 certificet
1256 2284 1313 2316 ille
1328 2287 1480 2316 vestrum
1501 2294 1560 2324 per
1582 2294 1659 2316 suas
1681 2287 1846 2326 patentes,

452 2330 574 2362 harum
601 2328 720 2360 seriem
751 2327 973 2367 continentes,
1006 2328 1066 2370 qui
1096 2338 1231 2369 presens
1263 2328 1467 2360 Mandatum
1496 2327 1601 2359 fuerit
1631 2331 1849 2362 executus.—

451 2374 580 2406 Datum
596 2372 631 2403 in
648 2371 807 2412 Hospicio
830 2374 946 2403 nostro
970 2372 1204 2411 Londoniensi,
1221 2370 1320 2403 xxvt·o
1342 2370 1397 2402 die
1417 2371 1542 2403 mensis
1564 2371 1728 2411 Januarii,
1743 2372 1846 2405 Anno

452 2416 590 2450 Domini
602 2416 663 2448 Μ’).
678 2415 809 2448 0001110
825 2415 931 2456 lxxxo,
948 2418 983 2447 et
995 2415 1263 2448 Consecracionis
1277 2417 1391 2447 nostre
1406 2414 1726 2448 undecima—Post
1737 2416 1847 2458 eu'us‚

450 2461 598 2503 quidem,
614 2459 840 2500 recepcionem
864 2459 1018 2491 Mandati
1041 2459 1170 2491 Literas
1191 2458 1440 2491 certificatorias
1463 2458 1589 2490 Decani
1610 2459 1778 2500 Tavystoc
1801 2460 1844 2500 ie,

450 2507 560 2537 vestre
588 2503 746 2542 Diocesis,
774 2503 874 2534 verba
903 2503 1090 2544 sequencia,
1119 2513 1226 2544 usque
1255 2503 1299 2534 ad
1325 2502 1441 2533 datam
1466 2501 1648 2534 earundem
1674 2502 1846 2545 inclusive,

451 2548 639 2590 recepimus
676 2546 1208 2585 eontinentes,—-Venerabilibus‚
1240 2549 1315 2584 etc„
1349 2545 1595 2578 Commissariis
1625 2545 1847 2589 infrascriptis

451 2593 605 2625 Decanus
625 2589 857 2631 Tavystochie,
874 2589 1072 2622 Exoniensis
1095 2589 1250 2630 Diocesis,
1275 2589 1512 2628 obedienciam,
1527 2589 1762 2630 reverenciam,
1779 2594 1842 2624 etc.

452 2636 581 2668 Literas
603 2634 758 2676 ejusdem
780 2634 968 2665 Reverendi
993 2634 1102 2665 Patris
1128 2632 1317 2675 penultimo
1340 2632 1394 2664 die
1417 2632 1541 2664 mensis
1564 2633 1727 2673 Januarii,
1747 2635 1845 2667 Anno

451 2676 589 2711 Domini
611 2677 833 2718 infrascripto,
858 2680 1009 2708 tenorem
1041 2677 1220 2709 verborum
1248 2676 1308 2718 qui
1335 2676 1491 2717 sequitur
1520 2686 1579 2716 per
1601 2676 1713 2708 omnia
1735 2678 1846 2720 recepi

449 2721 870 2760 continentes,—Thomas,
884 2723 956 2761 etc„
971 2720 1111 2752 Officiali
1127 2719 1360 2752 Archidiaconi
1375 2719 1483 2751 nostri
1494 2719 1653 2752 Tottonie
1661 2730 1699 2752 ac
1711 2721 1846 2754 Decano

450 2767 641 2798 Decanatus
656 2764 886 2805 Tavystochie,
903 2764 1161 2797 etc—Vacante
1183 2774 1291 2804 nuper
1306 2762 1508 2795 Monasterio
1524 2762 1756 2805 Tavystochie,
1769 2767 1846 2806 eto„

450 2820 510 2851 per
542 2811 687 2840 mortem
718 2808 867 2848 Dompni
898 2807 1062 2849 Stephani
1098 2806 1332 2848 Langhedone,
1362 2806 1478 2838 ultimi
1506 2806 1650 2838 Abbatis
1679 2807 1845 2849 ejusdem,

449 2853 622 2928 Ἇῗῗέιῖὲῗ
631 2849 1448 2935 {¹1¹ngazsse‘ssffzssfssssffiizffffizssssffi
1458 2850 1844 2934 Ξῗὲἒέἓὲῗιὲἶὲξθῧῗὲἓ

1163 2917 1170 2934 2

299 2935 350 2962 fol.
453 2938 640 2980 Capitulari
656 2938 797 2978 predicti
812 2938 1019 2978 Monasterii,
1036 2938 1090 2970 die
1112 2937 1156 2970 ad
1172 2937 1382 2969 mencionem
1397 2936 1596 2978 hujusmodi
1611 2937 1844 2972 celebrandam

299 2968 362 2998 ωδ·
451 2983 629 3027 assignata,
646 2982 759 3013 Priore
775 2984 810 3014 et
825 2981 982 3015 omnibus
1005 2981 1178 3015 Monachis
1199 2981 1305 3025 ipsius
1328 2980 1524 3013 Monasterii
1545 2980 1606 3024 qui
1621 2980 1731 3014 eidem
1748 2981 1843 3016 Elec-
