1988 3256
304 364 398 409 524
515 378 615 411 THE
651 377 892 413 anemium
927 377 986 412 or
1027 376 1206 413 BISHOP
1242 376 1645 414 BRANTYNGHAM.

301 479 375 523 AJD-
460 483 680 516 Libertatum
703 487 821 516 nostre
840 485 1060 517 Cathedralis
1085 486 1250 525 Ecclesie,
1271 484 1356 527 (eta,
1380 486 1419 516 in
1443 486 1496 516 the
1520 495 1670 516 common
1687 485 1787 523 form,
1811 486 1850 514 ut

301 515 408 575 bffj·
458 527 601 568 snpra);
626 530 734 568 vobis,
760 530 802 561 de
826 541 973 570 quorum
998 531 1315 572 circumspeccione
1339 534 1375 562 et
1399 529 1574 561 industria
1596 529 1787 570 plurimum
1811 528 1848 559 in

457 573 607 604 Domino
623 574 841 613 confidimus,
866 575 1017 613 divisim,
1035 575 1128 606 vices
1151 578 1291 606 nostras
1315 574 1570 606 committimus
1593 577 1629 605 et
1652 573 1847 614 plenariam

456 620 691 657 potestatem3
716 619 943 650 Presentibus
967 620 1011 650 ad
1031 622 1190 650 nostrum
1207 619 1466 660 beneplacitum
1483 618 1730 650 tantummodo
1745 617 1847 648 dura-

456 662 718 694 turis.—Dated
734 666 771 694 at
789 663 899 704 Clyst,
916 664 959 694 29
983 664 1114 695 March.

410 727 629 778 Plympton
663 728 833 779 Priory3
871 729 937 766 Ad
966 728 1192 778 eliyendum
1227 729 1506 778 Confixssorem,
1537 734 1571 766 et
1596 727 1848 766 audiendum

464 781 735 831 Confessiones
753 796 1090 832 quorumcumque
1109 783 1368 829 subditorum,
1390 789 1468 825 etc.¹

410 837 513 875 Item,
539 837 680 876 ibidem,
708 838 830 869 eodem
863 838 928 877 die,
962 839 1086 869 Frater
1114 839 1293 870 Johannes
1326 839 1510 876 Shaldone,
1535 837 1637 869 Prior
1666 836 1847 869 Prioratus

455 882 688 922 Plymptonie,
706 883 918 913 Patronatus
934 885 970 913 et
987 882 1143 914 Diocesis
1160 883 1311 921 Domini,
1329 883 1453 914 habuit
1470 883 1624 913 Literam
1644 882 1693 913 ‘ad
1715 881 1845 922 eligen-

454 926 538 956 dum
555 926 621 957 sibi
639 926 895 965 Confessorem,
908 930 944 958 et
960 927 1173 958 audiendum
1191 927 1437 959 Confessiones
1452 937 1750 967 quorumcumque
1766 925 1845 957 sub-

456 970 611 1001 ditorum
644 971 795 1010 Domini,
827 974 904 1010 etc.,
937 982 1000 1012 per
1031 972 1149 1003 omnia
1181 972 1245 1003 sub
1276 972 1399 1003 eadem
1430 971 1546 1002 forma
1576 981 1645 1012 qua
1675 970 1846 1011 Magister

455 1015 612 1054 Rogerus
630 1016 864 1055 Beaumonde,
883 1017 1012 1047 Rector
1028 1016 1182 1047 Ecclesie
1201 1017 1416 1048 Parochialis
1439 1016 1482 1047 de
1505 1015 1704 1056 Bydeforde
1721 1014 1846 1046 habuit

455 1060 611 1090 Literam
628 1070 738 1091 suam.

256 1124 259 1127 ’
298 1124 366 1184 ξξὲῐόὺ
410 1126 674 1164 Convocation
694 1139 702 1172 ;
734 1127 969 1164 Mandatum
1003 1128 1056 1164 aa!
1087 1127 1290 1164 levandum
1319 1126 1612 1175 procuraciones
1639 1126 1689 1164 N.
1717 1126 1845 1174 Bray-

462 1180 572 1217 broke
591 1184 626 1217 et
650 1181 692 1217 T.
715 1181 896 1226 Bao-cone,
919 1182 1220 1218 l’rovmncarum
1236 1181 1343 1219 Cleri
1360 1181 1527 1218 Dioceszs
1549 1180 1842 1225 Exoezimsia—

410 1235 572 1273 Thomas,
600 1238 676 1274 etc.,
703 1236 1039 1267 Archidiaconorum
1065 1239 1265 1267 nostrorum
1290 1235 1432 1274 Exonie,
1457 1235 1630 1274 Tottonie‚
1656 1235 1842 1266 Barnasta-

453 1280 554 1320 polie,
572 1282 608 1310 et
625 1280 799 1311 Cornubie
824 1280 1047 1318 officialibus,
1073 1281 1234 1319 salutem,
1258 1279 1459 1311 etc.—-Cum
1480 1290 1593 1320 nuper
1607 1282 1704 1310 totus
1721 1279 1844 1310 Clerus

453 1326 653 1355 nostrarum
671 1324 835 1355 Civitatis
858 1327 894 1356 et
919 1325 1074 1356 Diocesis
1099 1325 1241 1363 Exonie,
1266 1325 1308 1355 de
1332 1324 1510 1355 communi
1526 1326 1562 1355 et
1577 1323 1736 1354 unanimi
1759 1323 1843 1354 deli·

453 1368 646 1407 beracione,
670 1369 825 1407 consilio,
850 1371 886 1400 et
909 1379 1055 1400 assensu
1081 1369 1240 1410 ejusdem
1273 1369 1375 1407 Cleri,
1400 1368 1610 1408 Magistrum
1634 1368 1842 1399 Nicholaum

401 1443 405 1447 ,
454 1413 667 1453 Braybroke,
682 1413 897 1444 Canonicum
911 1413 1065 1444 Ecclesie
1076 1416 1195 1445 nostre
1213 1413 1434 1444 Cathedralis
1450 1413 1593 1451 Exonie,
1605 1415 1642 1444 et
1653 1412 1843 1443 Dominum

454 1457 623 1488 Thomam
642 1458 804 1496 Bartone,
823 1458 1008 1489 Rectorem
1026 1458 1180 1489 Ecelesie
1197 1457 1411 1489 Parochialis
1421 1458 1464 1488 de
1481 1457 1749 1498 Ilfredycombe,
1761 1457 1842 1488 Pro-

453 1504 632 1533 curatores
658 1512 738 1533 suos
763 1502 807 1533 ad
831 1502 1104 1543 comparendum
1128 1505 1164 1533 et
1187 1502 1479 1540 interessendum,
1511 1501 1652 1532 nomine
1683 1501 1843 1542 ejusdem

455 1546 556 1584 Cleri,
575 1557 645 1577 una
661 1557 741 1578 cum
760 1547 909 1577 Prelatis
926 1549 962 1578 et
979 1547 1112 1587 reliquo
1130 1545 1503 1578 CleroCantuariensis
1516 1545 1710 1584 Provincie,
1722 1555 1841 1576 coram

454 1591 667 1629 Reverendo,
684 1593 760 1629 etc,
779 1591 927 1622 Domino
944 1591 1117 1622 Willelmo
1139 1589 1200 1631 [de
1226 1589 1457 1631 Courtenay],
1475 1590 1538 1621 Dei
1555 1590 1675 1630 gracia
1691 1590 1842 1621 Cantua-

452 1635 558 1666 riensi
582 1635 864 1676 Archiepiscopo,
881 1638 958 1674 etc„
975 1635 1011 1665 in
1027 1634 1153 1666 ultima
1178 1634 1438 1666 Convocacione
1462 1635 1682 1666 Prelatorum
1698 1637 1734 1665 ct
1751 1634 1843 1665 Cleri

451 1679 543 1710 dicte
561 1679 825 1710 Cantuariensis
845 1680 1037 1718 Provincie,
1054 1680 1264 1711 auctoritate
1288 1679 1398 1720 ipsius
1422 1679 1616 1710 Reverendi
1640 1679 1677 1709 in
1702 1678 1842 1710 Christo

450 1724 576 1762 Patris,
593 1724 856 1764 Archiepiscopi
880 1724 1038 1764 predicti,
1062 1724 1099 1754 in
1124 1724 1279 1755 Ecclesia
1304 1724 1423 1755 Sancti
1447 1723 1546 1754 Pauli
1571 1722 1842 1762 Londoniamm,

450 1769 602 1799 secundo
619 1769 674 1800 die
691 1769 821 1799 mensis
839 1769 1041 1799 Decembris
1057 1769 1182 1799 ultimo
1198 1768 1357 1809 preteriti
1378 1768 1485 1806 facta,
1501 1778 1542 1799 ac
1558 1768 1603 1798 ad
1619 1767 1840 1798 consencien-

449 1813 533 1843 dum
551 1813 617 1843 hiis
634 1823 699 1853 que
717 1815 812 1851 tunc,
829 1813 970 1850 ibidem,
987 1813 1032 1843 ad
1055 1813 1247 1844 utilitatem
1273 1813 1426 1844 Ecclesie
1451 1812 1644 1853 Anglicane
1667 1814 1704 1842 et
1728 1811 1840 1851 Regni

448 1857 575 1896 Anglie
593 1868 655 1897 per
672 1858 829 1888 Prelatos
844 1860 880 1888 et
897 1857 1038 1888 Clerum
1055 1857 1212 1898 ejusdem
1231 1857 1411 1887 Provincie
1422 1856 1610 1896 contigerit
1621 1855 1843 1887 concorditer

449 1902 613 1940 ordinari,
631 1902 808 1939 fecissent,
826 1902 1057 1939 ordinassent,
1075 1901 1351 1939 constituissent,
1369 1903 1404 1932 et
1420 1901 1576 1941 legitime
1600 1901 1839 1941 deputassent.

450 1945 607 1986 Cumque
624 1946 730 1977 iidem
748 1946 938 1977 Nicholaus
958 1948 994 1977 et
1018 1946 1179 1983 Thomas,
1205 1946 1452 1976 Procuratores
1476 1945 1635 1986 predicti,
1651 1944 1689 1975 in
1705 1944 1838 1975 Convo-

449 1990 589 2021 cacione
613 1991 772 2030 predicta
795 1990 936 2021 nomine
962 1990 1074 2021 tocius
1099 1990 1191 2021 Cleri
1215 1992 1416 2020 nostrarum
1441 1989 1605 2021 Civitatis
1631 1991 1668 2020 et
1683 1988 1840 2020 Diocesis

448 2035 685 2074 predictarum
703 2038 738 2065 et
755 2045 818 2075 pro
834 2045 875 2065 eo
891 2034 1180 2075 comparuissent,
1198 2037 1234 2065 et
1250 2034 1286 2064 in
1303 2034 1426 2065 eadem
1443 2034 1488 2064 ad
1504 2033 1695 2064 utilitatem
1720 2033 1837 2064 Eccle-

449 2079 498 2109 sie
515 2079 708 2118 Anglicane
725 2081 761 2110 et
779 2079 891 2119 Regni
907 2079 1034 2119 Anglie
1051 2089 1114 2119 per
1129 2089 1199 2109 non
1216 2079 1353 2109 modica
1369 2081 1529 2118 tempora
1551 2088 1614 2118 pro
1630 2077 1763 2108 viribus
1786 2077 1837 2108 in-

449 2123 624 2154 stitissent
641 2123 826 2161 indefesse,
845 2123 909 2154 sub
925 2123 1091 2162 gravibus
1107 2133 1227 2154 eorum
1244 2123 1431 2160 laboribus,
1446 2122 1654 2163 sumptibus,
1665 2124 1701 2152 et
1710 2131 1837 2162 expen-

449 2167 496 2198 sis
511 2182 518 2205 ;
541 2167 736 2208 fuissetque
754 2170 789 2198 et
806 2168 852 2198 sit
867 2178 909 2198 ex
926 2169 1025 2207 parte
1041 2167 1231 2198 eorundem
1248 2167 1348 2197 nobis
1364 2166 1561 2207 expositum
1572 2166 1664 2207 quod
1677 2165 1762 2206 ipsis
1774 2176 1838 2206 pro

448 2212 650 2253 hujusmodi
667 2212 854 2250 laboribus,
879 2212 1088 2252 sumptibus,
1112 2214 1147 2242 et
1171 2211 1332 2251 expensis
1357 2211 1429 2242 suis
1453 2211 1654 2242 nullatenus
1670 2210 1836 2241 extiterat

448 2256 690 2294 satisfactum3
715 2266 820 2296 super
836 2256 961 2297 quibus
978 2256 1020 2287 de
1037 2259 1210 2296 oportuno
1233 2256 1412 2296 petierunt
1436 2255 1486 2286 eis
1509 2265 1572 2296 per
1595 2265 1658 2286 nos
1681 2254 1836 2286 remedio

447 2300 621 2340 provideri
634 2315 641 2339 3
666 2311 739 2339 nos,
756 2301 875 2341 igitur,
893 2300 1117 2331 attendentes
1132 2300 1202 2341 juri
1213 2303 1274 2330 aut
1284 2300 1416 2331 racioni
1427 2309 1619 2331 consonum
1632 2309 1701 2330 non
1717 2300 1838 2330 extare

447 2345 538 2385 quod
562 2345 639 2385 quis
663 2345 855 2385 dampnum
880 2345 1014 2375 senciat
1038 2345 1130 2375 unde
1154 2345 1283 2375 meruit
1307 2344 1482 2385 premiari,
1506 2346 1568 2374 aut
1593 2343 1685 2384 quod
1709 2343 1835 2374 debeat

447 2389 524 2429 quis
541 2389 726 2429 stipendiis
742 2389 892 2430 propriis
909 2389 1080 2427 militare3
1105 2389 1140 2419 in
1158 2388 1522 2428 recompensacionem
1539 2387 1735 2428 aliqualem,
1752 2387 1835 2419 licet

449 2434 624 2474 pusillam,
642 2444 783 2464 suorum
802 2433 1003 2474 hujusmodi
1023 2439 1228 2473 sumptuum
1253 2435 1288 2464 et
1311 2433 1480 2471 laborum,
1504 2435 1540 2463 et
1563 2432 1592 2463 si
1617 2432 1757 2463 Clerum
1774 2441 1833 2462 no-

447 2478 600 2508 verimus
617 2478 763 2509 diversis
779 2478 1042 2517 gravaminibus
1058 2478 1136 2518 plus
1153 2477 1255 2508 solito
1271 2487 1364 2508 nunc
1381 2477 1470 2508 affici
1487 2480 1522 2507 et
1538 2476 1696 2517 jacturis,
1712 2485 1832 2507 eorum

446 2522 621 2562 peticioni,
638 2522 780 2563 justicia
803 2522 932 2562 previa,
957 2522 1120 2552 duximus
1144 2521 1379 2552 annuendum.
1443 2521 1612 2560 Quocirca
1626 2520 1725 2551 vobis
1741 2530 1832 2551 com-

447 2567 622 2597 mittimus
638 2569 674 2597 et
691 2567 910 2605 mandamus,
928 2566 964 2596 in
981 2566 1112 2597 virtute
1130 2566 1339 2596 Obediencie
1364 2565 1464 2596 nobis
1487 2565 1633 2605 prestite
1649 2575 1690 2596 ac
1705 2564 1832 2605 jurate,

445 2613 481 2641 et
498 2611 562 2641 sub
580 2610 964 2641 Excommunicacionis
980 2621 1071 2650 pena
1094 2610 1242 2640 firmiter
1265 2610 1500 2651 injungentes,
1523 2609 1690 2649 quatinus
1712 2618 1774 2639 vos
1797 2611 1834 2640 et

446 2655 574 2694 singuli
591 2657 759 2693 vestrum,
777 2658 949 2695 quatenus
965 2655 1009 2685 ad
1026 2664 1087 2685 vos
1104 2653 1242 2684 divisim
1264 2654 1403 2692 attinet,
1420 2653 1576 2693 legitime
1599 2652 1773 2684 moneatis
1795 2654 1832 2684 et

446 2699 634 2730 efficaciter
656 2699 832 2730 inducatis
863 2709 984 2729 omnes
1007 2701 1043 2729 et
1067 2698 1223 2737 singulos
1246 2698 1282 2728 in
1306 2697 1658 2729 Archidiaconatibus
1689 2696 1830 2735 Exonie,

446 2743 619 2780 Tottonie,
645 2743 919 2783 Barnastapolio,
944 2746 980 2774 et
1005 2743 1178 2773 Cornubie
1203 2742 1378 2773 Beneficia
1409 2741 1656 2773 Ecclesiastica
1686 2740 1831 2772 ubilibet

446 2787 656 2827 optinentes,
673 2788 783 2818 eciam
808 2787 836 2818 si
860 2787 902 2818 de
926 2787 1056 2817 nostris
1080 2786 1317 2817 Peculiaribus
1340 2785 1652 2817 Jurisdiccionibus
1667 2785 1831 2823 existant,

445 2842 530 2871 quos
547 2842 609 2862 nos
626 2834 746 2862 tenore
760 2831 983 2862 Preseneium
995 2831 1204 2871 requirimus
1220 2833 1256 2861 et
1272 2840 1455 2861 monemus
1464 2830 1630 2870 quatinus
1639 2829 1829 2860 eorundem

445 2875 573 2915 singuli
590 2876 632 2906 de
650 2876 797 2915 singulis
813 2875 912 2906 libris
930 2875 1183 2906 Beneficiorum
1201 2884 1342 2905 suorum
1368 2874 1703 2912 Ecclesiasticorum,
1726 2874 1831 2914 prout

445 2922 480 2950 et
496 2923 669 2960 quatenus
685 2921 728 2950 ad
746 2920 926 2951 Decimam
949 2922 1031 2950 sunt
1047 2922 1176 2957 taxata,
1201 2919 1367 2959 predictis
1390 2917 1697 2959 procuracionibus
1719 2927 1829 2948 unum

444 2964 626 2995 denarium
644 2964 776 2995 usualis
792 2967 942 3002 monete,
960 2963 1049 2995 citra
1074 2963 1216 2994 Festum
1242 2963 1467 2994 Pentecostes
1486 2962 1643 3003 proximo
1658 2972 1752 2994 nunc
1774 2961 1829 2993 fu-
