1988 3256
389 399 680 434 REGISTRUM
726 395 1183 433 communic—Asso
1211 387 1306 433 15⁰.
1537 387 1631 430 553

84 499 160 561 1⁶53
242 503 383 538 Christo
398 507 435 538 et
451 505 538 548 Ejus
554 506 680 545 Matre,
695 505 842 547 Virgine
859 504 1029 543 Gloriosa,
1045 513 1126 535 cum
1148 503 1311 544 Ipsorum
1327 502 1575 534 benediccione
1598 503 1636 534 et

84 555 194 596 vol-'¹'
241 551 363 582 nostra
371 550 567 592 l—Scripta
581 551 618 582 in
635 550 792 583 Manerio
807 551 928 582 nostro
945 549 988 581 de
1006 549 1167 590 Horsley‚
1183 548 1231 590 vij
1249 548 1305 579 die
1322 546 1486 588 Augusti.

197 606 356 646 Letters
376 608 669 660 Dimissory,—

196 663 320 705 Henry
337 663 513 703 Collonde,
531 665 686 703 accolite‚
705 663 778 696 “ad
793 674 916 696 omnes
933 663 1058 695 Sacros
1074 661 1250 695 Ordines’'
1271 659 1384 702 (same
1402 660 1514 702 date).

195 716 254 755 St.
276 717 732 770 Stephen's-by-Saltash
746 732 757 766 3
796 718 1042 757 Mandatum
1062 731 1140 767 pro
1158 716 1355 754 Pensione
1375 729 1519 753 annua
1537 715 1636 753 dua-

247 785 343 810 rum
361 786 602 820 marcamhm,
623 773 794 811 levanda
812 773 858 811 de
877 771 1053 811 Ecclesia
1071 772 1118 810 de
1137 770 1400 817 salmam,—

198 826 359 867 Thomas,
385 831 462 867 etc.‚
490 829 631 860 Decano
652 829 695 860 de
723 829 798 867 Est,
826 839 868 860 ac
891 828 1034 860 Curatis
1057 827 1294 859 Ecclesiamm
1317 826 1575 858 Parochialium
1593 826 1636 858 de

243 873 421 914 Landelpe
439 871 662 914 [Landulph]
681 875 718 904 et
733 873 893 905 Lanrake
903 887 912 912 ;
935 883 1082 911 necnon,
1098 871 1253 903 Johanni
1269 871 1374 910 Rede,
1392 871 1527 910 clerico,
1546 871 1635 902 salu-

243 922 326 956 tem,
352 917 556 950 etc—Cum
583 918 734 959 quedam
759 918 886 949 Pensio
913 927 1031 949 annua
1062 917 1211 948 duarum
1238 926 1436 947 marcarum
1463 915 1565 947 nobis
1592 915 1636 946 ab

245 962 402 994 Ecclesia
429 962 625 994 Parochiali
653 962 774 994 Sancti
802 962 972 1003 Stephani
995 962 1097 1004 juxta
1123 960 1336 1002 Saltaysshe,
1367 970 1389 991 a
1416 960 1569 991 Custode
1600 962 1636 991 et

245 1006 432 1039 Canonicis
449 1006 596 1048 Collegii
620 1007 744 1038 Libere
761 1006 902 1048 Capelle
919 1007 1028 1046 Regie
1044 1006 1087 1037 de
1103 1006 1330 1046 Wyndesore,
1346 1005 1494 1036 eandem
1519 1004 1636 1036 Eccle-

246 1050 344 1090 siam,
362 1061 443 1083 cum
459 1052 532 1083 suis
546 1051 685 1093 juribus
700 1053 737 1083 et
752 1051 982 1092 pertinenciis
998 1050 1183 1089 universis,
1208 1050 1305 1081 salva
1321 1049 1490 1081 Porcione
1505 1049 1637 1080 Vicarii

246 1096 413 1136 Perpetui
444 1095 481 1126 in
518 1096 652 1135 eadem,
687 1095 774 1136 ipsis
810 1098 847 1127 et
885 1096 979 1127 dicte
1017 1095 1141 1127 Libere
1181 1094 1321 1135 Capelle
1360 1094 1469 1134 Regie
1499 1093 1637 1125 unitam

244 1142 281 1171 et
319 1150 502 1180 annexam,
540 1140 578 1171 in
615 1141 776 1181 proprios
812 1150 898 1172 usus
934 1142 1106 1181 perpetuo
1143 1139 1390 1180 possidendam
1425 1148 1636 1177 concessam,

245 1184 497 1225 optinentibus,
522 1185 624 1216 annis
648 1185 797 1226 singulis
819 1185 1060 1225 persolvenda,
1077 1195 1119 1216 ex
1142 1184 1370 1224 imposicione
1388 1183 1564 1214 Canonica
1580 1183 1637 1214 de-

244 1229 391 1267 beatur;
407 1228 610 1270 fuerintque
627 1230 851 1262 Precessores
867 1231 903 1261 et
918 1229 1187 1260 Predecessores
1202 1228 1325 1267 nostri,
1338 1227 1500 1268 Episcopi
1511 1227 1637 1258 Exoni-

244 1283 347 1305 enses
374 1274 434 1314 qui
458 1284 522 1314 pro
544 1277 704 1314 tempore
729 1276 841 1312 erant,
862 1274 1081 1314 temporibus
1100 1273 1173 1305 suis
1197 1272 1412 1311 successivis,
1438 1282 1459 1303 a
1480 1274 1638 1312 tempore

244 1318 395 1349 Unionis
420 1320 456 1349 et
481 1318 792 1359 Appropriacionis
819 1318 978 1360 ejusdem
1006 1318 1170 1356 Ecclesie,
1194 1327 1326 1358 nosque
1342 1319 1500 1357 tempore
1516 1318 1638 1348 nostro

245 1362 467 1394 extiterimus
491 1363 529 1393 in
559 1363 789 1403 possessione,
818 1373 880 1394 seu
910 1362 1020 1404 quasi,
1051 1362 1140 1404 juris
1171 1361 1387 1402 percipiendi
1418 1363 1454 1393 et
1483 1361 1638 1392 habendi

245 1417 399 1438 annuam
425 1407 634 1439 Pensionem
659 1407 865 1448 predictam,
892 1417 1002 1448 usque
1027 1407 1072 1438 ad
1095 1406 1374 1438 subtraccionem
1392 1406 1637 1446 subscriptam,

246 1451 389 1491 pacifice
399 1453 436 1483 et
451 1451 585 1492 quiete3
598 1452 715 1491 iidem,
726 1454 856 1491 tamen,
869 1451 996 1483 Custos
1006 1453 1042 1482 et
1053 1450 1230 1489 Canonici,
1243 1450 1466 1491 proprietarii
1478 1450 1637 1490 predicti,

246 1495 377 1527 dictam
393 1505 548 1527 annuam
571 1496 792 1535 Pensionem,
809 1496 869 1535 sic,
882 1498 922 1527 ut
939 1495 1169 1537 premittitur,
1186 1495 1286 1526 nobis
1302 1495 1467 1534 debitam,
1483 1495 1521 1526 in
1537 1494 1638 1535 cujus

246 1539 465 1580 possessione
496 1550 645 1580 eramus,
677 1543 719 1572 ut
749 1540 937 1582 prefertur,
968 1550 1032 1581 per
1061 1540 1249 1571 nonnullos
1283 1549 1395 1570 annos
1430 1539 1638 1571 retrofluxos

246 1584 497 1616 subtraxerunt
520 1587 654 1617 temere
674 1587 711 1617 et
726 1585 877 1626 injuste;
900 1585 1010 1624 vobis,
1026 1585 1146 1624 igitur,
1170 1584 1405 1615 communiter
1427 1585 1464 1615 et
1486 1583 1637 1622 divisim,

245 1630 323 1667 etc.,
335 1629 589 1661 committimus
599 1631 636 1661 et
648 1630 858 1661 mandamus
873 1630 1039 1670 quat-inus
1052 1629 1164 1660 dictos
1176 1628 1366 1660 Custodem
1382 1631 1418 1660 et
1433 1628 1636 1667 Canonicos‚

245 1673 496 1713 proprietarios
511 1674 698 1714 predictos,
715 1676 777 1705 aut
794 1674 1060 1706 Procuratorem
1073 1673 1274 1712 eorundem,
1286 1673 1411 1713 primo,
1422 1672 1586 1711 secundo,
1600 1675 1637 1704 et

184 1734 193 1741 ,
245 1717 356 1749 tercio
371 1727 412 1749 ac
424 1718 669 1759 peremptorie,
682 1718 839 1759 legitime
850 1718 1024 1750 moneatis
1035 1720 1071 1749 et
1083 1718 1272 1749 efficaciter
1281 1717 1457 1749 inducatis
1472 1719 1512 1748 ut
1524 1717 1635 1756 nobis,

247 1772 309 1793 seu
337 1762 483 1794 Officiali
501 1763 693 1795 Peculiaris
716 1765 836 1794 nostre
863 1762 1128 1794 Jurisdiccionis
1152 1762 1190 1792 in
1215 1761 1401 1800 Cornubia,
1427 1761 1470 1793 de
1495 1761 1635 1802 quibus-

245 1816 394 1847 cumque
421 1807 650 1848 pecuniarum
672 1807 820 1839 summis
846 1807 889 1839 de
913 1807 1114 1848 hujusmodi
1140 1806 1313 1838 Pensione
1339 1816 1458 1837 annua
1480 1805 1636 1837 indebite

246 1850 447 1890 subtractis,
464 1851 559 1883 infra
574 1851 766 1883 terminum
782 1854 1041 1892 competentem
1058 1851 1290 1889 satisfaciant,
1306 1853 1347 1881 ut
1363 1852 1548 1888 tenentur3
1562 1860 1634 1881 eos-

246 1895 394 1936 demque
412 1895 602 1928 Custodem
618 1898 655 1928 et
671 1896 875 1935 Canonicos,
890 1895 1142 1937 proprietarios
1157 1895 1364 1934 antedictos,
1378 1895 1422 1926 ad
1446 1895 1482 1926 id
1505 1894 1635 1926 facien-

246 1938 331 1970 dum
347 1950 411 1981 per
426 1950 663 1982 quascumque
683 1940 858 1973 Censuras
874 1940 1149 1979 Ecclesiasticus,
1168 1940 1279 1971 eciam
1295 1950 1359 1980 per
1379 1939 1635 1980 Sequestracio-

245 1993 327 2015 nem
341 1983 524 2016 fructuum
540 1985 633 2017 dicte
646 1985 801 2017 Ecclesie
818 1985 938 2017 Sancti
956 1984 1135 2026 Stephani,
1152 1986 1193 2015 ut
1207 1984 1386 2025 prefertur
1401 1984 1636 2024 appropriate,

247 2028 277 2059 si
295 2038 383 2069 opus
398 2029 518 2069 fuerit,
536 2029 711 2062 Canonice
734 2030 962 2070 compellatis.
1007 2029 1064 2060 Ad
1079 2039 1146 2070 que
1162 2029 1334 2069 premissa
1349 2028 1511 2060 facienda
1526 2028 1635 2067 vobis,

245 2073 480 2105 communiter
494 2076 530 2106 et
546 2074 696 2113 divisim,
713 2076 835 2106 tenore
851 2074 1077 2106 Presencium
1098 2073 1353 2105 committimus
1369 2073 1463 2104 vices
1486 2075 1636 2112 nostras,

245 2126 326 2148 cmn
353 2118 542 2159 cujuslibet
565 2118 782 2151 cohercionis
805 2118 979 2150 Canonice
994 2120 1182 2159 potestate.
1238 2118 1285 2149 Et
1312 2117 1395 2158 quid
1418 2117 1575 2149 feceritis
1599 2117 1636 2147 in

246 2162 436 2202 premissis,
462 2172 536 2202 nos,
563 2165 626 2195 aut
653 2163 787 2195 dictum
816 2163 1008 2195 Officialem
1032 2165 1204 2202 nostrum,
1230 2162 1320 2194 citra
1346 2162 1491 2194 Festum
1516 2161 1636 2193 Sancti

247 2205 430 2238 Michaelis
443 2207 602 2247 proximo
625 2218 719 2240 nunc
741 2207 904 2239 futurum
926 2207 1130 2240 certificetis
1151 2217 1215 2247 per
1236 2208 1384 2245 vestras,
1408 2206 1637 2238 etos-Dated

248 2249 408 2292 London,
419 2251 463 2282 26
478 2251 629 2292 August.

93 2297 177 2360 Q:
207 2301 409 2354 Colyton5
437 2304 684 2344 Mandatum
710 2319 787 2355 pro
819 2311 976 2343 centum
1007 2305 1146 2344 solidis
1175 2304 1370 2343 solvendis
1398 2305 1454 2343 ad
1478 2318 1636 2354 repara-

94 2366 179 2398 tum]
261 2357 412 2396 cionem
433 2358 611 2397 C'oencelli
629 2359 796 2398 Ecclesie
815 2359 1068 2398 Parochialis
1086 2360 1132 2398 de
1154 2359 1405 2409 Colytone,—-

206 2412 370 2452 Thomas,
398 2415 476 2453 etc„
503 2414 645 2446 Decano
670 2415 713 2447 de
741 2415 930 2456 Honytone
957 2416 995 2446 et
1016 2415 1158 2446 Vicario
1182 2414 1337 2446 Ecclesie
1361 2414 1577 2446 Parochialis
1593 2414 1636 2445 de

252 2457 501 2498 Sydemouthe,
533 2459 694 2499 salutem,
725 2459 929 2491 etc.-—Cum
958 2459 996 2490 in
1026 2459 1153 2491 ultima
1181 2459 1398 2491 Visitacione
1429 2461 1560 2497 nostra,
1599 2459 1637 2489 in

250 2502 549 2534 Archidiaconatu
573 2503 761 2535 Exoniensi
784 2514 848 2544 per
869 2514 933 2536 nos
956 2506 992 2535 et
1016 2503 1284 2535 Gommissarios
1306 2505 1445 2535 nostros
1462 2502 1636 2534 Canonice

251 2546 436 2585 excercita,
467 2547 635 2579 extiterat
665 2548 801 2579 notorie
832 2550 1050 2589 compertum
1081 2548 1174 2589 quod
1212 2548 1370 2579 nonnulli
1409 2547 1569 2579 defectus
1600 2547 1637 2578 in

253 2590 416 2622 Cancello
433 2591 588 2623 Ecclesie
604 2592 820 2624 Parochialis
830 2593 872 2624 de
886 2592 1056 2634 Colytone
1066 2592 1309 2632 imminebant,
1326 2592 1590 2623 constmocione
1601 2594 1638 2623 et

251 2634 447 2666 refeccione
470 2635 599 2668 debitis
620 2637 818 2669 necessario
840 2637 1061 2678 indigentem
1084 2647 1226 2677 nosque,
1250 2647 1292 2668 ea
1308 2636 1498 2675 occasione,
1516 2637 1637 2668 decem

251 2678 360 2710 libras
376 2679 625 2720 sterlingorum
642 2691 664 2712 a
686 2681 828 2713 Decano
851 2683 887 2713 et
911 2681 1074 2722 Capitulo
1097 2681 1253 2713 Ecclesie
1275 2683 1395 2713 nostre
1419 2681 1637 2719 Exoniensis,

251 2722 428 2763 prefatam
457 2723 650 2756 Ecclesiam
677 2725 720 2756 de
748 2725 918 2766 Colytone
942 2726 980 2756 in
1006 2725 1166 2766 proprios
1189 2735 1274 2757 usus
1301 2725 1551 2765 optinentibus,
1575 2735 1639 2765 pro
1702 2727 1706 2730 ”

251 2767 415 2807 porcione
430 2768 525 2808 ipsos
540 2771 782 2809 concernente,
798 2780 935 2801 necnon
951 2771 1093 2801 centum
1110 2769 1238 2801 solidos
1254 2770 1296 2800 de
1308 2769 1483 2800 fructibus
1499 2769 1639 2800 Vicarie

252 2811 346 2843 dicte
371 2811 526 2844 Ecclesie
540 2822 604 2853 pro
619 2813 782 2854 porcione
798 2814 978 2846 Vicarium
1001 2814 1160 2855 ejusdem
1184 2814 1420 2854 contingente,
1444 2823 1508 2853 per
1530 2814 1639 2845 Deca-

253 2865 339 2886 num
356 2856 398 2887 de
423 2855 613 2898 Honytone
629 2868 670 2889 ac
685 2857 879 2898 Perpetuos
893 2858 1053 2890 Vicarios
1069 2858 1306 2889 Ecclesiarmn
1322 2857 1579 2890 Parochialium
1597 2858 1640 2888 de

256 2898 384 2932 Setone
400 2902 437 2932 et
451 2900 667 2942 Axmynstre
678 2901 755 2933 fore
764 2902 931 2933 levandos
940 2902 1209 2940 decreverimus,
1221 2902 1259 2932 in
1268 2912 1353 2933 usus
1365 2902 1640 2933 construccionis

254 2953 318 2975 seu
332 2945 570 2986 repar-wionis
586 2946 672 2978 dicti
696 2946 851 2978 Cancelli
873 2946 1010 2978 utiliter
1032 2948 1070 2978 et
1091 2946 1244 2978 fideliter
1266 2946 1529 2985 convertendos,
1545 2945 1638 2978 fruc-

253 2989 380 3030 tusque
405 2989 498 3021 dicte
524 2989 664 3023 Vicarie
690 3000 802 3032 nsque
827 2990 872 3023 ad
895 3000 1070 3023 summam
1093 2990 1267 3022 dictorum
1290 2992 1432 3023 centum
1449 2989 1638 3022 solidorum
