1988 3256
323 334 418 377 542
545 347 645 380 'rna
680 347 922 381 REGISTER
955 348 1015 380 or
1051 347 1228 381 Bisnor
1263 347 1664 382 BRANTYNGHAM.

319 445 397 506 sssff·
476 450 607 490 pariter
622 454 658 482 et
674 462 831 492 persone,
850 452 1078 483 Sacramenta
1102 452 1301 483 Eukaristie
1325 455 1361 483 et
1386 453 1575 484 Unccionis
1592 453 1758 484 Extremo
1782 461 1866 482 non-

321 513 383 539 Vol
397 513 419 539 ι·
475 495 580 526 nullis
595 495 744 527 subditis
761 497 899 534 nostris,
917 497 1051 527 clericis
1067 500 1103 527 et
1119 497 1226 535 laicis,
1244 500 1444 528 nostrarum
1469 497 1632 528 Civitatis
1647 499 1683 528 et
1700 495 1866 534 Diocesis‚

476 539 685 578 ministrare,
704 551 744 571 ac
761 541 987 571 matrimonia
1004 541 1267 581 sokzmpnizare,
1292 552 1362 572 non
1386 542 1507 572 habita
1524 552 1628 582 super
1644 541 1711 572 hiis
1729 540 1864 572 Presbi-

476 586 631 614 tororum
650 585 905 616 Parochialium
931 586 1101 616 Locorum
1126 586 1271 616 licencia
1294 586 1456 625 speciali;
1481 596 1627 624 necnon,
1644 586 1762 627 plures
1786 585 1864 615 sub-

477 628 568 659 ditos
589 632 738 667 nostros,
755 630 1076 661 excommunicatos
1091 640 1112 661 a
1129 630 1280 667 Canone,
1304 632 1527 670 preterquam
1545 631 1581 661 in
1598 630 1736 661 casibus
1751 639 1773 660 a
1786 629 1865 670 jure

476 674 648 712 expressis
676 674 730 704 vel
754 684 817 714 per
844 674 1033 713 Privilegia
1058 674 1157 705 Sedis
1185 675 1386 714 Apostolice
1414 675 1587 706 concessis
1617 675 1760 712 eisdem,
1783 676 1820 705 et
1843 683 1865 705 a

478 717 674 748 Sentenciis
697 728 759 758 per
784 718 926 749 Statuta
950 719 1181 749 Provincialia
1204 725 1240 749 et
1266 719 1454 759 Synodalia
1476 719 1718 760 promulgatis,
1734 718 1864 759 absquo

476 762 687 793 auctoritate
704 766 826 793 nostra
849 773 910 793 seu
933 763 1002 794 alia
1024 763 1184 802 legitima
1207 773 1435 804 quacumque,
1451 764 1642 802 absolvere,
1659 765 1699 794 ut
1723 773 1764 794 ex
1781 763 1863 794 fide-

323 804 368 831 sol.
382 806 439 830 128.
476 806 663 844 dignorum
691 807 893 848 testimonio
930 810 966 838 et
993 807 1090 838 fama
1116 808 1256 847 publica
1286 807 1463 839 referente
1493 808 1703 848 accepimus,
1730 810 1864 838 temere

476 854 765 891 presumpserunt
783 866 790 889 3
823 852 954 882 dictam
987 852 1130 892 Majoris
1154 852 1538 883 Excommunicacionis
1570 852 1804 890 Sentenciam,
1827 851 1864 882 in

477 896 541 925 liae
568 898 669 935 parte
701 899 822 927 contra
853 896 973 927 taliter
1003 897 1246 936 delinquentes
1275 896 1418 936 provide
1446 897 1565 935 latam,
1594 896 1867 937 dampnabiliter

477 940 705 977 incurrendo;
738 951 805 981 qua
830 943 1015 971 remanent
1042 940 1214 971 hactenus
1239 941 1409 980 innodati,
1434 941 1471 971 in
1499 941 1698 972 animarum
1722 950 1864 971 suarum

476 984 609 1022 grande
625 985 819 1024 perieulum
836 988 871 1016 et
888 985 1036 1016 aliorum
1053 985 1287 1026 perniciosum
1304 986 1513 1026 exemplum.
1568 986 1650 1024 Nos,
1666 985 1786 1025 igitur,
1802 985 1864 1016 hu·

474 1029 627 1069 jusmodi
644 1029 774 1060 delicta
796 1030 1011 1070 pertransire
1035 1030 1195 1060 nolentes
1209 1030 1394 1070 impunita,
1413 1030 1516 1060 sicuti
1532 1040 1597 1061 nec
1613 1030 1790 1067 debemus,
1808 1039 1864 1060 vo-

478 1073 540 1111 bis,
558 1074 791 1104 communiter
807 1076 842 1105 et
859 1074 1009 1112 divisim,
1034 1076 1111 1111 etc.,
1137 1074 1391 1105 committimus
1414 1076 1449 1105 et
1474 1074 1683 1105 mandamus
1699 1074 1866 1114 quatinus

476 1128 597 1148 omnes
613 1120 649 1149 et
666 1118 822 1157 singulos
843 1118 1045 1159 hujusmodi
1070 1119 1273 1158 Religiosos,
1290 1119 1327 1149 in
1343 1119 1524 1159 premissis
1540 1119 1596 1150 vel
1611 1129 1731 1150 eorum
1749 1118 1864 1159 aliquo

477 1162 678 1202 culpabiles,
695 1166 730 1193 et
747 1163 783 1193 in
799 1163 943 1200 eisdem,
961 1173 1023 1194 seu
1047 1163 1140 1193 circa
1163 1173 1205 1193 ea
1228 1166 1290 1194 aut
1313 1173 1434 1194 eorum
1451 1163 1602 1205 aliquod,
1620 1166 1658 1194 ut
1675 1163 1862 1203 prefertur,

476 1207 729 1247 delinquentes,
747 1207 783 1237 in
800 1207 894 1238 dicto
911 1207 1127 1238 Consistorio
1150 1210 1282 1246 nostro,
1306 1217 1347 1238 ac
1370 1208 1448 1238 aliis
1466 1208 1566 1238 Locis
1581 1207 1730 1248 publicis
1746 1207 1862 1247 singu-

475 1252 588 1282 lorum
606 1252 849 1282 Decanatuum
866 1252 1040 1283 dictorum
1057 1252 1416 1283 Archidiaeonatuum
1432 1252 1478 1282 ad
1494 1252 1559 1283 hoc
1571 1252 1685 1292 magis
1701 1251 1865 1290 congruis

475 1299 509 1326 et
527 1296 718 1336 oportunis,
736 1306 816 1326 cum
833 1296 927 1326 omni
946 1297 1193 1336 solempnitate
1216 1296 1253 1326 in
1277 1296 1408 1327 talibus
1431 1296 1507 1334 fieri
1531 1298 1708 1335 consueta,
1725 1295 1864 1336 publice

475 1343 511 1370 et
527 1340 765 1380 solempniter,
781 1343 885 1380 prout
902 1341 946 1371 ad
963 1340 1119 1380 singulos
1136 1343 1293 1371 vestrum
1317 1341 1456 1379 attinet,
1473 1341 1510 1371 in
1525 1350 1654 1380 genere
1677 1340 1863 1379 nmmietis,

475 1388 509 1415 et
526 1384 667 1416 faciatis
690 1395 753 1425 per
777 1385 947 1416 Locorum
973 1385 1122 1416 Curatos
1146 1385 1248 1416 modo
1272 1385 1378 1416 simili
1401 1385 1572 1416 nunciari.
1629 1385 1863 1425 Inquirentes,

476 1429 734 1468 nichilominus,
759 1430 802 1460 de
826 1429 1027 1460 nominibus
1050 1431 1086 1460 et
1111 1429 1378 1472 cognominibus
1400 1429 1437 1459 in
1460 1429 1641 1469 premissis
1658 1431 1719 1460 aut
1742 1439 1863 1460 eorum

475 1474 592 1514 aliquo
608 1474 890 1514 delinquencium
905 1488 911 1511 ;
937 1476 972 1504 et
985 1484 1072 1514 quos
1088 1484 1129 1504 ac
1145 1476 1229 1514 quot
1246 1474 1282 1504 in
1307 1474 1373 1504 hae
1388 1476 1488 1514 parte
1512 1473 1703 1514 culpabiles
1727 1483 1789 1504 seu
1811 1473 1862 1504 in·

475 1518 586 1549 famia
602 1528 779 1558 respersos
795 1518 1011 1557 inveneritis,
1028 1518 1153 1557 citetis,
1172 1528 1233 1549 seu
1257 1518 1357 1549 citari
1381 1518 1523 1549 faciatis
1538 1518 1689 1557 eosdem,
1706 1528 1862 1558 peremp-

474 1563 573 1601 torie,
591 1563 682 1603 quod
699 1565 925 1603 compareant
941 1573 1059 1594 coram
1083 1563 1193 1601 nobis,
1211 1565 1273 1593 aut
1291 1562 1550 1593 Commissariis
1565 1563 1705 1601 nostris,
1722 1572 1792 1592 uno
1807 1563 1863 1593 vel

473 1607 642 1647 pluribus,
660 1607 695 1637 in
715 1607 873 1638 Manerio
889 1609 1009 1638 nostro
1026 1607 1068 1638 de
1086 1607 1196 1647 Clyst,
1213 1607 1349 1638 decimo
1365 1607 1420 1638 die
1430 1607 1451 1638 J
1454 1607 1588 1638 uridico
1604 1617 1625 1638 a
1641 1607 1697 1638 die
1715 1606 1862 1637 Citacio-

474 1651 528 1682 nis
545 1654 660 1683 vestre
675 1652 841 1682 continue
858 1652 1075 1682 numerando
1091 1654 1126 1682 et
1143 1651 1345 1682 immediate
1369 1654 1546 1691 sequente,
1564 1661 1668 1691 super
1683 1651 1863 1691 premissis

473 1699 508 1726 et
525 1706 567 1726 ea
583 1696 880 1735 contingentibus,
896 1696 1028 1727 eisdem
1045 1699 1130 1727 tunc
1154 1706 1196 1726 ex
1220 1696 1340 1726 Officio
1364 1700 1484 1727 nostro
1500 1695 1692 1726 obiciendis
1707 1698 1743 1726 et
1759 1705 1860 1735 expo-

473 1740 597 1771 nendis
613 1741 751 1771 divisim
777 1741 988 1780 responsuri,
1013 1743 1058 1779 et,
1084 1741 1112 1771 si
1136 1742 1306 1780 oporteat,
1330 1740 1373 1771 de
1396 1740 1546 1770 veritate
1562 1740 1710 1771 dicenda
1733 1740 1770 1770 in
1795 1739 1862 1771 hac

472 1787 572 1825 parte
589 1785 821 1825 personaliter
843 1785 1012 1825 juraturi3
1037 1795 1077 1815 ac
1101 1795 1337 1825 quascumque
1361 1784 1588 1824 probaciones
1611 1784 1648 1814 in
1672 1785 1738 1814 hac
1760 1787 1860 1824 parte

472 1829 724 1860 ministrandas
740 1832 775 1860 et
791 1829 971 1860 faciendas
988 1829 1096 1860 visuri
1113 1832 1148 1859 et
1165 1829 1319 1860 audituri
1333 1843 1341 1866 3
1366 1828 1581 1869 ulteriusque
1596 1827 1725 1859 facturi
1749 1831 1786 1859 et
1808 1838 1861 1860 re-

472 1874 607 1914 cepturi
623 1874 715 1914 quod
729 1874 872 1914 justicia
889 1873 1060 1904 suadebit.
1107 1873 1153 1904 Et
1176 1873 1260 1914 quid
1282 1873 1439 1904 feceritis
1454 1873 1491 1903 in
1507 1873 1696 1913 premissis,
1713 1882 1777 1903 nos
1799 1875 1862 1904 aut

472 1918 584 1949 dictos
601 1918 867 1949 Commissarios
883 1920 1032 1957 nostros,
1048 1928 1159 1949 unum
1175 1918 1230 1948 vel
1246 1918 1373 1958 plures,
1390 1920 1494 1958 prout
1509 1917 1554 1948 ad
1570 1919 1726 1948 vestrum
1744 1917 1860 1956 singu·

472 1963 524 1993 los
546 1963 710 2002 pertinet,
735 1963 825 1993 citra
851 1963 993 1994 Festum
1018 1962 1245 1993 Pentecostes
1267 1962 1426 2002 proximo
1449 1962 1523 2002 jam
1546 1962 1718 2000 futurum,
1742 1961 1859 1993 debite

472 2007 673 2038 certificetis
693 2006 820 2038 Literis
836 2007 963 2037 vestris
986 2007 1200 2047 patentibus,
1215 2006 1427 2037 habentibus
1443 2006 1536 2037 hunc
1559 2008 1728 2043 tenorem,
1746 2005 1860 2045 sigillo

471 2051 650 2082 autentico
681 2051 906 2089 consignatis.
955 2051 1049 2090 Quis,
1081 2061 1173 2089 vero,
1205 2053 1374 2085 vestrum,
1406 2050 1633 2081 etc.—Dated
1672 2052 1710 2081 at
1748 2050 1859 2091 CLvst,

471 2096 515 2126 24
531 2096 640 2136 April.

558 2275 777 2333 mutacio
824 2275 957 2327 Άηιιί
1005 2274 1398 2325 &numerationis
1439 2275 1653 2325 ffumini.

425 2373 560 2426 guum
600 2372 779 2425 &omini
818 2373 912 2425 ,gi-1⁰.
946 2372 1119 2417 OEQLQIW'
1155 2371 1376 2432 lxxxiiijw,
1420 2373 1457 2414 ct
1506 2371 1858 2416 OEonsetraciouis

478 2426 659 2480 &omini
696 2426 1003 2479 quintohetimo
1044 2426 1284 2478 incipiente.

315 2506 347 2532 A.
354 2505 389 2532 D.
430 2506 598 2544 Letters-
605 2507 790 2543 Dmnssm
791 2518 828 2555 y
833 2529 886 2532 —

315 2541 407 2603 [1331841
429 2560 484 2591 Sir
500 2561 667 2592 Nicholas
683 2561 804 2599 Vesee,
822 2560 978 2598 aecolite,
1003 2559 1079 2590 “ad
1104 2569 1224 2590 omnes
1250 2559 1373 2590 Sacros
1398 2558 1575 2590 Ordines”
1596 2556 1698 2599 (New
1723 2558 1858 2598 Sarum,

316 2609 373 2637 Ussl
427 2603 791 2688 'I'hffinlaisaygaveraka
816 2648 953 2687 clerk,‘
958 2648 1021 2679 ‘ad
1044 2658 1175 2687 omnes,
1200 2651 1274 2679 tam
1300 2647 1451 2679 Minores
1475 2657 1560 2688 quos
1584 2647 1750 2686 nondum,
1781 2649 1858 2687 eto„

470 2704 574 2734 quam
599 2694 709 2725 eciam
736 2693 869 2731 Sacros,
894 2692 981 2724 etc.''
1010 2691 1278 2732 (Normantone,
1303 2692 1339 2723 in
1364 2692 1424 2723 the
1450 2692 1594 2723 Diocese
1611 2691 1649 2722 of
1666 2691 1856 2733 Salisbury,

426 2736 708 2823 Thffinlggygffie’
737 2782 842 2819 clerk,
865 2781 956 2820 prim
981 2784 1076 2819 tona,
1102 2780 1176 2812 “ad
1200 2790 1331 2819 omnes,
1356 2783 1429 2811 tam
1456 2780 1608 2811 Minores
1631 2789 1745 2821 quam,
1769 2778 1858 2812 etcff’

472 2825 521 2866 (N
523 2830 740 2866 ormantone,
759 2826 800 2858 16
817 2823 929 2866 May).

425 2871 519 2902 John
545 2871 778 2911 Langeleghe,
805 2870 1012 2909 subdeacon,
1039 2869 1115 2901 “ad
1143 2869 1266 2901 Sacros
1290 2869 1505 2900 Diaconatus
1535 2872 1571 2900 et
1600 2867 1859 2900 Presbiteratus

471 2913 620 2946 Ordines
632 2915 651 2928 ”
671 2914 939 2956 (Normantone,
957 2914 999 2945 19
1015 2912 1128 2956 May).
