1988 3256
454 355 743 388 RRGISTRUM
767 354 1230 388 COMMUNE—ANNO
1259 346 1280 388 1
1291 340 1351 388 3⁰.
1565 341 1625 385 48
1636 342 1656 383 1

118 452 192 480 A.D.
229 455 385 495 Thomas,
408 460 483 496 etc.‚
508 457 681 498 Religiosis
704 458 802 495 Viris,
820 458 992 489 Prioribus
1016 457 1261 490 Launcestonie
1283 460 1320 489 et
1344 456 1528 495 Bodminie,
1547 454 1660 486 Fratri

116 487 190 513 1382.

118 519 181 547 Vol.
199 519 224 547 Ι.
272 500 455 532 Benedicto
482 502 625 542 Lugans,
653 502 753 533 Sacre
783 502 907 540 Pagine
938 502 1131 540 Professori,
1165 501 1339 542 Preposito
1369 500 1515 532 Ecclesie
1545 502 1660 530 nostre

106 2589 153 2617 fol.

105 2626 153 2650 101
157 2624 182 2650 b.

271 543 368 575 Beati
391 544 528 584 Thome,
552 545 711 582 Martiris,
735 545 779 576 de
806 545 962 587 Glasney,
985 555 1023 576 ac
1047 545 1187 577 Officiali
1211 549 1324 576 nostre
1348 543 1527 575 peculiaris
1550 542 1658 574 Juris-

267 587 425 619 diceionis
441 588 475 619 in
493 588 673 626 cornubia,
696 599 734 620 ac
760 589 928 629 Perpetuo
952 589 1083 620 Vicario
1106 589 1222 620 Sancti
1246 588 1358 626 Probi,
1377 589 1532 624 salutem,
1550 589 1659 618 etc.—

267 631 355 663 Cum
382 632 605 671 Reverendus,
629 636 704 671 etc.‚
729 633 894 664 Dominus
918 632 1106 663 Willelmus
1132 632 1189 672 [de
1215 630 1434 673 CourtenayJ,
1463 631 1525 662 Dei
1548 629 1659 670 gracia

266 674 545 716 Archiepiscopus
567 676 830 715 Cantuariensis,
854 676 973 707 Tocius
995 676 1117 716 Anglie
1139 676 1279 714 Primas,
1295 679 1332 707 et
1348 674 1540 716 Apostolice
1563 673 1659 705 Sedis

266 718 301 749 in
330 719 452 760 Anglia
478 719 636 760 Legatus,
662 730 700 750 ac
727 719 882 751 nonnulli
907 719 1012 760 ipsius
1039 720 1257 760 suffraganei,
1280 719 1322 750 de
1344 728 1491 760 quorum
1517 727 1660 749 numero

269 772 329 792 nos
344 772 487 802 eramus,
505 763 538 794 iu
563 763 634 794 loco
657 763 864 804 competenti
886 767 923 795 et
945 773 1092 804 congruo
1114 763 1196 794 alias
1217 763 1422 803 congregati,
1437 762 1480 793 de
1495 771 1658 793 consensu

270 806 421 838 unanimi
437 806 576 847 provide
591 807 803 838 ordinassent
818 807 908 848 quod
925 807 1048 847 singuli
1064 807 1318 838 Cantuariensis
1335 806 1508 837 Provincie
1531 805 1657 836 Suffra-

267 849 373 889 ganei,
389 849 425 881 in
440 850 510 881 suis
525 850 730 890 Diocesibus,
746 861 824 882 cum
839 851 1054 881 solicitudine
1076 851 1191 882 debita
1213 852 1256 881 de
1278 850 1426 881 heretica
1448 849 1658 890 inquirerent

267 903 304 924 ac
326 893 451 934 inquiri
473 894 625 926 facerent
647 894 839 935 pravitate;
870 894 1063 935 nostrisque
1085 894 1223 925 auribus
1249 894 1380 925 noviter
1403 894 1448 925 sit
1470 893 1658 924 deductum

265 936 355 977 quod
372 937 509 978 quidam
527 938 731 969 Laureucius
758 937 934 975 Bedeman,
955 938 990 969 in
1009 937 1158 969 vestibus
1179 937 1346 976 incedens,
1363 937 1477 968 ovium
1500 939 1657 967 nostrum

268 980 438 1020 ingressus
454 981 549 1012 Ovile
564 981 721 1019 latenter,
741 981 882 1012 subdole
896 992 934 1012 ac
949 981 1077 1013 furtive
1092 991 1153 1012 sue
1168 981 1327 1012 simulate
1349 980 1542 1012 sanctitatis
1564 989 1657 1021 yma-

268 1023 356 1064 gine,
383 1024 521 1065 vulpina
550 1025 736 1057 calliditate
765 1025 835 1056 suis
865 1025 1076 1056 sermonibus
1108 1025 1250 1065 publicis
1279 1035 1318 1056 ac
1355 1024 1495 1055 occultis
1526 1027 1658 1054 nostras

268 1067 392 1099 nititur
406 1078 484 1099 oves
506 1068 668 1109 decipere,
684 1079 807 1110 easque
829 1068 864 1099 in
888 1068 1020 1099 hereses
1042 1068 1208 1099 deducere
1232 1068 1339 1099 varias
1362 1071 1398 1099 et
1413 1077 1564 1105 errores3
1587 1077 1658 1105 nos,

268 1110 382 1150 igitur,
401 1112 535 1152 vulpem
551 1111 748 1153 hujusmodi
763 1122 782 1143 a
797 1115 915 1143 nostro
931 1113 1082 1143 volentes
1099 1112 1197 1150 Ovili,
1212 1122 1254 1143 ne
1264 1122 1342 1143 oves
1357 1115 1490 1143 nostras
1506 1110 1657 1149 dilaniet,

267 1154 470 1195 propulsare,
496 1156 589 1186 vobis
611 1156 868 1194 committimus
891 1159 970 1194 etc.‚
995 1156 1157 1196 quatinus
1180 1166 1246 1197 que
1269 1160 1305 1187 et
1335 1155 1448 1197 qualia
1476 1155 1511 1186 in
1534 1154 1659 1195 quibus

267 1198 420 1238 prefatus
433 1198 636 1230 Laurencius
653 1199 817 1238 Ecclesiis,
829 1209 887 1230 seu
906 1199 1000 1230 Locis
1011 1199 1085 1230 aliis
1100 1199 1134 1230 in
1152 1199 1330 1238 Coi-nubis,
1347 1198 1538 1240 quibusque
1553 1198 1659 1229 Festis

267 1242 477 1282 temporibus
492 1253 551 1274 seu
567 1243 686 1274 diebus
702 1243 856 1284 prefatus
871 1243 1077 1274 Laurencius
1089 1243 1166 1274 filiis
1189 1247 1223 1274 et
1244 1242 1391 1274 subditis
1407 1242 1532 1273 nostris
1548 1241 1656 1282 predi-

265 1285 402 1324 caverit,
419 1287 640 1326 proposuerit,
657 1286 791 1324 dixerit,
808 1297 867 1317 seu
883 1286 1065 1327 protulerit
1079 1297 1087 1325 ;
1109 1297 1249 1325 necnon,
1265 1286 1467 1327 generaliter
1482 1286 1524 1316 de.
1539 1285 1659 1316 ceteris

266 1328 430 1360 universis
439 1335 474 1360 et
489 1330 630 1370 singulis
645 1330 733 1361 iufra
749 1333 863 1370 partes
876 1331 1045 1362 Cornubie
1058 1330 1202 1361 ubilibet
1216 1330 1395 1368 collocatis,
1412 1329 1658 1370 cujuscumque

264 1371 479 1411 condicionis,
512 1377 623 1405 status
646 1373 825 1405 extiterint
847 1383 906 1404 seu
930 1373 1075 1412 honoris,
1107 1374 1150 1404 de
1177 1373 1256 1404 Fide
1281 1373 1453 1405 Catliolica
1484 1372 1658 1414 ipsiusque

266 1416 427 1447 Articulis
449 1417 664 1458 singulariter
686 1417 915 1448 sencientibus
937 1421 973 1449 et
1002 1417 1103 1449 aliter
1125 1427 1227 1458 quam
1250 1417 1424 1454 deberent,
1451 1416 1657 1448 auctoritate

266 1463 381 1490 nostra
395 1460 524 1492 solicite
539 1461 743 1501 inquiratis;
765 1464 801 1492 et
824 1460 906 1502 quid
929 1470 989 1501 per
1004 1465 1152 1492 vestram
1175 1460 1373 1502 hujusmodi
1397 1460 1656 1501 Inquisicionem

265 1503 497 1543 comperet-itis
518 1504 711 1536 certificetis
733 1514 803 1542 nos,
830 1503 916 1535 citra
941 1504 1078 1535 Festum
1103 1505 1219 1536 Sancti
1248 1504 1420 1535 Michaelis
1446 1503 1656 1544 Archangeli,

267 1545 472 1587 ubicumque
495 1548 529 1578 in
557 1551 673 1579 nostra
706 1548 834 1579 Diocesi
864 1547 1038 1586 fuerimus,
1069 1558 1130 1588 per
1156 1550 1285 1579 vestras
1321 1550 1478 1588 patentes
1516 1547 1657 1585 Literas,

266 1588 386 1620 harum
402 1590 522 1622 seriem
537 1591 750 1622 continentes
764 1602 772 1628 ;
789 1601 869 1631 que,
881 1591 998 1630 eciam,
1015 1596 1052 1622 et
1067 1591 1179 1632 qualia
1195 1591 1348 1632 prefatus
1363 1590 1657 1632 pseudopropheta

268 1632 480 1672 Laurencius,
512 1644 570 1665 seu
600 1635 687 1665 alius
717 1635 948 1675 quiscumque,
979 1639 1096 1666 contra
1126 1635 1245 1666 Fidem
1276 1634 1484 1666 Catholicam
1514 1634 1657 1675 ejusque

265 1676 427 1708 Articulis
451 1677 681 1718 predicaverit,
697 1681 738 1709 ut
760 1681 813 1710 est
835 1678 1035 1718 premissum
1053 1689 1061 1716 ;
1085 1678 1230 1717 nomina,
1246 1688 1392 1719 quoque,
1407 1681 1443 1709 et
1459 1678 1656 1718 cognomina

264 1723 453 1752 ceterorum
470 1721 622 1752 omnium
638 1725 674 1753 et
689 1722 897 1762 singulorum
915 1722 950 1752 in
973 1721 1105 1753 hereses
1127 1722 1350 1753 incidencinm
1375 1721 1574 1763 hujusmodi
1596 1731 1655 1752 seu

263 1773 393 1794 errores
409 1774 417 1802 ;
440 1774 478 1795 ac
501 1775 561 1805 per
582 1764 671 1805 ipsos
687 1765 866 1806 proposita,
883 1765 983 1804 dicta,
1000 1775 1059 1796 seu
1076 1765 1257 1806 predicata,
1273 1765 1420 1796 dilucide
1442 1765 1656 1796 continentes

264 1806 423 1847 legitime,
438 1814 478 1839 ut
487 1813 539 1839 est
552 1809 662 1841 moris.
699 1809 862 1847 Citantes,
878 1808 1025 1849 insuper,
1041 1809 1208 1849 prefatum
1223 1809 1446 1840 Laurencium
1463 1808 1553 1849 quod
1566 1819 1654 1839 com-

264 1854 380 1890 pareat
395 1861 504 1882 coram
529 1852 634 1890 nobis,
651 1852 686 1883 in
710 1852 859 1883 Manerio
882 1856 998 1884 nostro
1021 1852 1063 1883 de
1087 1853 1192 1893 Clyst‚
1209 1852 1264 1883 die
1286 1852 1380 1883 Jovis
1403 1852 1556 1893 proximo
1578 1855 1655 1892 post

268 1894 406 1926 Festum
424 1895 651 1926 Exaltacionis
667 1897 790 1927 Sancte
807 1895 931 1935 C'rucis,
947 1906 1048 1936 super
1070 1896 1240 1936 premissis
1263 1896 1403 1936 singulis
1419 1899 1454 1927 et
1470 1906 1508 1926 ea
1523 1896 1653 1927 contin-

261 1938 430 1977 gentibus,
461 1938 569 1970 eidem
593 1942 686 1978 tunc,
710 1939 752 1970 ad
775 1939 926 1970 debitam
959 1939 1071 1970 anime
1093 1949 1153 1971 sue
1179 1940 1431 1977 correccionem,
1455 1939 1651 1978 obiciendis,

260 1982 508 2021 exponentibus
523 1983 744 2023 personaliter
757 1982 947 2023 juraturus,
964 1993 1195 2024 responsurus,
1213 1983 1424 2024 ulteriusque
1471 2007 1480 2014 .
1527 2007 1534 2015 .

262 2022 476 2065 [Unfinished
493 2026 560 2057 and
577 2026 722 2058 without
737 2025 840 2067 dateJ.

217 2078 585 2130 Holcombe-Rogus
603 2092 612 2127 ;
644 2081 823 2119 Licencia
834 2095 912 2129 pro
933 2080 1214 2130 Punficacione
1232 2081 1276 2118 in
1297 2080 1528 2129 Capella,—

216 2131 372 2171 Thomas,
396 2138 473 2171 etc.‚
501 2134 643 2166 Domine
667 2135 818 2172 Elenore,
843 2135 939 2166 uxori
971 2135 1107 2167 Domini
1137 2134 1302 2166 Johannis
1327 2135 1495 2176 Dynham,
1521 2135 1649 2173 Militis,

261 2175 412 2216 junioris,
429 2177 584 2216 salutem,
600 2179 762 2210 etc—Ut
784 2178 818 2209 in
842 2178 978 2219 Capella
1000 2189 1103 2220 quam
1128 2178 1306 2209 Dominam
1332 2178 1508 2210 Isabellam
1535 2179 1647 2210 Perce-

259 2219 334 2261 hay,
358 2230 434 2251 cum
458 2231 525 2262 qua
539 2222 766 2260 commoraris,
783 2221 872 2253 infra
887 2222 1063 2253 domorum
1079 2232 1216 2253 suarum
1233 2225 1328 2263 septa
1351 2222 1470 2253 asseris
1485 2222 1648 2261 obtinere,

259 2267 337 2303 post
363 2267 462 2295 tuum
490 2265 707 2306 puerperium
737 2269 896 2297 consuete
922 2265 1169 2297 Puriflcacionis
1193 2265 1424 2297 Ecclesiastice
1448 2266 1561 2297 subire
1586 2266 1650 2297 tibi

259 2306 358 2338 liceat
380 2307 574 2348 solempnia,
596 2318 635 2339 ac
658 2309 838 2349 Capellano
860 2309 1061 2350 cuicumque
1081 2309 1212 2349 ydoneo
1236 2319 1275 2340 ea
1302 2319 1394 2340 more
1420 2309 1649 2340 Ecclesiastico

257 2349 382 2381 ibidem
396 2361 562 2392 peragere,
578 2351 762 2383 dummodo
781 2352 980 2383 Parochialis
995 2356 1031 2384 et
1047 2352 1172 2383 Matrix
1183 2352 1329 2383 Ecclesia
1344 2352 1423 2383 inde
1438 2363 1504 2383 non
1520 2353 1648 2384 senciat

212 2402 216 2406 ·
256 2393 512 2433 detrimentum,
522 2398 639 2426 tenore
651 2395 864 2427 Poeseucium
880 2396 1079 2428 facultatem
1094 2395 1317 2434 concedimus,
1329 2397 1568 2428 tantummodo
1583 2396 1648 2427 ista

256 2436 326 2467 vice
343 2437 504 2476 (without
518 2438 621 2478 date).

212 2496 423 2535 Tavistock
443 2510 451 2543 ;
479 2498 716 2536 Mandatum
734 2506 867 2536 contra
885 2499 1128 2547 impedientes
1153 2499 1429 2546 oblaciones,—

213 2549 367 2589 Thomas,
390 2555 469 2590 etc.‚
493 2552 628 2583 Decano
649 2552 860 2584 Tavistochie
882 2556 914 2584 et
939 2551 1099 2593 [Domino
1125 2553 1314 2584 ssaldewino
1336 2551 1565 2594 Lnngedone]‚
1588 2553 1645 2585 Vi-

256 2594 344 2624 cario
361 2594 506 2626 Ecclesie
528 2595 728 2626 Parochialis
750 2596 793 2627 de
815 2596 1015 2637 Tavystoke‚
1032 2606 1160 2628 necnon
1186 2597 1330 2628 Domino
1348 2596 1514 2628 willelmo
1538 2597 1644 2638 Lych-

257 2637 356 2676 felde,
383 2638 564 2679 capellano,
591 2649 630 2670 ac
655 2639 783 2670 Thome
814 2639 933 2680 Mewy,
959 2639 1105 2676 literato,
1134 2640 1290 2678 salutem,
1318 2640 1643 2672 etc.—Dilect0rum

257 2679 400 2712 filiorum
429 2686 632 2718 nostrorum.
657 2682 800 2714 Abbatis
825 2687 862 2714 et
889 2683 1084 2715 Conventus
1107 2683 1303 2715 Monasterii
1325 2683 1546 2722 'l‘avistochie,
1570 2687 1644 2723 etc.‚

257 2723 438 2756 Ecclesiam
456 2725 682 2757 Parochialem
699 2726 741 2757 de
756 2726 956 2767 Tavystoke,
971 2737 1047 2758 cum
1064 2727 1222 2758 omnibus
1235 2727 1305 2758 suis
1326 2726 1461 2767 juribus
1483 2732 1520 2758 et
1542 2728 1643 2767 perti-

255 2767 382 2798 nenciis
398 2768 571 2806 universis,
587 2769 620 2800 iu
640 2779 718 2800 suos
733 2770 884 2810 proprios
900 2780 991 2808 usus,
1009 2770 1100 2801 salva
1119 2770 1277 2801 Porcione
1292 2770 1415 2801 Vicarii
1433 2771 1593 2811 Perpetui
1609 2771 1644 2802 in

255 2810 383 2849 eadem,
400 2811 567 2843 canonice
589 2812 830 2851 obtinencium,
846 2823 982 2853 gravem
1006 2813 1176 2854 querelam
1200 2813 1396 2854 recepimus,
1411 2814 1643 2845 continentem

255 2854 356 2893 quod,
376 2854 454 2886 licet
476 2865 592 2886 omnes
613 2859 650 2887 et
671 2855 795 2896 singuli
811 2856 1063 2887 cantuariensis
1080 2856 1261 2895 Provincie,
1277 2859 1314 2887 et
1335 2857 1512 2897 presertim
1530 2862 1645 2888 nostre

256 2896 455 2929 Exoniensis
473 2898 631 2937 Diocesis,
647 2899 786 2938 subditi,
799 2899 858 2940 qui
873 2899 907 2930 in
924 2899 1130 2931 nubencium
1145 2899 1346 2940 solempniis,
1358 2900 1538 2931 mulierum
1556 2901 1643 2940 puri-

253 2939 477 2980 ficacionibus,
494 2944 706 2973 mortuorum
724 2942 901 2984 obsequiis,
919 2943 971 2974 vel
986 2943 1059 2974 aliis
1075 2943 1109 2974 in
1125 2943 1248 2985 quibus
1266 2943 1341 2984 Ipse
1358 2943 1448 2974 Deus
1471 2943 1505 2974 in
1531 2943 1642 2976 Minis-

227 2987 309 3032 211
