1988 3256
307 305 368 350 68
514 315 619 351 THE>
649 315 891 350 REGISTER
925 314 986 348 or
1020 311 1199 347 msnor
1233 311 1640 348 BRANTYNGHAM.

307 420 384 448 A·D·
415 422 570 454 ——Litera
586 420 808 454 testimonialia
822 431 918 461 super
936 419 1132 460 impensione
1146 421 1292 452 munieris
1308 419 1607 459 &uadimonia-

305 455 591 515 &gal-Universa
619 468 789 507 presentes
817 465 946 496 Literas
973 464 1186 504 inspecturis,
1212 464 1368 504 Thomas,
1392 467 1466 504 etc„
1490 465 1635 496 salutem
1657 464 1694 495 in
1715 463 1854 496 sinceris

307 522 347 549 η,
364 508 372 515 ‘
463 510 673 551 amplexibus
689 508 1070 541 Salvatoris.—Noverit
1093 507 1294 539 universitas
1309 510 1419 539 vestra
1439 508 1531 548 quod
1545 508 1580 539 in
1598 508 1734 549 Capella
1754 507 1856 549 juxta

463 554 650 585 Manerium
674 556 830 584 nostrum
845 552 887 583 de
905 552 1109 590 Farendone,
1128 552 1379 593 Wyntoniensis
1402 551 1560 591 Diocesis,
1576 551 1711 591 situata,
1735 551 1778 583 de
1801 550 1854 583 Li-

462 597 574 629 cencia
589 620 597 629 .
618 621 626 629 .
641 596 798 628 Willelmi
810 596 870 638 [de
883 594 1095 636 Wykeham],
1107 595 1358 635 Wyntoniensis
1374 595 1540 636 Episcopi,
1556 595 1653 627 uobis
1663 595 1698 626 in
1711 605 1750 626 ea
1762 597 1857 637 parte

462 651 626 681 concessa,
644 640 808 681 Religioso
824 640 906 679 viro,
923 638 1032 670 Fratri
1056 639 1183 670 Thome
1200 639 1375 680 Oullynge‚
1389 639 1583 670 Monasterii
1597 639 1641 671 de
1655 638 1856 681 Tavystoke,

463 687 538 724 etc„
555 684 660 716 electo
676 683 804 716 Abbati
826 687 862 715 et
884 683 1091 721 confirmato,
1117 682 1179 714 Die
1204 683 1380 714 Dominica
1403 683 1438 714 in
1463 682 1684 723 Sexagesima,
1701 682 1859 714 videlicet

462 728 607 769 septima
621 728 750 759 decima
765 728 819 759 die
837 727 960 758 mensis
983 726 1167 767 Februarii,
1192 727 1290 757 Anno
1313 729 1390 766 etc.,
1415 726 1547 766 lxxxm,
1563 726 1654 758 intra
1676 726 1857 758 Missurum

462 771 657 812 solempnia,
680 772 750 803 fuit
771 782 830 813 per
853 781 914 803 nos
937 781 1062 802 munus
1086 770 1337 802 Benediccionis
1360 770 1563 811 impensum.
1613 770 1654 802 In
1677 769 1776 811 cujus
1797 769 1856 810 rei,

463 814 678 854 etc.,--Data
692 815 774 855 loco,
791 815 845 846 die
859 814 993 854 mensis,
1010 817 1045 845 et
1060 814 1160 845 Anno
1182 814 1393 855 supradictis,
1412 817 1448 846 et
1463 817 1576 846 nostre
1591 813 1860 847 consecracionis

465 859 565 891 Anno
580 858 668 892 x'm0.

419 903 575 935 —Litera
590 869 815 943 clertificatoria
832 900 973 933 Domino
988 900 1069 942 Reqi
1083 911 1180 942 super
1197 901 1391 942 impensione
1402 903 1547 933 muneris
1562 900 1860 941 Benedici-ionis,—

422 946 723 985 Excellentissimo,
754 949 832 984 etc„
858 945 1014 984 Thomas,
1041 945 1361 977 etc.—Excellencie
1391 948 1502 977 vestre
1533 944 1635 986 Regis
1660 945 1860 977 intimamus

465 990 556 1032 quod
588 990 719 1022 Eleccio
746 990 788 1021 de
819 989 986 1030 Religioso
1013 989 1096 1028 vim,
1126 989 1242 1020 Fratre
1268 989 1399 1020 Thema
1430 989 1607 1030 Cullynge,
1630 989 1664 1020 in
1690 989 1859 1020 Abbatem

464 1034 660 1066 Monasterii
683 1034 726 1065 de
746 1033 946 1074 Tavystoke,
967 1033 1070 1064 vestri
1094 1032 1307 1073 Patronatus,
1325 1036 1403 1072 etc.,
1419 1033 1484 1064 rite
1499 1033 1599 1073 facta,
1615 1032 1683 1064 fuit
1705 1043 1766 1074 per
1788 1042 1858 1073 nos,

443 1080 449 1087 “
463 1077 662 1109 duodecimo
678 1077 733 1108 die
749 1077 912 1117 presentis
928 1077 1052 1108 mensis
1068 1075 1243 1108 Februarii
1260 1077 1425 1108 Canonice
1441 1076 1637 1108 confirmata.
1652 1087 1660 1115 ;
1682 1076 1860 1118 eidemque

467 1122 582 1153 Electo
606 1121 813 1153 Confirmato
837 1124 961 1161 postea,
986 1120 1129 1161 septima
1153 1120 1282 1151 decima
1306 1121 1359 1151 die
1383 1121 1536 1162 ejusdem
1558 1120 1694 1159 mensis,
1712 1130 1773 1161 per
1788 1130 1859 1160 nos,

463 1166 553 1196 intra
571 1165 748 1196 Missarum
773 1164 967 1205 solempnia,
991 1174 1117 1196 munus
1140 1164 1391 1196 Benediccionis
1412 1164 1614 1205 impensum.
1660 1164 1762 1196 Unde
1784 1174 1859 1205 pre-

463 1208 556 1240 dicto
579 1208 704 1240 Abbati
728 1208 820 1248 quod
842 1208 952 1239 eidem
975 1208 1120 1239 ulterius
1144 1218 1203 1248 per
1225 1208 1469 1239 Excelleuciam
1494 1211 1641 1239 vestram
1664 1207 1859 1240 faciendum

462 1252 568 1284 fuerit
577 1251 795 1283 favorabilius
808 1262 963 1292 peragere
979 1252 1140 1293 dignetur
1156 1255 1266 1282 vestra
1281 1251 1385 1292 Regia
1398 1251 1583 1284 celsitudo.
1623 1251 1732 1290 Quam
1742 1251 1777 1283 in
1790 1261 1858 1284 sos-

461 1296 570 1337 pitate
582 1295 696 1327 votiva
711 1295 770 1326 diu
795 1298 830 1326 et
852 1295 996 1326 feliciter
1011 1305 1206 1326 conservare
1228 1295 1389 1335 dignetur
1405 1295 1559 1336 potencia
1575 1295 1709 1327 Summi
1726 1295 1789 1327 Dei
1806 1296 1859 1328 ἔ-

462 1338 552 1371 Data
574 1339 609 1370 in
637 1339 786 1370 Manerio
813 1341 928 1370 nostro
954 1339 997 1370 de
1021 1338 1225 1378 Farendone,
1249 1338 1502 1380 Wyntoniensis
1526 1338 1684 1378 Diocenis,
1710 1339 1765 1371 die
1787 1337 1856 1380 xvij

461 1382 603 1424 predicti
615 1382 739 1414 mensis
756 1382 936 1421 Februarii,
951 1383 1050 1414 Anno
1063 1382 1200 1414 Domini
1216 1382 1277 1415 M0.
1292 1382 1419 1415 CCC¹¹¹⁰
1434 1383 1567 1423 lxxxmo,
1580 1385 1616 1414 et
1628 1382 1856 1415 Consecracio-

462 1427 514 1458 nis
526 1429 640 1457 nostre
664 1426 852 1458 undecimo.

416 1469 580 1502 —Forma
597 1469 865 1510 Professionis,—

418 1514 498 1554 Ego,
516 1514 661 1545 Thomas
678 1513 854 1554 Cullynge,
872 1512 1066 1544 Monasterii
1082 1513 1313 1555 Tavystochie,
1330 1516 1408 1553 etc.‚
1425 1514 1563 1545 Electus
1586 1513 1701 1545 Abbas
1716 1516 1753 1546 et
1768 1513 1854 1546 Con-

459 1557 625 1596 firmatus,
654 1557 811 1598 profiteor
837 1557 958 1588 Sancte
987 1556 1134 1588 Ecclesie
1160 1557 1351 1597 Exoniensi,
1376 1561 1411 1589 et
1433 1558 1507 1598 tibi,
1537 1557 1731 1589 Reverendo
1753 1557 1856 1589 Pater

460 1601 604 1633 Domine
619 1601 758 1640 Thoma,
775 1600 839 1632 Dei
854 1600 965 1640 gracia
986 1600 1141 1641 ejusdem
1154 1601 1300 1632 Ecclesie
1313 1601 1484 1642 Episcopo,
1498 1602 1635 1643 tuisque
1648 1600 1854 1633 Successori-

458 1645 523 1676 bus
539 1644 704 1677 canonice
720 1644 978 1685 substituendis,
998 1644 1199 1676 eanonicam
1222 1645 1256 1676 in
1280 1645 1438 1677 omnibus
1455 1645 1693 1677 Obedienciam
1716 1647 1752 1677 et
1772 1644 1854 1677 sub-

473 1698 650 1720 ecclonem.

415 1699 608 1764 —JLicencia
625 1730 763 1763 Domini
786 1731 1020 1772 wyntoniensis
1038 1731 1187 1773 Episcopi
1202 1731 1247 1763 ad
1262 1732 1564 1772 benedicendum,—

415 1775 552 1815 Thome,
579 1778 652 1815 etc„
680 1775 880 1814 Willelmus,
908 1775 1076 1807 etc.-Ad
1099 1775 1337 1807 celebrandum
1367 1779 1402 1808 et
1432 1776 1498 1808 rite
1522 1775 1775 1815 conferendum,
1799 1775 1855 1808 die

460 1819 599 1851 Sabbati
616 1819 771 1858 Quatuor
785 1819 990 1860 Temporum
1011 1819 1046 1850 in
1071 1819 1178 1860 prima
1199 1820 1385 1851 ebdomada
1406 1819 1566 1851 instantis
1582 1819 1852 1861 Quadragesime,

460 1863 496 1895 in
512 1873 726 1904 quocumque
742 1863 813 1894 loco
830 1863 971 1894 honesto
986 1865 1023 1894 et
1035 1863 1178 1904 ydoneo,
1195 1863 1282 1894 infra
1298 1867 1449 1895 nostram
1473 1863 1638 1895 Diocesim
1655 1864 1853 1904 constituto,

459 1917 562 1948 quem
578 1907 619 1938 ad
635 1906 698 1938 hoc
721 1906 886 1938 duxeritis
909 1906 1113 1947 eligendum,
1131 1907 1277 1939 subditis
1294 1908 1413 1939 vestris
1428 1917 1467 1939 ac
1481 1907 1553 1939 aliis
1570 1917 1631 1948 per
1645 1917 1724 1939 suos
1747 1908 1852 1948 Supe-

460 1951 562 1982 riores
577 1950 782 1981 sufficienter
797 1950 952 1990 dimissis,
969 1954 1039 1981 tam
1065 1949 1211 1991 Majores
1233 1961 1335 1992 quam
1361 1951 1506 1982 Minores
1530 1951 1767 1983 convenientes
1789 1950 1854 1982 sibi

461 1994 615 2033 Ordines,
633 2004 679 2033 ac,
697 2004 804 2035 usque
820 1994 965 2034 primam
981 1994 1203 2026 ebdomadam
1227 1994 1490 2035 Quadragesime
1513 1994 1663 2036 predicte
1678 1994 1852 2035 inclusive,

460 2048 586 2069 munus
603 2038 852 2069 Benediccionis
868 2038 1059 2069 Abbatibus
1075 2041 1186 2069 vestre
1201 2038 1350 2070 Diocesis
1372 2039 1651 2079 impendendum,
1667 2039 1854 2087 altariaque

460 2081 582 2113 viatica
595 2081 871 2121 benedicendum,
887 2082 1073 2113 Licenciam
1087 2082 1180 2113 vobis
1193 2082 1406 2114 concedimus
1418 2093 1477 2123 per
1488 2083 1672 2114 Presentes.
1705 2082 1746 2114 In
1758 2090 1855 2123 cujus

463 2125 521 2164 rei,
537 2125 737 2157 etQ—Data.
751 2126 786 2156 in
804 2125 962 2166 Hospicio
977 2128 1094 2157 nostro
1116 2126 1151 2157 in
1167 2125 1378 2166 Suthwerke,
1394 2126 1442 2167 xij
1461 2126 1514 2157 die
1529 2125 1655 2158 mensis
1672 2125 1854 2165 Februarii,

462 2169 561 2200 Anno
577 2169 714 2200 Domini
731 2167 794 2201 ΜΟ.
812 2168 939 2201 COCm0
954 2169 1087 2209 lxxx-¹¹⁰,
1104 2172 1140 2200 et
1150 2172 1265 2201 nostre
1279 2169 1546 2202 consecracionis
1558 2169 1821 2211 quartodecimo.

419 2212 466 2244 Et
480 2223 522 2244 ex
533 2212 746 2244 habundanti
755 2212 926 2244 emanavit
938 2211 1151 2252 Mandatum,
1164 2213 1256 2245 dicto
1271 2213 1415 2254 septimo
1424 2213 1553 2244 decimo
1564 2213 1619 2244 die
1631 2213 1754 2245 mensis
1770 2212 1854 2245 Feb-

461 2257 566 2287 ruarii
588 2256 772 2297 prescripti,
790 2256 957 2288 directum
974 2256 1080 2288 Priori
1096 2259 1132 2288 et
1155 2256 1347 2289 Conventui
1369 2257 1451 2288 dicti
1473 2256 1670 2288 Monasterii
1691 2256 1854 2299 Tavysto-

461 2299 546 2339 chie,
570 2303 610 2331 ut
624 2300 695 2332 sint
709 2300 903 2331 obedientes
919 2302 954 2332 et
968 2300 1184 2332 intendentes
1199 2300 1291 2332 dicto
1306 2300 1442 2332 Abbati.

418 2354 579 2396 BLACK
600 2355 911 2397 TORRINGTON
933 2354 1315 2411 [Blaketorytone‚
1339 2354 1466 2410 MS.]‚
1490 2354 1538 2396 R.

421 2413 477 2445 Sir
496 2412 631 2445 Thomas
645 2413 684 2445 de
700 2413 887 2454 Sekyndone
902 2413 1095 2454 exchanged
1111 2413 1280 2445 Benefiees
1295 2413 1379 2445 with

420 2457 474 2488 Sir
489 2457 601 2488 Simon
615 2456 655 2488 de
672 2457 834 2496 Morecote,
852 2457 891 2488 R.
909 2456 945 2488 of
961 2457 1174 2498 Bletchingly
1191 2456 1351 2498 (Sum-ey),
1367 2456 1444 2488 who
1466 2467 1533 2488 was
1555 2456 1635 2489 inst.
1654 2456 1704 2496 (at
1721 2456 1858 2498 Faring-

465 2501 548 2539 don)
564 2499 604 2534 27
622 2500 794 2541 February
808 2511 817 2540 ;
843 2501 978 2539 Patron,
995 2500 1049 2532 Sir
1064 2500 1209 2532 Richard
1233 2500 1406 2541 Seymour‚
1423 2500 1507 2532 Knt.
1552 2500 1631 2532 And
1655 2500 1859 2543 Sekyndono

465 2554 532 2575 was
546 2544 624 2576 inst.
642 2547 679 2575 to
694 2544 918 2585 Bletchingly,
934 2546 971 2576 at
985 2544 1045 2575 the
1059 2554 1151 2575 same
1165 2544 1259 2582 time,
1277 2545 1320 2586 by
1336 2543 1396 2575 the
1411 2543 1537 2584 Bishop
1553 2543 1589 2575 of
1604 2544 1738 2583 Exeter,
1751 2543 1787 2575 in
1799 2543 1861 2576 the

467 2597 587 2629 person
603 2587 639 2619 of
653 2587 744 2619 John
757 2587 988 2629 Ebryghtone,
1005 2587 1104 2626 clerk,
1121 2587 1157 2619 of
1170 2587 1230 2618 the
1242 2587 1382 2619 Diocese
1392 2587 1427 2618 of
1436 2587 1632 2625 Worcester,
1649 2586 1702 2619 his
1713 2587 1862 2628 Ptootor,

466 2631 575 2662 under
590 2642 610 2662 a
626 2631 846 2663 Gommission
871 2631 958 2662 from
982 2631 1130 2663 william
1153 2631 1196 2662 de
1218 2631 1416 2672 wykeham,
1434 2630 1559 2671 Bishop
1574 2630 1611 2662 of
1632 2630 1857 2671 winchester,

467 2674 568 2706 dated
585 2677 621 2706 at
638 2674 826 2715 Highclere,
843 2675 884 2707 29
900 2675 979 2707 Dec.
998 2685 1007 2715 ;
1031 2675 1166 2714 Patron,
1183 2674 1237 2706 Sir
1252 2674 1366 2716 Hugh,
1385 2674 1463 2706 Earl
1478 2674 1514 2705 of
1528 2674 1686 2706 Stafford.

314 2727 367 2789 {g-
425 2727 962 2771 NEWTON-POPPLEFORD
983 2744 994 2782 ;
1026 2728 1255 2784 Perpetua
1278 2728 1506 2771 Gantamla
1535 2726 1588 2770 de
1617 2726 1864 2784 Nywatone

485 2785 851 2843 Popelaforde‚——

426 2843 548 2877 Gabert
566 2845 691 2885 Huqhe,
708 2845 872 2887 chaplain,
887 2856 955 2877 was
970 2845 1048 2878 inst.
1067 2845 1118 2885 (at
1134 2844 1254 2887 Clyst),
1272 2845 1312 2877 18
1329 2844 1445 2877 March
1462 2854 1471 2884 3
1494 2854 1537 2876 on
1553 2844 1613 2876 the
1628 2843 1863 2877 Presentation

468 2887 504 2919 of
519 2888 644 2919 Max-tin
659 2889 701 2920 de
718 2889 862 2928 Ferrers,
878 2889 1006 2921 Robert
1019 2888 1277 2930 Vaggescombe,
1294 2888 1394 2928 clerk,
1412 2888 1480 2920 and
1502 2887 1594 2920 John
1621 2888 1652 2920 H
1657 2887 1734 2928 ulle,
1757 2890 1864 2921 attor-

470 2932 702 2974 neys-general
717 2932 753 2964 of
768 2932 823 2967 Sir
840 2932 984 2966 Edward
999 2932 1042 2964 de
1058 2932 1260 2976 Oourtenay,
1277 2931 1356 2964 Earl
1371 2932 1408 2965 of
1422 2931 1550 2975 Devon,
1565 2931 1625 2965 the
1636 2934 1715 2964 true
1726 2931 1864 2967 Patron.
