1988 3256
497 368 785 407 REGISTRUM
809 368 1273 407 οοΜΜῦΝΕ-ΑΝΝΟ
1301 359 1395 407 14⁰.
1614 358 1709 407 507

155 474 232 501 A-D·
306 475 468 507 facturus
491 478 527 507 et
552 478 759 516 recepturus
783 477 820 507 in
844 476 1026 517 premissis
1056 478 1093 507 et
1124 486 1166 507 ea
1190 476 1419 515 tangentibus
1446 476 1539 517 quod
1565 475 1709 517 justicia

154 509 260 569 93314·
308 521 479 552 suadebit.
538 521 583 551 Et
602 521 686 561 quid
713 521 870 552 feceritis
894 521 931 551 in
954 521 1135 561 premissis
1158 521 1322 552 omnibus
1345 521 1548 552 certificetis
1571 521 1707 551 dictum

307 567 469 596 nostrum
487 564 689 604 officialem,
706 568 768 596 aut
785 566 871 597 dicti
884 565 1091 597 Consistorii
1110 565 1222 596 nostri
1241 565 1447 596 Exoniensis
1464 565 1707 596 Presidentem

310 619 574 650 quemcumque,
591 620 654 649 per
668 613 816 648 vestras,
833 612 911 648 etc.‚
929 620 990 641 seu
1011 610 1182 641 certificet
1204 610 1263 640 ille
1287 612 1446 640 vestrum
1469 610 1528 650 qui
1551 619 1707 650 presenS,

311 654 540 686 etc.—Dated
555 656 592 684 at
610 654 817 694 Chudleigh,
836 655 878 685 18
892 655 914 685 J
916 664 1063 695 anuary.

269 723 505 762 llfracombe
519 738 529 771 3
560 724 737 762 Monicio
752 738 800 761 ne
811 723 923 773 fiant
937 723 1230 773 neqociaciones
1243 724 1303 761 vel
1316 724 1503 762 nundine
1518 724 1566 762 in
1583 724 1708 763 Cimi-

320 778 417 816 terio
436 779 482 817 de
501 778 844 828 Iffridecombe,—

268 835 430 873 Thomas,
448 837 526 873 etc.‚
543 834 682 865 dilectis
705 834 786 866 filiis
813 832 930 874 [space
952 844 1021 864 ‘uvas
1046 834 1104 873 lest
1129 834 1203 864 here
1221 834 1278 873 sor
1302 834 1355 864 the
1378 832 1526 875 πατηθῇ,
1544 835 1706 875 salutem,

312 879 526 918 etc.-—Cum‚
559 878 752 910 secundum
785 878 980 910 Canonicas
1012 878 1223 909 Sancciones
1253 881 1289 909 et
1322 878 1532 910 Sanctorum
1560 879 1706 910 Patrum

316 923 459 954 Statuta
475 923 511 953 in
528 923 594 954 hac
609 926 711 963 parte
727 923 795 954 rite
811 923 916 961 edita,
934 923 970 953 in
996 922 1162 954 Ecclesiis
1185 933 1376 963 earumque
1394 923 1586 955 Cimiteriis
1602 934 1706 964 nego-

314 968 488 999 ciaciones
497 978 645 1006 cessare,
658 970 694 998 et
706 967 870 1007 precipue
887 967 1125 997 nundinarum
1136 977 1177 998 ac
1189 967 1257 998 fori
1269 967 1520 1008 cujuscumque
1533 969 1708 1000 tumultus

314 1013 429 1053 omnis
444 1012 481 1042 in
497 1012 548 1043 eis
572 1012 782 1043 secularium
804 1011 1016 1052 judiciorum
1042 1012 1211 1051 strepitus
1234 1012 1490 1052 conquiescere,
1507 1013 1604 1043 nulla
1620 1013 1707 1043 inibi

315 1067 421 1088 causa
432 1067 495 1096 per
510 1057 626 1094 laicos,
644 1056 837 1087 criminalis
854 1056 1016 1094 maxime,
1033 1056 1090 1095 agi
1103 1056 1265 1095 debeant,
1283 1059 1337 1086 set
1357 1059 1439 1087 sunt
1455 1057 1532 1087 loca
1547 1057 1670 1088 eadem
1687 1068 1708 1088 a

313 1101 483 1132 laicorum
491 1100 754 1141 cognicionibus
763 1100 879 1131 aliena
888 1115 895 1138 ;
908 1100 1000 1141 quod
1008 1100 1128 1131 volens
1136 1100 1308 1131 Dominus
1315 1101 1334 1131 J
1338 1101 1443 1132 hesus
1453 1101 1624 1140 Christus,
1634 1104 1707 1132 tam

315 1145 431 1176 verbis
447 1155 551 1186 quam
576 1145 749 1185 operibus,
767 1145 966 1184 specialiter
983 1145 1179 1184 designare,
1197 1145 1334 1184 flagello
1355 1144 1452 1176 facto
1469 1146 1511 1176 de
1528 1146 1706 1185 funiculis,

315 1192 474 1221 ementes
500 1192 536 1220 et
562 1189 756 1220 vendentes
786 1189 891 1230 ejecit
923 1189 965 1220 de
997 1189 1151 1229 Templo,
1183 1199 1390 1220 asseverans
1420 1190 1572 1220 Domum
1601 1190 1707 1221 Suam

316 1235 468 1265 Domum
480 1233 556 1265 fore
570 1234 762 1272 Oraeionis,
773 1236 809 1264 et
819 1244 882 1273 per
891 1234 962 1264 tale
973 1233 1223 1264 commercium
1239 1233 1371 1264 factam
1382 1234 1492 1265 fuisse
1503 1235 1707 1275 speluncam

314 1279 511 1316 latronum3
534 1278 705 1316 nonnulli,
727 1281 858 1316 tamen,
882 1278 924 1308 de
949 1277 1096 1308 diversis
1119 1277 1300 1309 Parochiis
1323 1278 1369 1308 ad
1393 1278 1586 1309 Ecclesiam
1603 1279 1707 1310 Paro-

315 1323 464 1354 chialem
489 1323 531 1353 de
554 1322 801 1353 Ilfridecombe
818 1325 853 1353 et
879 1321 1100 1353 Cimiterium
1122 1322 1280 1362 ejusdem
1303 1323 1530 1362 confluentes,
1547 1324 1706 1363 negocia-

314 1367 500 1407 cionesque
516 1367 672 1398 diversas
688 1369 724 1398 et
742 1366 860 1397 forum
876 1366 914 1396 in
937 1366 1069 1397 eisdem
1092 1366 1249 1397 Ecclesia
1264 1370 1300 1397 et
1317 1366 1499 1398 Cimiterio
1515 1378 1707 1407 excercere,

0 1446 2 1452 Ι
315 1412 447 1442 Diebus
463 1411 656 1442 Dominicis
678 1414 715 1442 et
740 1411 899 1449 Festivis,
916 1420 957 1441 ac
980 1411 1067 1441 inibi
1090 1411 1284 1441 tumultum
1307 1410 1424 1442 facere
1448 1422 1518 1442 non
1535 1415 1707 1451 verentes,

0 1462 10 1491 t
314 1455 443 1486 Divina
459 1455 580 1486 Officia
595 1456 632 1485 in
648 1455 771 1486 eadem
796 1455 900 1486 dictis
923 1455 1054 1485 Diebus
1077 1455 1286 1485 celebranda
1309 1455 1508 1495 impediunt
1523 1459 1656 1487 temere
1672 1460 1708 1488 et

316 1500 458 1540 injuste,
469 1500 506 1530 in
522 1499 719 1530 animarum
738 1509 881 1530 suarum
897 1499 1030 1539 grande
1046 1499 1241 1539 periculum
1257 1506 1293 1530 et
1309 1500 1458 1530 aliorum
1470 1501 1707 1540 perniciosum

317 1544 526 1584 exemplum.
572 1543 655 1582 Nos,
672 1554 764 1582 vero,
781 1543 983 1584 hujusmodi
1008 1543 1137 1574 delicta
1161 1543 1225 1574 sub
1249 1543 1533 1575 dissimulacione
1555 1546 1707 1576 tolerare

317 1589 465 1619 ulterius
481 1588 750 1619 conniventibus
765 1588 875 1618 oculis
890 1598 961 1618 non
977 1587 1146 1626 valentes,
1162 1588 1262 1618 vobis
1277 1588 1494 1629 conjunctim
1511 1592 1546 1620 et
1563 1590 1708 1621 cuilibet

317 1635 474 1663 vestrum
491 1632 642 1671 divisim,
658 1635 736 1670 etc.‚
753 1632 963 1662 mandamus
979 1632 1156 1672 quatinus,
1173 1632 1291 1670 semel,
1309 1633 1472 1672 secundo,
1489 1636 1525 1664 et
1541 1634 1650 1665 tercio
1667 1644 1708 1665 ac

317 1677 562 1717 peremptorie,
572 1677 609 1706 in
622 1686 750 1715 genere
765 1676 923 1716 legitime
939 1677 1122 1715 moneatis,
1139 1679 1175 1707 et
1191 1676 1380 1707 efficaciter
1388 1677 1574 1717 inducatis,
1586 1689 1708 1710 omnes

317 1724 353 1752 et
369 1722 525 1761 singulos
541 1721 578 1751 in
595 1720 689 1751 dicta
706 1720 862 1751 Ecclesia
877 1723 939 1751 aut
956 1720 1137 1751 Cimiterio
1153 1720 1311 1761 ejusdem
1328 1722 1602 1761 negociaciones‚
1619 1724 1706 1753 nun'-

318 1765 430 1804 dinus,
447 1775 507 1796 seu
523 1765 640 1796 forum
664 1775 835 1803 exercere,
852 1768 913 1795 aut
937 1765 1053 1805 aliqua
1076 1765 1305 1796 mercimonia
1327 1775 1443 1796 emere
1467 1776 1529 1797 seu
1545 1767 1706 1807 vendere,

318 1810 579 1850 tumultumque
594 1809 662 1840 fori
686 1809 936 1850 cujuscumque
960 1808 1078 1840 facere
1102 1811 1297 1848 consuetos,
1314 1809 1408 1840 infra
1432 1810 1552 1841 decem
1569 1811 1706 1842 dierum

318 1855 474 1894 spacium
499 1864 520 1884 a
543 1857 700 1893 tempore
726 1854 933 1884 Monicionis
962 1856 1079 1884 vestre
1103 1853 1268 1884 continue
1293 1855 1561 1894 numerandum,
1586 1866 1606 1886 a
1629 1866 1705 1896 pre-

316 1899 434 1930 missis
449 1898 687 1928 nundinarum
711 1900 747 1928 et
770 1897 838 1928 fori
862 1898 1052 1929 excercicio
1068 1900 1103 1928 et
1126 1898 1293 1936 tumultu,
1309 1898 1346 1928 in
1370 1899 1474 1930 dictis
1499 1899 1655 1931 Ecclesia
1671 1903 1707 1931 et

319 1942 501 1973 Cimiterio
532 1942 607 1973 fieri
639 1942 761 1980 solitis,
793 1944 931 1973 cessent
961 1942 1102 1982 penitus
1133 1946 1169 1973 et
1199 1942 1381 1981 desistant,
1406 1943 1494 1974 talia
1522 1944 1565 1975 de
1589 1950 1707 1976 cetero

317 1997 498 2018 excercere
524 1990 586 2017 aut
610 1986 727 2017 facere
754 1986 791 2016 in
814 1987 901 2018 locis
931 1986 1099 2026 predictis
1129 1986 1332 2018 nullatenus
1361 1990 1615 2027 presumentes,
1641 1989 1707 2020 sub

317 2031 701 2062 Excommunicacionis
727 2030 871 2071 Majoris
894 2041 986 2071 pena
1016 2031 1052 2060 in
1083 2031 1400 2070 contravenientes,
1419 2033 1706 2072 contradictores,

319 2086 380 2106 seu
416 2076 563 2106 rebelles
594 2075 630 2105 in
662 2075 728 2106 hac
758 2078 858 2115 parte
897 2085 1132 2115 quoscumque
1164 2085 1234 2106 non
1266 2075 1443 2107 immerito
1473 2076 1706 2108 fulminande.

318 2120 492 2160 Alioquin,
525 2120 554 2150 si
585 2130 671 2160 quos
701 2119 903 2160 hujusmodi
941 2119 1195 2150 Monicionibus
1226 2120 1354 2150 vestris
1384 2122 1638 2159 contravenire,
1669 2124 1706 2152 et

316 2164 448 2195 eisdem
460 2174 583 2204 parere
593 2164 793 2204 repereritis
805 2174 876 2194 non
891 2166 1066 2202 curantes,
1081 2163 1304 2194 Sentenciam
1321 2164 1707 2197 Excommunicacionis

320 2209 472 2249 Majoris,
483 2209 578 2239 dicta
588 2207 765 2239 Canonica
782 2208 977 2238 Monicione
992 2208 1173 2247 premissa,
1190 2208 1225 2238 in
1243 2209 1383 2239 eosdem
1401 2210 1572 2240 studeatis
1588 2210 1706 2241 debite

316 2253 550 2292 promulgare.
595 2252 652 2282 Ad
674 2263 740 2292 que
764 2252 935 2292 premissa
950 2252 1114 2282 facienda
1128 2252 1237 2290 vobis,
1253 2253 1488 2284 communiter
1503 2256 1539 2285 et
1555 2254 1706 2294 divisim,

317 2297 571 2327 committimus
586 2297 680 2327 vices
695 2299 844 2335 nostras,
861 2307 941 2327 cum
964 2296 1152 2337 cujuslibet
1168 2297 1384 2328 cohercionis
1401 2298 1575 2329 Canonioe
1590 2301 1705 2339 potes-

319 2343 402 2372 tate.
450 2341 496 2371 Et
519 2341 601 2381 quid
626 2340 661 2370 in
685 2341 866 2380 premissis
887 2340 1044 2371 feceritis
1067 2351 1141 2379 nos,
1165 2341 1255 2371 citra
1279 2341 1422 2372 Festum
1447 2342 1590 2381 Pasche,
1613 2354 1704 2374 com-

163 2383 208 2410 f01·
223 2382 299 2410 113b.
319 2385 474 2416 muniter
485 2385 540 2415 vel
556 2385 706 2422 divisim,
723 2385 839 2415 debite
856 2385 1068 2424 certificetiS,
1082 2385 1306 2416 Presencium
1319 2396 1399 2416 cum
1412 2387 1706 2421 tenore.—Dated

313 2432 351 2461 at
368 2429 575 2469 Chudleigh,
593 2429 634 2460 18
649 2429 671 2460 J
672 2439 819 2470 anuary.
1639 2436 1642 2439 ⁴

0 1272 2 1274 -
0 1232 7 1254 η-
0 1162 8 1207 -w
0 1022 9 1149 νν--ψ-
0 834 8 1010 —v--w-w—yw

271 2495 468 2545 Colyton;
498 2493 711 2531 Relmaaeio
743 2492 941 2542 sequestri
973 2492 1198 2542 interpositi
1231 2493 1278 2531 in
1296 2495 1505 2543 fiuctibus
1537 2496 1704 2534 Ecclesia

323 2547 576 2586 Parochialis
593 2548 639 2585 de
661 2547 914 2596 Colytone,—

274 2605 436 2641 Thomas,
467 2606 544 2642 etc.‚
569 2603 709 2634 Decano
733 2603 775 2633 de
801 2603 1000 2643 Honytone,
1024 2605 1060 2633 et
1085 2603 1268 2643 Perpetuis
1291 2603 1440 2635 Vicariis
1466 2605 1701 2636 Ecclesiarum

319 2647 574 2679 Parochialium
593 2647 635 2678 de
653 2647 780 2678 Setone
795 2649 831 2677 et
842 2647 1086 2687 Axemynstre,
1099 2648 1259 2686 salutem,
1272 2649 1475 2679 etc—Cum
1492 2660 1556 2680 nos
1572 2650 1608 2680 in
1625 2661 1701 2681 nos-

318 2692 384 2723 tris
401 2691 553 2722 Civitate
569 2694 605 2722 et
623 2691 770 2730 Diocesi,
786 2690 864 2731 jure
881 2691 1067 2729 ordinario,
1084 2702 1147 2731 per
1162 2702 1225 2722 nos
1248 2694 1284 2722 et
1304 2695 1419 2724 certos
1436 2693 1702 2725 Commissarios

318 2740 467 2774 nostros,
484 2735 528 2766 ad
545 2735 610 2766 hoc
626 2746 647 2766 a
662 2735 763 2766 nobis
778 2735 935 2774 legitime
952 2735 1149 2775 deputatos,
1166 2736 1392 2767 visitacionis
1408 2737 1566 2768 Officium
1585 2738 1714 2769 debite·

317 2783 551 2818 excercentes,
567 2779 660 2810 inter
675 2782 793 2810 cetera
809 2779 994 2810 nonnullos
1010 2779 1169 2810 defectus
1186 2780 1222 2810 in
1240 2780 1403 2811 Cancello
1420 2782 1574 2813 Ecclesie
1598 2783 1701 2813 Paro-

318 2825 442 2855 chialis
463 2824 506 2854 de
530 2823 700 2863 Colytone
727 2823 861 2854 notorie
884 2823 1120 2862 imminentes,
1137 2834 1178 2854 ac
1201 2825 1425 2864 reparacione
1448 2828 1484 2856 et
1508 2826 1702 2858 refeccione

317 2868 516 2899 necessaria
542 2867 752 2907 indigentes,
777 2867 836 2907 qui
867 2867 924 2898 vix
949 2877 1030 2898 cum
1061 2878 1107 2898 xv
1137 2868 1235 2898 libris
1267 2869 1517 2908 sterlingorum
1548 2880 1701 2909 congrue

315 2915 482 2953 poterunt
498 2911 664 2952 reparari,
677 2911 910 2951 comperimus
923 2911 1128 2949 manifeste;
1145 2922 1292 2952 quorum
1306 2913 1508 2944 defectuum
1522 2915 1702 2946 occasione

318 2956 466 2996 fructus,
483 2955 650 2995 redditus,
667 2958 703 2986 et
718 2957 910 2996 proventus
924 2955 1061 2995 prefate
1075 2955 1229 2987 Ecclesie
1242 2956 1284 2987 de
1299 2956 1478 2998 Colytone,
1491 2958 1528 2989 in
1540 2969 1702 2999 quorum-
