1988 3256
305 322 396 370 172
505 336 605 369 THE
641 336 888 371 REGISTER
923 335 983 370 OF
1018 334 1197 371 BISHOP
1232 335 1641 373 BRANTYNGHAM.

294 440 371 467 ΑΒ·
446 443 550 476 Sociis
574 444 658 485 ejus,
675 444 698 476 J
702 444 878 476 usticiariis
899 443 1037 476 Domini
1061 443 1168 475 nostri
1192 443 1290 484 Regis
1313 443 1356 475 de
1374 454 1464 485 pace,
1479 454 1580 485 super
1600 454 1639 475 eo
1661 443 1753 485 quod
1770 443 1833 474 Die

295 475 370 535 {733}
446 487 622 519 Dominica
638 488 788 529 proxima
803 491 879 529 post
895 488 1035 520 Festum
1051 487 1165 520 Sancti
1183 486 1366 527 Laurencii,
1378 487 1476 519 Anno
1491 488 1596 520 tercio
1613 487 1719 529 Regni
1735 486 1835 528 Regis

295 541 336 568 11,
447 531 580 563 Ricardi
595 531 720 571 [1379],
732 531 871 563 felonice
883 531 1054 563 interfecit
1066 531 1252 563 Walterum
1269 531 1470 571 Govelonde,
1486 531 1577 572 apud
1594 531 1722 571 Nymet
1738 530 1832 571 Epis·

447 575 529 616 copi,
542 575 576 607 in
589 575 737 606 decenna
749 576 791 606 de
806 576 836 606 N
839 579 933 616 ymet
950 575 1112 616 Episcopi,
1123 577 1159 607 et
1170 585 1281 606 coram
1291 575 1419 606 Thoma
1431 575 1621 614 Dabernon,
1631 575 1834 607 Coronatore

446 619 637 651 Comitatus
654 619 801 650 Devenie
816 629 823 657 ;
840 622 874 650 et
890 619 1106 659 postmodum
1122 629 1233 650 coram
1250 618 1396 650 Roberto
1412 619 1574 650 Tresilian
1588 622 1624 650 et
1640 618 1744 651 Sociis
1753 618 1833 657 suis,

448 663 583 694 Domini
610 662 716 694 nostri
744 663 842 703 Regis
873 663 894 694 J
897 662 1084 702 usticiariis,
1117 662 1283 694 maliciose
1312 662 1425 694 fuerat
1454 662 1641 694 indictatus
1657 671 1665 701 ;
1692 672 1832 701 necnon,

445 707 590 738 Thomas
614 707 656 738 de
684 706 716 737 la
738 706 828 737 Mare
848 706 1020 747 predictus
1044 717 1145 747 super
1165 716 1203 737 eo
1230 706 1321 747 quod
1343 705 1424 747 ipse,
1441 709 1539 738 nocte
1560 706 1635 738 Diei
1658 705 1834 737 Dominioe

446 754 520 791 post
532 750 671 781 Festum
688 750 803 782 Sancti
819 749 999 789 Michaelis,
1013 750 1111 781 Anno
1127 749 1234 790 Regni
1251 749 1349 791 Regis
1366 760 1456 781 nunc
1471 753 1590 782 octavo
1601 749 1727 789 [1384],
1740 749 1832 790 apud

444 794 628 835 Sygedone,
645 794 679 824 in
696 794 843 825 decenna
859 794 901 824 de
918 793 1123 826 Churletone
1145 793 1358 833 [UharlebonL
1375 793 1514 825 felonice
1529 793 1664 824 furatus
1678 792 1748 824 fuit
1762 795 1832 824 tres

444 838 554 877 boves,
570 837 672 878 precii
690 837 829 878 triginta
851 848 910 868 sex
932 837 1127 875 solidorum,
1154 837 1196 868 de
1219 837 1315 868 bonis
1338 840 1373 868 et
1395 837 1524 869 catallis
1544 835 1706 868 Willelmi
1726 836 1831 875 Gova,

435 878 484 914 'de
499 881 684 922 Sygedone,
701 891 811 912 coram
827 881 848 912 J
851 881 982 912 ohanne
998 881 1199 919 Prestecote,
1216 880 1403 912 Senescallo
1421 880 1602 912 Libertatis
1625 880 1767 912 Manerii
1788 880 1831 912 de

443 925 648 957 Churletone
667 933 676 962 ;
707 935 744 955 ac
771 925 998 965 postmodum,
1023 934 1134 956 coram
1159 924 1305 956 Roberto
1328 924 1541 966 Bealknappe
1564 928 1600 955 et
1623 923 1726 956 Sociis
1748 923 1827 963 suis,

442 969 463 1001 J
467 968 644 1000 usticiariis
674 968 811 999 Domini
839 968 937 1009 Regis
969 968 1118 1008 predicti,
1150 967 1316 999 maliciose
1354 968 1459 999 eciam
1489 968 1602 999 fuerat
1630 967 1826 999 indictatus.

440 1013 541 1045 Unde
566 1012 668 1043 iidem
695 1012 861 1043 Walterus
888 1015 923 1043 et
949 1012 1103 1051 Thomas,
1132 1012 1300 1043 occasione
1320 1012 1533 1052 quarundam
1561 1011 1827 1052 Inquisicionum

440 1056 632 1098 juratorum
649 1055 819 1095 laicorum,
838 1066 895 1096 per
912 1055 1057 1096 prefatos
1074 1056 1094 1087 J
1100 1055 1294 1094 usticiarios,
1310 1058 1485 1096 tamquam
1497 1055 1546 1086 rei
1557 1055 1736 1086 criminum
1754 1066 1826 1096 pre·

441 1100 610 1131 dictorum
626 1099 812 1139 dampnati,
832 1099 1002 1140 privilegio
1018 1099 1159 1130 clericali
1175 1109 1210 1130 se
1226 1102 1422 1140 protegente
1438 1098 1538 1140 juxta
1561 1098 1827 1130 Ecclesiasticam

442 1143 647 1174 Libertatem
664 1146 699 1173 et
716 1143 822 1183 Regni
840 1142 958 1183 Anglie
982 1142 1280 1182 Consuetudinem,
1298 1143 1394 1174 nobis
1410 1146 1443 1174 et
1460 1142 1583 1174 carceri
1605 1146 1721 1174 nostro
1737 1142 1824 1174 Exo-

440 1187 548 1218 niensi
563 1186 748 1218 extiterant
763 1186 906 1225 liberati,
925 1189 1028 1227 prout
1044 1186 1203 1226 premissa
1216 1186 1328 1217 omnia
1343 1197 1385 1218 ex
1401 1186 1484 1217 actis
1499 1188 1535 1217 et
1549 1185 1698 1217 actitatis
1714 1186 1748 1217 in
1765 1186 1828 1218 hac

440 1234 543 1272 parte,
558 1240 703 1271 quorum
720 1230 829 1270 copias
846 1229 946 1261 inseri
962 1229 1102 1260 fecimus
1117 1229 1152 1260 in
1169 1229 1295 1261 cedulis
1318 1229 1382 1261 hiis
1405 1230 1553 1268 annexis,
1571 1229 1702 1270 plenius
1717 1229 1825 1261 conti-

438 1277 573 1305 nentur.
621 1273 758 1313 Verum,
775 1273 854 1314 quia
870 1273 972 1304 iidem
992 1273 1157 1304 Walterus
1172 1276 1207 1304 et
1223 1273 1369 1305 Thomas
1384 1283 1485 1314 super
1500 1272 1695 1304 criminibus
1710 1283 1825 1314 supra-

437 1317 537 1349 dictis
552 1317 621 1348 sint
635 1316 829 1348 innocentes
845 1320 879 1348 et
894 1317 1060 1356 inmunes,
1077 1319 1113 1348 et
1128 1319 1271 1357 uterque
1294 1327 1409 1348 eorum
1432 1317 1591 1348 innocens
1606 1316 1652 1348 sit
1666 1320 1702 1348 et
1715 1317 1825 1349 inmu-

436 1361 498 1400 nis,
515 1360 670 1392 fecerunt
685 1360 780 1391 nobis
798 1360 992 1401 frequenter
1014 1363 1049 1391 et
1072 1360 1246 1391 humiliter
1260 1360 1440 1401 supplicari
1463 1360 1624 1400 quatinus
1639 1361 1683 1392 ad
1699 1360 1822 1402 Purga-

436 1405 565 1436 cionem
582 1403 775 1442 eorundem,
792 1407 826 1435 et
842 1414 957 1435 eorum
982 1404 1167 1445 utriusque,
1190 1403 1226 1434 in
1249 1403 1357 1435 forma
1380 1404 1525 1435 Ecclesie
1540 1406 1699 1435 consueta
1715 1415 1825 1445 proce-

435 1448 522 1487 dere,
540 1458 578 1479 ac
601 1447 682 1478 alias
703 1447 875 1488 justiciam
898 1447 1015 1486 facere,
1031 1457 1237 1479 curaremus.
1284 1447 1363 1487 Nos,
1379 1447 1479 1479 variis
1495 1450 1530 1478 et
1545 1447 1659 1479 arduis
1681 1448 1826 1489 negociis

435 1491 616 1523 Ecclesiam
633 1494 782 1522 nostram
800 1491 1023 1522 Exoniensem
1040 1491 1224 1532 predictam
1248 1491 1464 1532 tangentibus
1481 1491 1715 1532 multipliciter
1729 1502 1824 1524 occu·

423 1535 516 1576 .pati,
544 1533 739 1575 hujusmodi
766 1535 894 1575 negocii
920 1534 1127 1575 expedicioni
1150 1535 1192 1566 ad
1216 1545 1352 1575 presens
1368 1535 1544 1566 intendere
1559 1545 1627 1566 non
1643 1535 1821 1568 valemus:

431 1579 472 1610 ad
488 1578 707 1618 audiendum,
722 1578 836 1619 igitur,
854 1578 1125 1617 examinandum,
1143 1578 1407 1618 discuciendum,
1432 1581 1467 1610 et
1489 1578 1556 1610 fine
1578 1578 1693 1610 debito
1708 1579 1822 1611 termi-

434 1623 585 1654 nandum
601 1622 776 1663 negocium
793 1625 1029 1658 memoratum,
1048 1632 1175 1653 necnon
1199 1622 1311 1653 omnia
1326 1625 1362 1654 et
1376 1622 1509 1663 singula
1523 1622 1559 1654 in
1575 1622 1637 1654 hac
1652 1626 1747 1664 parte
1763 1633 1822 1655 ne-

431 1666 570 1698 cessaria
587 1669 622 1697 et
637 1666 742 1697 eciam
758 1668 926 1705 consueta,
944 1666 1038 1697 vobis
1054 1666 1279 1697 communiter
1293 1669 1329 1697 et
1343 1665 1490 1705 divisim,
1509 1666 1551 1697 de
1566 1676 1722 1708 quorum,
1739 1669 1819 1707 etc„

429 1710 517 1742 vices
534 1713 665 1741 nostras
681 1709 926 1741 committimus
942 1712 977 1741 et
993 1709 1175 1751 plenariam
1192 1713 1394 1750 potestatem
1406 1710 1424 1723 ’¹
1440 1710 1517 1750 (not
1532 1709 1658 1750 dated).

276 1763 533 1800 [OcT0-194.—“
546 1763 643 1801 Item,
663 1762 793 1794 decimo
816 1765 911 1794 sexto
927 1762 981 1794 die
997 1762 1121 1794 mensis
1137 1763 1301 1800 Octobris,
1320 1763 1419 1795 Anno
1444 1763 1580 1795 Domini
1596 1763 1749 1804 proximo
1764 1774 1818 1796 su-

277 1800 359 1829 mm]
431 1807 592 1849 pradiuto,
611 1806 777 1837 Dominus
795 1806 934 1847 prefecit
950 1807 1151 1847 Magistrum
1167 1806 1331 1838 Thomam
1354 1806 1472 1839 Noelle
1495 1806 1530 1838 in
1555 1807 1738 1839 Officialem
1760 1818 1820 1840 sue

430 1851 609 1883 Peculiaris
626 1850 646 1882 J
651 1849 878 1882 urisdiccionis
903 1850 1106 1891 ubicumque
1128 1850 1164 1881 in
1190 1850 1368 1890 Oornubia,
1385 1860 1423 1882 ac
1438 1849 1728 1891 Sequestratorem
1743 1861 1753 1890 ς
1783 1851 1819 1884 in

429 1895 547 1933 forma,
563 1897 628 1926 etc.

275 1951 326 1978 fol.
383 1949 555 1986 195.—To
570 1949 630 1980 the
645 1948 759 1980 Abbat
782 1948 816 1980 of
838 1948 1185 1987 TAVISTOCK.—Sane,
1202 1947 1289 1988 licet,
1305 1948 1492 1980 secundum
1516 1948 1694 1981 Sacrorum
1711 1950 1816 1982 Cano-

275 1985 337 2013 47b.
429 2004 512 2025 num
529 1992 705 2031 Instituta,
722 2003 838 2023 omnes
854 1995 889 2023 et
904 1991 1029 2031 singuli
1046 1991 1200 2023 Monachi
1213 1995 1274 2023 aut
1293 1992 1470 2032 Regulares
1487 1992 1655 2032 Canonici,
1672 1994 1814 2026 admini-

429 2037 628 2068 stracionem
651 2036 797 2076 aliquam
822 2045 888 2066 non
912 2035 1085 2072 habentes,
1101 2035 1169 2076 qui,
1186 2035 1281 2067 suavi
1302 2035 1384 2076 jugo
1406 2036 1626 2067 Observancie
1642 2037 1816 2077 Regularis

428 2080 571 2121 abjecto,
588 2079 729 2120 propriis
744 2079 868 2110 relictis
884 2078 1104 2117 Monasteriis,
1120 2089 1155 2110 se
1170 2078 1206 2110 in
1222 2079 1268 2110 eis
1285 2079 1408 2110 morari
1419 2090 1534 2111 secure
1549 2090 1617 2111 non
1634 2091 1729 2121 posse
1739 2092 1815 2114 con-

428 2124 600 2164 fingentes,
617 2123 659 2154 ad
677 2122 793 2154 Curias
811 2120 1014 2162 Principum,
1032 2122 1157 2163 absque
1172 2122 1306 2163 speciali
1322 2122 1532 2154 Prelatorum
1543 2133 1683 2155 suorum
1699 2124 1814 2157 Licen—

425 2167 484 2206 cia,
501 2178 536 2198 se
551 2167 700 2198 conferre
717 2169 926 2206 presumunt,
943 2169 984 2197 ut
1005 2165 1074 2196 suis
1092 2166 1232 2198 Prolatis
1248 2169 1309 2197 aut
1324 2166 1536 2198 Monasteriis
1551 2167 1738 2208 dampnum
1754 2168 1811 2200 ali-

427 2211 517 2252 quod
540 2210 697 2246 inferant,
716 2209 936 2250 Monachique
958 2209 1092 2249 singuli,
1112 2209 1199 2240 infra
1221 2213 1317 2250 septa
1340 2210 1542 2249 Monasterii,
1565 2210 1638 2242 sine
1662 2211 1814 2244 Licencia

426 2254 599 2286 Abbatum
615 2264 753 2284 suorum
769 2263 862 2284 arma
883 2257 1049 2291 tenentes,
1067 2252 1136 2284 sint
1159 2253 1336 2285 Seutencia
1352 2254 1718 2287 Excommunicaciouis
1743 2256 1811 2288 Ma-

425 2298 515 2339 joris,
533 2298 604 2338 ipso
627 2297 725 2335 facte,
743 2295 1001 2337 dampnabiliter
1023 2296 1188 2336 involut13
1211 2307 1350 2335 necnon,
1366 2307 1481 2328 omnes
1497 2301 1533 2329 et
1547 2298 1671 2338 singuli
1693 2300 1753 2340 qui
1775 2300 1811 2332 in

426 2341 581 2380 Ecclesia,
600 2340 651 2372 vel
668 2340 841 2372 Cimiterio
857 2340 927 2371 Deo
943 2339 1105 2378 dedicato,
1130 2350 1250 2371 manus
1273 2340 1435 2372 violentas
1459 2343 1586 2373 temere
1601 2341 1635 2372 in
1652 2341 1810 2375 clericum

425 2385 478 2416 vel
494 2385 614 2416 laicum
631 2384 785 2423 iniciunt,
799 2383 976 2415 Sentencie
994 2383 1359 2415 Excommunicucionis
1374 2383 1519 2425 Majoris,
1533 2384 1567 2416 in
1582 2385 1809 2418 Constitucio·

426 2429 525 2460 nibus
549 2431 740 2459 nostrarum
764 2427 920 2459 Civitatis
943 2429 979 2458 et
1000 2427 1147 2458 Diocesis
1171 2427 1396 2469 Synodalibus
1418 2428 1452 2459 in
1477 2428 1538 2460 hac
1554 2432 1649 2469 parte
1672 2430 1810 2470 provide

424 2473 501 2511 late,
527 2471 724 2512 subjaceant
750 2471 822 2511 ipso
845 2470 934 2502 facto
951 2481 959 2509 ;
991 2470 1140 2511 quidam,
1167 2474 1292 2510 tamen,
1321 2471 1467 2512 Dompni
1494 2472 1639 2504 Thomas
1662 2473 1750 2505 Goof
1771 2477 1808 2506 et

423 2515 611 2548 Willelmus
628 2515 786 2556 Dynowe,
806 2513 959 2545 Monachi
974 2514 1057 2545 dicti
1079 2514 1274 2546 Monasterii
1290 2515 1402 2554 vestri,
1419 2518 1455 2546 et
1470 2515 1504 2546 in
1520 2516 1638 2547 eodem
1653 2527 1807 2558 expresse

423 2559 571 2600 professi,
595 2558 902 2590 administraciones
924 2557 1052 2598 aliquas
1075 2567 1142 2589 non
1164 2558 1336 2598 habentes,
1360 2558 1455 2590 suavi
1476 2558 1558 2600 jugo
1585 2559 1806 2594 Observancie

423 2602 596 2644 Regularis
611 2602 754 2643 abjecto,
769 2601 860 2633 dicto
876 2600 1079 2633 Monasterio
1095 2601 1243 2642 ipsorum
1257 2602 1390 2642 proprio
1399 2602 1524 2642 relicto,
1541 2613 1576 2634 se
1591 2603 1627 2634 in
1642 2614 1681 2634 eo
1692 2614 1807 2638 secure

422 2646 544 2678 morari
562 2656 627 2677 non
644 2656 738 2687 posse
761 2645 999 2686 confingentes,
1023 2655 1081 2685 per
1106 2645 1223 2676 Curias
1247 2645 1440 2686 Principum
1456 2647 1627 2686 evagando
1643 2647 1804 2680 discurre-

423 2690 513 2729 bant,
538 2692 573 2720 et
595 2689 637 2720 ad
660 2689 793 2720 easdem
822 2688 940 2721 Curias
970 2688 1173 2729 Principum,
1190 2689 1317 2730 absque
1343 2689 1476 2729 speciali
1499 2690 1652 2722 Licencia
1667 2702 1686 2722 a
1701 2692 1806 2732 vobis,

420 2743 535 2764 eorum
553 2733 695 2772 Prelato,
711 2733 860 2771 obtenta,
877 2736 918 2763 ut
933 2731 1027 2763 vobis
1049 2735 1085 2762 et
1108 2732 1310 2764 Monasterio
1333 2735 1443 2764 vestro
1467 2733 1614 2774 dampna
1628 2734 1803 2775 inferrent,
1830 2745 1844 2751 ”

421 2787 456 2808 se
472 2776 631 2815 conferre,
654 2786 783 2807 necnon
799 2775 887 2807 infra
909 2779 1005 2816 septa
1026 2774 1109 2806 dicti
1131 2775 1325 2807 Monasterii
1341 2776 1455 2815 vestri,
1472 2776 1544 2808 sine
1567 2778 1720 2811 Licencia
1735 2789 1805 2811 ves-

419 2823 481 2858 tra,
498 2830 590 2851 arma
607 2823 719 2851 tenere
735 2822 860 2850 temere
876 2822 1163 2860 presumpserunt,
1174 2819 1300 2850 dictam
1318 2817 1456 2860 Majoris
1475 2820 1800 2855 Excommunicacio-

417 2864 469 2894 nis
486 2863 697 2895 Sentenciam
713 2862 971 2903 dampnabiliter
986 2862 1186 2894 incurrendo
1203 2873 1211 2902 ;
1235 2862 1452 2904 prefatusque
1476 2863 1641 2898 Dominus
1657 2866 1803 2898 Thomas

419 2907 506 2939 Goot
521 2907 555 2938 in
573 2906 753 2938 Ricardum
770 2907 899 2945 Doune,
913 2906 1046 2944 laicum,
1060 2905 1149 2937 dicte
1162 2905 1319 2945 Diocesis,
1332 2905 1365 2937 in
1377 2907 1523 2938 claustro
1536 2909 1656 2948 prefati
1670 2910 1704 2941 M
1706 2920 1800 2942 onas-

420 2950 506 2989 terii,
525 2951 595 2981 Deo
618 2950 782 2989 dedicato,
803 2960 908 2991 usque
931 2950 974 2982 ud
996 2949 1169 2990 sanguinis
1191 2950 1385 2982 effusionem
1409 2961 1474 2982 nou
1500 2952 1664 2985 modicam
1681 2963 1802 2986 manus
