1988 3256
281 376 378 421 292

285 491 320 518 A.
325 490 363 518 D.

293 1892 340 1918 fol.

292 1926 354 1953 28b.

495 387 595 421 THE
629 386 870 421 REGISTER
908 385 968 420 OF
1004 385 1182 420 BISHOP
1218 384 1622 421 BRANTYNGHAM.

442 503 519 525 mus
535 503 757 534 expensarum
773 503 873 524 onera
888 491 984 524 nobis
999 491 1232 524 incumbencia
1246 493 1377 525 facilius
1392 493 1598 535 subportare,
1612 493 1654 525 ad
1669 493 1827 535 recipien-

442 537 526 568 dum
549 547 608 578 pro
631 537 728 568 nobis
751 536 925 576 ambobus,
941 538 1013 568 tam
1037 536 1071 567 in
1095 537 1248 568 absencia
1262 547 1363 579 quam
1379 537 1413 569 in
1430 537 1608 579 presencia,
1631 536 1830 579 hujusmodi

441 581 656 622 negociorum
672 583 863 612 nostrorum
881 580 1114 621 prosecucione
1136 581 1290 620 durante,
1306 581 1391 613 duas
1406 584 1516 622 partes
1531 591 1573 613 ex
1588 580 1830 623 procuracioni-

439 624 503 656 bus
519 635 603 666 quas
619 634 708 655 unus
723 624 766 655 de
782 623 1016 656 cardinalibus
1033 623 1154 655 Sancte
1169 624 1319 656 Romane
1337 625 1490 664 Ecclesie,
1507 628 1581 663 ete„
1598 635 1658 665 pro
1673 624 1742 656 suis
1756 634 1828 665 pro-

438 667 671 700 curacionibus
693 667 838 708 recipere
861 667 1060 706 consuevit3
1083 677 1160 708 que,
1179 667 1343 707 videlicet,
1359 668 1401 699 ad
1418 667 1579 710 majorem
1595 677 1762 699 summam
1778 677 1828 699 as-

438 711 580 743 cendere
603 711 834 750 dinoscuntur,
859 721 878 742 a
900 692 1155 743 Venerab’ilibus
1179 711 1344 751 Patribus,
1370 712 1522 744 Dominis
1553 710 1828 752 Archiepiscopis,

439 754 621 796 Episcopus,
640 754 838 793 Abbatibus,
857 754 1038 793 Prioribus,
1057 754 1208 794 Decanis,
1225 755 1416 796 Prepositis,
1433 755 1694 793 Archidiaconis,
1712 754 1828 786 Archi-

440 798 642 838 presbiteris,
656 801 691 829 et
703 798 776 829 aliis
790 797 1012 829 Ecclesiarum
1030 779 1171 830 ’Prelatis
1184 803 1219 830 et
1231 799 1441 839 Rectoribus,
1454 804 1490 830 et
1500 799 1574 830 aliis
1587 797 1828 830 Ecclesiasticis

439 842 604 882 Perennis,
620 842 787 883 exemptis
802 844 839 873 et
853 852 920 873 nou
936 842 1112 882 exemptis,
1128 842 1374 884 cujuscumque
1390 846 1511 883 status,
1527 846 1602 882 etc„
1619 842 1777 880 existant,
1793 844 1829 872 et

438 886 466 917 si
489 885 771 926 Archiepiscopali
794 884 846 916 vel
869 884 1059 926 Episcopali
1089 885 1302 926 prefulgeant
1331 886 1506 927 dignitate,
1541 885 1638 917 nobis
1669 895 1727 926 per
1750 895 1829 916 suas

440 929 570 961 Literas
585 928 732 960 bullatas
754 928 901 969 plenarie
916 928 1079 960 concessit
1097 929 1303 968 facultatem,
1321 933 1423 970 prout
1446 929 1480 961 iu
1505 929 1731 961 Processubus
1754 938 1827 960 nos-

439 973 512 1012 tris,
528 973 609 1004 alias
626 972 719 1004 vobis
734 972 877 1004 directas
889 982 929 1004 ac
944 982 1002 1014 per
1017 982 1077 1004 vos
1092 972 1244 1014 receptis,
1261 976 1305 1013 et,
1321 973 1436 1013 eciam,
1453 976 1556 1015 prout
1571 973 1666 1004 nobis
1682 974 1829 1010 constat,

438 1026 541 1058 penes
557 1026 615 1048 vos
631 1015 927 1057 dimissis,—quos,
940 1019 976 1047 ct
990 1019 1150 1047 contenta
1164 1017 1199 1047 in
1212 1016 1348 1055 eisdem,
1361 1016 1525 1048 habemus
1537 1027 1597 1058 pro
1613 1015 1777 1057 expressis
1793 1018 1829 1047 et

438 1060 493 1092 hic
504 1060 683 1092 inserimus
695 1062 731 1091 et
740 1070 799 1101 pro
811 1059 946 1091 insertis
958 1059 1074 1091 haberi
1086 1060 1198 1091 volum
1204 1059 1430 1101 us,—plenius
1442 1060 1643 1092 continetur.
1681 1059 1737 1099 Et,
1750 1059 1829 1091 licet

438 1103 577 1145 grandia
591 1113 813 1145 expensarum
829 1113 929 1134 onera
941 1103 976 1134 in
993 1103 1225 1144 prosecucione
1240 1103 1437 1145 hujusmodi
1461 1104 1684 1144 negociorum,
1704 1102 1829 1144 quibus

438 1147 483 1179 ad
499 1157 635 1188 presens
649 1146 848 1186 insistimus,
862 1149 1057 1188 oportuerat
1073 1150 1108 1178 et
1124 1149 1278 1188 oporteat
1294 1157 1354 1178 nos
1369 1147 1491 1186 subire,
1508 1147 1829 1188 procuraciouesque

439 1201 499 1233 pro
515 1190 661 1223 secundo
676 1200 764 1222 anno
779 1190 1016 1222 Nunciacionis
1039 1193 1153 1221 nostre
1174 1200 1195 1222 a
1218 1190 1312 1222 vobis
1328 1194 1363 1222 et
1378 1191 1536 1231 predictis
1553 1189 1739 1231 Episcopis,
1754 1194 1828 1230 eto„

438 1237 541 1276 prout
555 1234 709 1276 superius
720 1236 773 1266 est
787 1243 992 1275 expressum,
1009 1233 1045 1265 in
1061 1233 1152 1265 dicto
1169 1234 1283 1275 Regno
1294 1234 1413 1275 Anglie
1423 1234 1694 1273 consistentibus,
1711 1243 1828 1265 earun-

437 1279 516 1310 dem
533 1277 724 1310 Literarum
740 1277 1010 1318 Apostolicarum
1026 1277 1138 1318 vigore
1153 1277 1322 1308 debentur
1336 1288 1344 1317 3
1368 1277 1527 1317 volentes,
1544 1280 1669 1317 tamen,
1683 1277 1778 1308 vobis
1794 1280 1830 1309 et

439 1322 597 1354 omnibus
613 1321 685 1352 aliis
701 1323 736 1352 et
751 1320 891 1361 singulis
907 1320 1120 1362 supradictis,
1139 1320 1174 1352 in
1190 1323 1359 1362 quantum
1382 1322 1620 1353 convenienter
1635 1330 1827 1362 possumus,

443 1375 576 1407 parcere
588 1365 654 1396 ista
666 1364 745 1404 vice,
762 1365 805 1396 de
820 1364 954 1396 duobus
969 1364 1113 1395 denariis
1129 1364 1171 1395 de
1186 1364 1271 1396 libra
1282 1364 1434 1406 qualibet
1450 1364 1606 1396 volumus
1622 1364 1829 1403 contentam

440 1419 543 1451 quam
566 1418 744 1448 summam,
769 1408 855 1440 duos
871 1407 1026 1439 videlicet
1048 1407 1200 1439 denarios
1223 1408 1265 1439 de
1286 1408 1380 1447 libra,
1398 1408 1606 1440 decrevimus
1627 1408 1699 1439 fore
1713 1411 1829 1449 peten-

440 1454 529 1492 dam,
545 1451 753 1493 exigendam,
771 1451 947 1483 levandam
967 1454 1002 1483 et
1024 1451 1248 1492 recipiendam
1265 1462 1284 1482 a
1300 1451 1394 1483 vobis
1415 1455 1452 1484 et
1474 1452 1599 1483 eisdem
1615 1451 1772 1483 omnibus
1794 1454 1830 1483 et

440 1496 582 1537 singulis
599 1495 811 1536 supradictis.
857 1495 1016 1536 Ideoque,
1034 1495 1247 1527 Auctoritate
1265 1495 1456 1536 Apostolica
1472 1495 1568 1527 nobis
1590 1495 1626 1527 in
1649 1495 1711 1527 hac
1734 1498 1831 1536 parte

440 1549 603 1580 concessa,
620 1538 814 1571 discrecioni
829 1541 950 1578 vestre,
975 1538 1018 1570 de
1041 1548 1108 1579 qua
1131 1538 1264 1580 plenam
1279 1539 1314 1570 in
1330 1539 1476 1571 Domino
1498 1538 1656 1571 fiduciam
1671 1539 1829 1580 gerimus,

441 1583 485 1615 ad
500 1583 696 1624 petendum,
714 1582 905 1622 levandum,
930 1585 966 1614 et
987 1582 1227 1623 recipiendum,
1244 1593 1305 1624 pro
1328 1583 1425 1614 nobis
1440 1586 1476 1614 et
1493 1582 1629 1614 nomine
1644 1585 1771 1623 nostro,
1787 1582 1830 1614 de

441 1627 598 1659 omnibus
613 1630 649 1658 et
664 1626 805 1667 singulis
828 1625 982 1658 Personis
1004 1626 1158 1667 superius
1179 1627 1391 1667 expressatis,
1415 1636 1474 1668 per
1496 1637 1554 1658 vos
1570 1626 1622 1658 vel
1643 1626 1748 1658 alium
1771 1637 1830 1658 seu

441 1671 533 1710 alios,
550 1670 586 1702 in
603 1670 750 1703 Civitate
766 1672 802 1701 et
817 1669 948 1701 Diocesi
970 1669 1108 1709 Exonie,
1125 1669 1159 1701 in
1187 1673 1354 1711 quantum
1371 1680 1427 1701 eos
1440 1670 1610 1702 concernit
1626 1669 1830 1711 procuracio-

443 1714 495 1746 nis
510 1717 625 1746 nostre
648 1713 827 1751 antedicto,
844 1716 947 1754 prout
970 1723 1028 1753 per
1051 1723 1112 1744 nos
1134 1713 1289 1754 superius
1311 1716 1364 1745 est
1386 1713 1621 1752 declaratum3
1644 1713 1829 1745 contradic-

443 1761 544 1797 tores,
569 1767 714 1799 quoque,
745 1759 782 1788 et
810 1756 950 1788 rebelles
980 1766 1040 1797 per
1071 1756 1257 1788 Censuram
1289 1757 1565 1797 Ecclesiasticam,
1597 1757 1832 1798 Appellacione

443 1802 641 1843 postposita,
675 1799 915 1841 compescendi,
947 1799 1079 1841 plenam
1110 1800 1145 1831 in
1177 1800 1322 1832 Domino
1352 1803 1469 1832 tenore
1500 1801 1714 1832 Presencium
1753 1811 1830 1832 con·

443 1845 595 1877 cedimus
611 1844 819 1876 facultatem.
877 1843 935 1881 Et,
950 1843 1198 1883 nichilominus,
1215 1845 1348 1876 eosdem
1373 1843 1531 1883 Abbates‚
1548 1846 1623 1883 etc„
1637 1854 1703 1876 non
1720 1844 1832 1876 inten-

444 1889 564 1920 dentes
585 1891 762 1929 propterea
783 1886 981 1928 hujusmodi
1005 1887 1281 1919 Commissionem
1304 1891 1453 1919 nostram
1477 1887 1511 1919 in
1534 1887 1647 1929 aliquo
1669 1898 1831 1927 revocare,

447 1931 661 1964 Auctoritate
685 1931 876 1981 Apostolica
898 1930 1015 1971 primo,
1033 1931 1189 1970 secundo,
1206 1931 1309 1963 tercio
1329 1935 1365 1963 et
1388 1931 1610 1972 peremptorie
1632 1931 1834 1973 requirimus

445 1978 481 2007 et
493 1985 678 2026 monemus,
691 1974 839 2015 ipsisque
855 1977 891 2005 et
900 1984 1015 2005 eorum
1026 1973 1186 2014 singulis
1177 1985 1211 2006 m
1224 1974 1352 2006 virtute
1365 1974 1486 2006 Sancte
1500 1975 1709 2015 Obediencie,
1723 1978 1758 2006 et
1769 1975 1834 2007 sub

446 2019 541 2060 penis
550 2017 780 2068 infrascriptis,
794 2017 1005 2059 injungimus
1014 2027 1062 2054 ac,
1071 2018 1223 2049 districte
1235 2018 1456 2059 precipiendo,
1464 2018 1662 2050 mandamus
1672 2019 1834 2060 quatinus

445 2062 534 2094 infra
550 2062 651 2094 unius
666 2061 789 2093 mensis
804 2061 964 2111 spacium,
981 2071 1000 2092 a
1021 2061 1144 2092 noticia
1168 2061 1331 2102 presentis
1353 2062 1460 2093 nostri
1483 2061 1659 2094 Processus
1681 2065 1716 2093 et
1738 2062 1774 2094 in
1796 2072 1836 2094 eo

446 2108 693 2144 contentorum,
710 2115 770 2136 seu
785 2104 1004 2146 requisicione
1019 2115 1057 2135 su
1063 2115 1120 2145 per
1135 2104 1196 2136 hec
1211 2105 1301 2136 facta
1309 2108 1344 2137 et
1358 2104 1392 2136 in
1405 2107 1504 2136 antea
1513 2105 1836 2146 computandum,—

446 2149 548 2191 quod,
566 2149 713 2190 quidem,
730 2148 881 2189 spacium
896 2148 943 2179 eis
958 2148 1117 2179 omnibus
1132 2152 1167 2179 et
1182 2148 1324 2189 singulis
1347 2159 1406 2190 pro
1422 2149 1539 2190 primo,
1556 2149 1713 2187 secundo,
1730 2149 1835 2181 tercio

445 2197 482 2225 ct
494 2192 717 2234 peremptorio
733 2191 879 2223 termino
895 2201 932 2223 ac
947 2191 1134 2223 Monicione
1150 2191 1317 2224 Canonica
1332 2195 1447 2223 tenore
1465 2192 1676 2224 Presencium
1689 2192 1833 2234 assignae

446 2235 684 2276 mus,—-vobis,
711 2245 770 2266 seu
801 2234 856 2267 alii
882 2234 935 2266 vel
965 2234 1038 2266 aliis
1064 2234 1107 2266 de
1133 2234 1196 2266 hoc
1220 2238 1331 2267 vestro
1366 2235 1514 2276 periculo
1536 2236 1751 2277 deputandis,
1775 2247 1835 2278 pro

447 2279 646 2321 hujusmodi
662 2278 788 2310 nostris
802 2278 1095 2319 procuraciouibus
1110 2289 1171 2319 pro
1186 2279 1333 2310 secundo
1348 2289 1437 2310 anno
1461 2279 1698 2311 Nunciacionis
1720 2283 1835 2312 nostre

449 2323 582 2362 debitis,
613 2322 758 2364 quilibet
787 2321 943 2353 videlicet
972 2322 1200 2363 predictorum
1230 2322 1384 2363 superius
1421 2322 1674 2363 designatorum
1703 2326 1834 2364 partem

449 2377 545 2398 suam
572 2366 720 2398 debitam
749 2365 1024 2407 procuracionum
1049 2369 1240 2397 nostrarum
1265 2366 1300 2397 in
1325 2365 1529 2407 Episcopatu
1560 2369 1683 2407 vestro,
1709 2366 1836 2408 absque

449 2410 658 2449 difficultate,
683 2409 851 2450 persolvat
873 2419 950 2440 cum
973 2409 1104 2440 effectu.
1153 2408 1233 2448 Vos,
1251 2419 1396 2450 quoque,
1413 2410 1597 2441 Dominum
1621 2409 1834 2451 Episcopum,

450 2453 631 2492 vicarium,
656 2452 848 2491 Officialem,
873 2455 908 2484 et
931 2452 1174 2484 Locatenentes
1206 2452 1383 2493 predictos,
1407 2456 1442 2484 et
1462 2457 1615 2484 vestrum
1637 2453 1834 2494 quemlibet,

449 2497 550 2529 modo
572 2500 607 2529 et
629 2496 737 2528 forma
759 2495 917 2537 predictis
931 2495 1135 2537 requirimus
1150 2499 1186 2527 et
1208 2506 1393 2535 monemus,
1418 2496 1578 2538 vobisque
1599 2497 1836 2529 nichilominus

449 2545 484 2572 et
501 2547 651 2572 vestrum
663 2539 812 2579 cuilibet,
830 2539 1042 2571 Auctoritate
1058 2539 1218 2580 predicta,
1236 2539 1447 2580 injungimus
1463 2542 1575 2581 atque,
1592 2539 1746 2572 districte
1762 2551 1835 2582 pre-

452 2584 614 2625 cipiendo,
637 2583 838 2615 mandamus
860 2582 1030 2624 quatinus,
1053 2582 1143 2614 infra
1165 2582 1265 2614 unius
1288 2583 1412 2614 mensis
1434 2584 1583 2624 spacium
1606 2593 1626 2615 a
1647 2583 1702 2615 die
1724 2594 1834 2626 recep-

451 2628 553 2660 cionis
570 2626 784 2659 Presencium
800 2626 1076 2667 computandum,
1093 2626 1184 2667 quod
1199 2626 1348 2667 spacium
1365 2626 1460 2658 vobis
1473 2629 1509 2658 et
1525 2629 1676 2661 vestrum
1697 2627 1836 2660 cuilibet

451 2670 540 2712 [pro]
557 2669 780 2712 peremptorio
797 2670 943 2702 termino
958 2679 996 2701 ac
1018 2669 1205 2701 Monicione
1221 2669 1387 2702 canoniea
1409 2669 1626 2710 assignamus,
1643 2673 1834 2711 presentem

452 2717 607 2746 nostrum
625 2714 820 2746 Processum
836 2716 871 2744 et
886 2715 1045 2744 contenta
1059 2712 1094 2744 iu
1110 2723 1148 2743 eo
1164 2713 1207 2744 ad
1223 2713 1379 2744 noticiam
1396 2713 1548 2745 omnium
1564 2716 1601 2746 et
1622 2713 1834 2755 singulorum

451 2758 619 2789 dictarum
651 2756 806 2788 Civitatis
837 2759 872 2787 et
902 2755 1049 2788 Diocesis
1080 2755 1208 2787 Exonie
1237 2766 1322 2797 quos
1353 2767 1488 2797 presens
1519 2757 1629 2798 tangit
1658 2757 1833 2798 negocium

449 2801 624 2840 deducere,
640 2800 796 2841 ipsosque
811 2810 870 2840 per
886 2810 956 2838 vos,
974 2799 1026 2830 vel
1042 2799 1146 2831 alium
1162 2809 1220 2831 seu
1237 2799 1327 2839 alios,
1344 2799 1514 2841 requirere
1529 2810 1630 2842 super
1644 2799 1710 2832 hiis
1721 2800 1835 2833 debite

448 2848 483 2876 et
513 2843 654 2875 sollicite
683 2843 878 2885 procuretis,
904 2842 1095 2874 adhibendo
1124 2842 1335 2884 diligenciam
1361 2843 1511 2875 debitam
1533 2844 1568 2875 in
1590 2843 1777 2885 colligendo
1798 2847 1835 2876 ct

447 2887 636 2928 recipiendo
659 2886 834 2927 pecuniam
858 2886 1131 2928 procuracionum
1155 2886 1361 2927 hujusmodi,
1379 2897 1416 2918 ac
1440 2886 1643 2919 Collectores
1664 2897 1724 2919 seu
1747 2886 1833 2920 Sub·

447 2931 638 2962 collectores
654 2940 739 2971 quos
753 2930 795 2961 ad
812 2929 874 2961 hoc
889 2929 1133 2971 deputaveritis
1148 2929 1320 2961 reddendo
1335 2930 1379 2962 ad
1394 2929 1458 2962 hoc
1472 2930 1614 2963 sollicite
1629 2933 1665 2962 et
1686 2933 1830 2963 attente.

448 2974 601 3017 Insuper,
618 2977 726 3005 totam
743 2972 928 3016 predictam
946 2973 1121 3015 pecuniam
1136 2972 1179 3004 ad
1194 2983 1297 3017 quam
1319 2973 1354 3005 in
1379 2973 1527 3006 Civitate
1549 2976 1585 3006 et
1607 2973 1739 3007 Diooesi
1760 2983 1832 3018 pre-
