1988 3256
461 382 750 418 REGISTRUM
797 383 1254 419 commum—Anno
1282 375 1375 419 15⁰.
1603 374 1697 418 549

151 484 230 545 &8¹3⁵
308 497 350 519 ac
375 488 543 521 Mandata
568 499 632 521 sua
655 490 754 522 licita
776 492 813 522 et
835 490 1014 523 Canonica
1038 490 1298 531 impediverunt
1321 490 1463 532 injuste,
1487 490 1702 531 nunciosque

152 551 216 578 Vol
229 551 255 582 1
309 533 478 565 Mandata
508 534 710 575 hujusmodi
741 535 951 574 deferentes,
975 537 1012 567 et
1042 535 1159 567 facere
1185 535 1302 566 debite
1331 535 1446 577 justas
1473 534 1700 566 execuciones

308 578 500 609 eorundem
527 579 696 618 volentes,
722 590 856 620 capere,
883 580 1079 618 verberare,
1106 590 1168 611 seu
1196 580 1322 611 saltem
1349 580 1440 611 male
1470 580 1699 620 pertractare,

306 631 443 654 necnon
459 623 496 654 in
521 623 731 664 Magistrum
747 625 961 656 Willelmum
979 624 1094 656 Calwe
1111 626 1148 656 et
1163 625 1185 656 J
1186 625 1362 656 ohannem
1381 624 1572 663 Godeman,
1583 624 1698 655 Adam

306 666 402 706 Row,
419 669 456 698 et
471 667 669 699 Johannem
685 669 856 708 Duffelde,
873 669 1027 708 clericos,
1051 679 1092 700 ac
1115 669 1302 700 nonnullos
1325 669 1412 700 alios
1436 669 1580 700 clericos
1603 668 1696 700 dicte

307 721 368 743 8110
385 711 551 751 Diocesis,
567 723 694 744 manus
711 713 899 754 sacrilegas
914 713 1054 752 inicere,
1072 714 1234 752 scienter,
1251 713 1316 744 Dei
1340 713 1466 744 timore
1490 713 1696 753 postposito,

306 757 516 797 eosdemque
531 757 727 796 verberare,
749 759 786 789 et
807 758 963 798 ipsorum
987 758 1156 799 quosdam
1178 758 1333 789 letaliter
1354 758 1540 789 vulnerare
1563 759 1697 788 temere

306 804 608 842 presumpserunt,
634 812 676 833 ac
699 803 847 834 nuncios
871 803 916 833 ad
942 802 1199 834 Consistorium
1224 802 1335 842 ipsius
1361 802 1556 833 Reverendi
1580 802 1697 833 Patris

306 845 504 886 predictum
521 845 778 878 Certificatoria
799 846 1009 886 deferentes,
1033 857 1169 878 necnon
1192 847 1433 878 mandatarios
1454 846 1566 887 ipsius
1590 846 1698 877 Reve-

307 890 409 921 rendi
432 890 549 921 Patris
575 893 612 922 et
636 891 852 922 Presidentis
875 891 1082 923 Consistorii
1106 891 1399 932 supradictorum,
1415 891 1527 922 eciam
1543 891 1698 929 clericos,

307 934 510 976 hujusmodi
538 935 794 967 Certificatoria
821 937 1041 967 commedere
1064 946 1128 976 per
1150 936 1358 967 violenciam
1382 936 1637 976 compulerunt,
1661 937 1698 966 et

151 976 199 1004 fol.
305 979 475 1010 nonnulla
490 979 711 1011 Munimenta
720 981 911 1012 eorundem
920 980 1111 1011 furibunde
1123 982 1297 1019 arserunt,
1308 980 1345 1011 in
1358 980 1484 1011 Divine
1497 979 1698 1021 Majestatis

150 1010 230 1038 ¹³⁰b·
305 1023 486 1062 offensam,
502 1024 846 1065 enervacionemque‚
862 1025 1141 1065 derogacionem,
1154 1035 1195 1056 ac
1206 1025 1436 1056 violacionem
1453 1024 1698 1056 Ecclesiastico

308 1068 509 1107 Libertatis,
525 1069 690 1109 Jurisque
705 1071 742 1100 et
764 1069 1029 1101 Jurisdiccionis
1053 1069 1380 1100 Ecclesiasticorum
1404 1069 1696 1109 impedimentum

307 1114 345 1144 et
360 1112 526 1144 lesionem
548 1113 707 1144 enormia
727 1124 769 1145 ac
784 1113 896 1145 eciam
911 1113 1103 1145 manifesta
1116 1128 1123 1151 ;
1147 1124 1295 1154 quorum
1305 1114 1555 1154 premissorum
1569 1113 1697 1145 occasi-

307 1166 373 1188 one
403 1156 510 1188 iidem
540 1157 786 1189 malefactores
817 1158 961 1200 Majoris
1000 1158 1385 1189 Excommunicacionis
1424 1157 1638 1196 Sentencias,
1677 1167 1699 1188 a

308 1200 509 1233 Canonibus
525 1204 561 1233 et
579 1202 787 1233 Sanctorum
804 1203 950 1233 Patrum
975 1202 1298 1234 Constitucionibus
1315 1203 1592 1233 Provincialibus
1609 1202 1697 1233 Can-

307 1245 496 1278 tuariensis
512 1246 694 1278 Provincie
711 1249 747 1278 et
765 1247 999 1287 Synodalibus
1020 1247 1158 1287 prefate
1183 1247 1390 1278 Exoniensis
1406 1247 1564 1278 Diocesis
1579 1247 1616 1277 in
1632 1246 1698 1277 hac

307 1292 408 1330 parte
419 1290 487 1322 rite
499 1291 604 1322 editis
614 1293 651 1322 et
662 1291 802 1323 eosdem
815 1291 1004 1323 efficaciter
1012 1292 1222 1330 artantibus,
1232 1291 1376 1332 provide
1383 1291 1484 1330 latas,
1494 1291 1682 1332 dampnabi
1695 1310 1698 1314 -

307 1334 390 1365 liter
414 1334 653 1374 incurrebant,
675 1345 739 1366 sua
761 1335 938 1367 Canonica
962 1335 1091 1367 direxit
1117 1336 1294 1374 Mandata,
1322 1338 1426 1376 prout
1449 1346 1492 1367 ex
1517 1335 1628 1367 Officii
1645 1339 1699 1366 sui

310 1379 430 1410 debito
445 1379 653 1418 tenebatur3
678 1380 782 1420 ipsos,
799 1390 920 1412 omnes
936 1383 972 1411 et
989 1380 1155 1420 singulos,
1180 1380 1230 1412 sic
1253 1380 1573 1411 excommunicatos
1588 1380 1699 1411 fuisse

309 1425 346 1455 et
362 1433 438 1455 esse
454 1424 655 1455 mandando
670 1424 707 1454 in
723 1435 852 1465 genere
869 1425 1007 1465 publice
1023 1425 1204 1462 nunciari;
1228 1425 1335 1456 certis
1351 1435 1456 1465 super
1471 1425 1538 1456 hoc
1554 1424 1697 1455 Manda-

310 1467 411 1498 tariis
434 1468 623 1508 deputatis.
670 1469 905 1508 Reverendus,
928 1471 1058 1508 tamen,
1090 1469 1127 1499 in
1153 1468 1294 1500 Christo
1319 1469 1426 1500 Pater
1449 1471 1486 1500 et
1517 1469 1699 1507 Dominus,

310 1512 483 1543 Dominus
497 1513 702 1552 Willelmus,
718 1513 948 1553 permissione
964 1513 1093 1544 Divina
1109 1513 1374 1544 Cantuariensis
1396 1513 1699 1554 Archiepiscopus,

312 1556 438 1588 Tocius
454 1556 582 1597 Anglie
598 1557 744 1596 Primas,
761 1560 797 1589 et
813 1558 1014 1598 Apostolice
1029 1557 1129 1589 Sedis
1145 1558 1309 1597 Legatus,
1326 1557 1459 1588 nullam
1470 1558 1507 1588 in
1517 1558 1584 1589 hac
1599 1559 1699 1598 parte

310 1601 444 1632 habens
468 1601 771 1641 Jurisdiccionem,
802 1603 1062 1641 auctoritatem,
1095 1612 1157 1633 seu
1187 1602 1339 1642 aliquam
1371 1602 1477 1633 aliam
1503 1602 1700 1643 legitimam

310 1647 534 1686 potestatem,
568 1646 733 1686 nullaque
766 1646 810 1677 de
844 1647 955 1686 ipsius
975 1649 1152 1687 potestate
1173 1649 1338 1687 pretensa
1363 1646 1399 1676 in
1424 1647 1490 1678 hac
1505 1648 1606 1687 parte
1632 1646 1700 1677 fide

310 1690 416 1728 facta,
433 1700 497 1721 nec
513 1690 590 1731 ipsa
605 1690 804 1731 aliqualiter
815 1693 900 1722 nota
910 1691 966 1722 vel
978 1691 1089 1722 eciam
1100 1690 1324 1729 subsistente,
1338 1690 1433 1722 dicta
1445 1690 1701 1722 Provocacione

310 1734 468 1775 ejusdem
481 1734 701 1766 Venerabilis
711 1735 837 1774 Patris,
846 1735 987 1766 Domini
999 1735 1079 1774 mei,
1092 1735 1301 1766 Exoniensis
1317 1735 1490 1775 Episcopi,
1507 1735 1702 1775 ceterisque

310 1778 491 1818 premissis
507 1789 573 1819 que
589 1779 739 1810 eundem
757 1779 1046 1811 Cantuariensem
1059 1779 1370 1819 Archiepiscopum
1380 1779 1620 1811 verisimiliter
1630 1789 1701 1810 non

311 1822 471 1854 latebant
496 1833 716 1864 nequaquam
739 1823 971 1863 obstantibus,
995 1826 1050 1856 set
1074 1825 1164 1864 post,
1188 1826 1315 1864 preter,
1340 1826 1376 1855 et
1392 1827 1515 1855 contra
1530 1834 1590 1862 ea3
1608 1823 1702 1855 dicto

311 1867 513 1899 Venerabili
540 1867 656 1907 Patre,
682 1868 832 1899 Domino
857 1868 1000 1907 Thema,
1029 1868 1218 1900 Exoniensi
1245 1868 1427 1909 Episcopo,
1459 1868 1504 1900 ad
1535 1868 1600 1900 hec
1630 1878 1702 1899 non

312 1911 431 1951 citato,
447 1922 518 1943 non
534 1913 679 1952 monito,
695 1923 767 1944 non
782 1912 943 1944 confesso
958 1923 1024 1944 nec
1047 1913 1217 1951 convicto,
1234 1912 1380 1944 absente
1402 1923 1474 1943 non
1494 1922 1558 1953 per
1580 1914 1702 1944 contu-

313 1956 473 1995 maciam,
502 1956 614 1988 Cause
638 1957 842 1997 cognicione
866 1957 956 1998 juris
981 1960 1016 1988 et
1039 1957 1251 1998 judiciorum
1275 1957 1407 1995 ordine,
1424 1957 1461 1988 in
1477 1967 1519 1988 ea
1533 1959 1634 1997 parte
1658 1957 1701 1988 de

311 2000 390 2041 jure
406 2000 595 2041 requisitis,
611 2001 753 2042 penitus
768 2001 1015 2042 pretermissis,
1031 2001 1162 2042 absque
1185 2011 1291 2032 causa
1314 2001 1518 2033 racionabili
1534 2011 1596 2033 seu
1617 2001 1701 2041 legi-

312 2044 402 2076 tima
425 2055 654 2086 quacumque,
680 2055 850 2086 asserens,
870 2046 989 2077 minus
1015 2048 1136 2077 tamen
1161 2045 1344 2085 veraciter,
1361 2046 1480 2077 omnia
1503 2048 1539 2077 et-
1563 2045 1702 2086 singula

311 2089 492 2130 premissa,
516 2090 676 2131 quamvis
690 2090 784 2122 idem
801 2091 972 2122 Dominus
987 2100 1097 2129 meus,
1114 2090 1322 2121 Exoniensis
1345 2090 1548 2131 Episcopus,
1571 2090 1609 2120 in
1624 2100 1701 2130 pre-

311 2134 430 2166 missis
445 2134 656 2175 exequendis
671 2135 873 2166 nullatenus
889 2134 1072 2176 negligens
1095 2134 1263 2173 extiterit,
1288 2134 1379 2166 sicut
1401 2145 1466 2166 nec
1483 2134 1602 2165 extitit
1618 2144 1699 2174 quo-

312 2178 514 2217 modolibet,
530 2178 588 2210 vel
601 2179 778 2218 remissus,
795 2179 907 2211 eciam
924 2179 954 2211 si
969 2189 1011 2211 ea
1026 2179 1063 2210 in
1078 2179 1293 2210 Visitacione
1306 2179 1564 2219 Metropolitica
1579 2178 1700 2220 hujus-

314 2222 410 2253 modi
433 2225 599 2262 pretensa
625 2226 805 2264 comperta
827 2234 899 2255 non
921 2223 1066 2262 fuerint,
1083 2223 1174 2255 sicut
1190 2233 1254 2255 1100
1269 2223 1424 2262 fuerunt,
1441 2223 1703 2264 quomodolibet

314 2265 371 2298 vel
386 2266 535 2306 detecta,
551 2267 597 2298 ad
619 2267 734 2308 ipsum
750 2267 1062 2308 Archiepiscopum
1087 2267 1388 2306 Cantuariensem,
1412 2267 1593 2299 occasione
1609 2267 1699 2298 Visi-

314 2310 463 2342 tacionis
486 2311 742 2351 Metropolitice
764 2314 937 2353 pretense,
960 2312 998 2342 in
1021 2311 1126 2343 dictis
1150 2311 1302 2343 Civitate
1326 2314 1362 2343 et
1386 2312 1524 2343 Diocesi
1548 2312 1591 2343 de
1606 2311 1703 2343 facto

315 2354 476 2386 durantis
509 2354 696 2396 inexpleto,
726 2356 805 2396 ipsa
834 2356 1051 2388 Visitacione
1081 2358 1247 2397 pretensa
1270 2356 1431 2395 durante,
1453 2356 1566 2387 solum
1597 2357 1634 2387 et
1664 2356 1702 2387 in

315 2398 465 2430 solidum
480 2399 667 2439 pertinere,
684 2410 764 2431 cum
779 2410 851 2430 non
872 2400 1083 2441 pertineant,
1107 2410 1216 2441 eaque
1239 2400 1420 2431 occasione
1443 2400 1584 2441 prefata
1607 2400 1704 2431 Man·

315 2443 400 2474 data
425 2443 568 2474 Domini
591 2444 671 2483 mei,
701 2444 907 2476 Exom‘ensis
935 2444 1109 2485 Episcopi,
1126 2444 1186 2483 sic,
1210 2446 1251 2475 ut
1281 2444 1468 2484 prefertur,
1493 2445 1637 2483 directa,
1661 2454 1703 2476 00

315 2487 427 2518 eciam
442 2487 672 2528 inposterum,
688 2488 891 2530 hujusmodi
906 2488 1122 2520 Visitacione
1133 2491 1299 2529 pretensa
1308 2489 1468 2528 durante,
1482 2489 1518 2519 in
1531 2488 1704 2520 similibus

317 2531 510 2572 dirigenda,
534 2534 570 2564 et
593 2532 711 2564 omnia
733 2533 815 2564 inde
840 2535 960 2564 secuta
983 2535 1112 2564 extunc
1134 2543 1198 2573 per
1214 2543 1295 2564 suas
1311 2533 1398 2564 certi
1416 2533 1548 2564 tenoris
1566 2533 1703 2564 Literas

315 2576 503 2615 revocavit,
527 2577 689 2615 cassavit,
713 2577 920 2616 annullavit,
937 2580 973 2609 et
996 2577 1160 2616 irritavit,
1185 2587 1225 2608 ac
1241 2577 1375 2609 viribus
1391 2588 1510 2609 carere
1526 2578 1699 2615 decrevit;

317 2619 517 2661 eisdemque
530 2620 771 2660 Mandatariis,
782 2621 944 2653 omnibus
960 2624 996 2653 et
1013 2621 1170 2662 singulis,
1185 2621 1349 2661 inhibuit,
1366 2622 1493 2662 palam,
1503 2622 1651 2662 publice,
1668 2624 1705 2653 et

317 2674 490 2704 expresse,
506 2674 551 2696 ne
566 2665 645 2706 quis
660 2675 781 2697 eorum
796 2675 860 2706 per
875 2676 911 2697 se
929 2666 983 2697 vel
998 2666 1105 2697 alium
1122 2665 1261 2706 prefata
1280 2666 1448 2697 Mandata
1464 2666 1605 2697 Domini
1623 2666 1703 2705 mei,

317 2707 524 2740 Exoniensis
548 2709 721 2750 Episcopi,
746 2710 868 2750 exequi
891 2712 1110 2750 presumeret
1133 2720 1270 2750 quoquo
1293 2710 1406 2749 modo,
1432 2720 1493 2741 seu
1516 2710 1619 2742 alteri
1635 2712 1716 2741 tra-o

316 2752 416 2784 deret
432 2753 634 2804 exequenda
649 2755 711 2785 aut
726 2754 932 2794 publicaret,
950 2764 1012 2786 seu
1027 2754 1161 2786 faceret
1176 2754 1358 2794 publicari,
1376 2755 1440 2786 sub
1455 2765 1547 2795 pena
1559 2755 1704 2786 Excom-

316 2796 570 2829 municaoiom's
601 2797 746 2839 Majoris
773 2798 967 2837 Sentencie‚
994 2808 1099 2839 quam
1125 2799 1162 2828 in
1186 2798 1383 2838 singulares
1398 2808 1566 2838 personas
1583 2801 1706 2830 contra

316 2839 507 2880 facientem
519 2851 666 2881 necnon,
679 2842 876 2881 Interdicti,
895 2852 999 2883 quam
1012 2842 1049 2873 in
1057 2841 1248 2874 Ecclesiam
1259 2843 1487 2883 Collegiatam
1498 2843 1704 2883 predictam,

316 2894 358 2916 ac
388 2884 425 2916 in
458 2886 578 2917 omnia
601 2889 638 2918 et
664 2886 803 2927 singula
828 2886 1002 2918 Ecclesias
1026 2888 1063 2918 et
1090 2887 1182 2918 Loca
1207 2886 1244 2917 in
1269 2887 1396 2927 quibus
1424 2886 1592 2918 Mandata
1619 2886 1706 2918 dicti

317 2929 458 2962 Domini
473 2930 554 2970 mei,
571 2930 779 2962 Exoniensis
795 2930 968 2971 Episcopi,
986 2931 1188 2971 supradicta
1210 2931 1400 2970 contigerit
1422 2931 1605 2971 publicari,
1622 2930 1705 2962 tulit

316 2973 354 3004 in
381 2972 530 3016 Scriptis
558 2985 741 3016 perperam
772 2977 809 3006 et
838 2975 973 3016 inique3
1004 2985 1151 3015 quorum
1182 2977 1346 3015 pretextu
1373 2975 1512 3015 prefata
1537 2975 1705 3006 Mandata
