1988 3256
177 485 213 512 A.
217 485 256 512 D.

178 519 256 546 1376.

182 552 288 580 vol.1.

178 1110 238 1137 Αυ-

178 1152 247 1172 Gus-

179 1186 248 1207 TUS-

178 1212 227 1239 sol.

179 1245 243 1274 61b.

514 379 802 418 REGISTRUM
827 380 1286 417 coMMunn-—ANNO
1317 367 1380 416 6⁰.
1625 368 1719 417 361

332 487 581 519 observanciam
604 486 803 528 Regularis;
837 486 880 518 de
903 489 1007 526 statu,
1031 485 1145 526 eciam,
1169 488 1205 517 et
1226 485 1389 527 regimine
1411 485 1496 517 dicti
1519 485 1725 526 Monasterii,

333 531 476 563 interius
491 534 527 562 et
542 531 700 570 exterius,
716 531 842 572 absque
853 530 1067 562 Visitacionis
1083 530 1276 570 solempniis
1290 539 1299 568 ;
1314 540 1352 561 ac
1367 539 1405 560 ea
1421 539 1488 571 que
1504 530 1724 562 meminimus

335 575 487 616 neclegta
509 575 582 614 (sic)
599 575 651 606 vel
674 575 795 606 omissa
818 575 852 605 in
876 574 1046 615 premissis
1061 584 1103 605 ex
1125 573 1302 605 affeccione
1320 576 1471 613 paterna,
1491 584 1569 605 cum
1587 576 1725 615 tempus

331 619 488 659 exegerit,
507 619 542 650 in
558 622 689 650 statum
705 618 860 649 debitum
877 618 1035 649 reducere
1050 617 1269 658 proponimus
1283 617 1385 658 juxta
1401 617 1486 648 vires
1501 628 1511 655 ;
1534 628 1635 658 super
1651 618 1724 659 qui-

330 663 398 694 bus
407 673 475 702 vos,
490 662 717 694 communiter
733 664 768 693 et
786 661 931 700 divisim,
948 665 1065 693 tenore
1082 661 1307 700 Presencium,
1325 664 1426 702 prout
1441 661 1550 700 decet,
1563 661 1725 693 duximus

330 706 528 748 premuniri.
589 706 639 737 De
661 705 726 744 die,
750 716 838 744 verO,
861 705 1064 746 recepcionis
1096 705 1322 744 Presencium,
1347 715 1476 735 necnon
1508 705 1592 745 quid
1623 715 1725 746 super

331 750 502 791 premissis
517 749 683 781 duxeritis
699 749 903 787 faciendum,
922 759 982 780 nos
995 749 1029 780 in
1048 748 1197 779 Manen-io
1213 752 1328 780 nostro
1351 748 1393 779 de
1417 748 1654 789 Lawythtone,
1671 749 1726 780 die

331 793 471 826 Sabbati
493 793 646 835 proxima
668 796 743 833 post
768 793 907 824 Festum
932 792 1185 833 Assumpcionis
1208 792 1311 823 Beate
1342 792 1447 823 Marie
1477 792 1631 832 proximo
1653 792 1724 834 jam

330 837 499 875 futurum,
515 837 715 874 certificetis,
732 836 953 868 etc—Dated
968 839 1005 867 at
1021 835 1211 876 Faringdon
1229 835 1379 875 (Hants),
1399 836 1440 868 23
1461 835 1555 877 July.

288 883 388 920 Item,
405 881 591 912 consimilia
606 880 765 912 Mandata
782 882 984 911 emanarunt
1000 879 1171 911 Prioribus
1188 879 1305 911 Sancti
1321 879 1490 919 Germani,
1506 879 1549 910 de
1567 879 1724 920 Tyward-

330 924 459 965 reythe‚
484 924 600 956 Sancti
625 923 795 955 Michaelis
816 923 918 965 juxta
939 924 1102 962 Montem,
1128 926 1163 954 et
1187 923 1372 963 Bodminie,
1397 923 1440 953 ad
1463 926 1573 954 certos
1595 923 1667 955 dies
1690 924 1726 955 in

330 968 454 1000 eisdem
472 967 604 1009 plenius
620 967 985 1009 expressatos—Item,
1001 967 1066 998 alia
1090 966 1250 998 Mandata
1264 966 1329 998 sub
1345 970 1435 998 certa
1457 966 1575 1006 forma,
1592 977 1725 999 emana-

329 1015 414 1044 runt
429 1022 489 1053 pro
506 1011 661 1052 Collegiis
677 1011 719 1043 de
735 1011 869 1053 Penryn
887 1014 921 1042 et
937 1011 1053 1043 Sancti
1070 1010 1256 1050 Carentoci,
1274 1012 1317 1042 ad
1333 1013 1442 1042 certos
1459 1011 1531 1042 dies
1546 1010 1581 1042 in
1598 1011 1725 1043 eisdem

328 1055 426 1098 plene
441 1055 636 1096 descriptos.

290 1111 436 1149 Exeter
453 1110 665 1149 Cathedral
683 1123 695 1158 3
724 1110 963 1148 ,Mandatum
975 1123 1053 1158 pro
1083 1108 1312 1147 Visitacione
1332 1109 1376 1147 in
1395 1109 1567 1148 Ecclesia
1588 1109 1725 1149 Gathe-

343 1165 520 1209 aran,—

289 1219 444 1259 Thomas,
461 1222 535 1258 etc„
551 1219 685 1250 Decano
709 1219 855 1250 Ecclesie
878 1221 992 1250 nostre
1017 1217 1227 1257 Exoniensis,
1251 1217 1408 1257 salutem,
1433 1219 1630 1257 etc—Quia
1653 1229 1724 1259 nos,

333 1263 456 1294 Divina
478 1263 614 1294 favente
636 1262 825 1301 clemencia,
850 1263 905 1293 die
928 1262 1024 1294 Lune
1047 1262 1198 1302 proximo
1222 1264 1299 1302 post
1326 1262 1466 1294 Festum
1499 1263 1726 1298 Exaltacionis

333 1307 456 1338 Sancte
474 1306 590 1338 Crucis
613 1306 765 1347 proximo
787 1306 855 1347 jam
873 1306 1042 1344 futurum,
1058 1305 1092 1336 in
1109 1306 1238 1346 prefata
1257 1305 1403 1337 Ecclesia
1415 1309 1530 1337 nostra
1543 1306 1726 1338 Exoniensi

332 1350 447 1381 debite
463 1349 675 1381 Visitacionis
691 1350 857 1388 Officium,
874 1350 915 1380 ad
933 1349 1092 1380 honorem
1115 1348 1178 1380 Dei
1194 1351 1230 1380 et
1252 1349 1440 1380 animarum
1465 1349 1624 1389 salntem,
1651 1361 1724 1391 pro-

334 1394 491 1434 ponimus
513 1393 690 1424 actualiter
711 1403 883 1424 excercere
900 1404 908 1432 ;
931 1403 1071 1431 necnon,
1087 1392 1234 1433 qualiter
1256 1392 1405 1432 Statuta,
1423 1393 1672 1431 Ordinaciones,
1689 1398 1725 1426 et

335 1438 479 1469 Decreta
501 1440 571 1468 tam
595 1437 870 1468 Predecessorum
895 1440 1086 1468 nostrorum
1110 1446 1212 1476 quam
1237 1439 1362 1475 nostra,
1386 1447 1489 1477 penes
1512 1447 1571 1468 vos
1594 1437 1725 1469 fuerint

332 1481 507 1512 observata
522 1481 644 1518 videre,
662 1484 697 1511 et
712 1484 782 1512 tam
807 1491 845 1511 ea
867 1491 934 1521 que
956 1480 988 1511 iu
1014 1480 1086 1521 ipsa
1109 1479 1255 1510 Ecclesia
1277 1484 1393 1511 nostra
1416 1481 1599 1512 Exoniensi
1621 1491 1723 1522 quam

334 1525 498 1556 Ministris
521 1524 683 1565 ejusdem,
707 1524 953 1565 cujuscumque
976 1527 1087 1554 status
1109 1527 1170 1554 aut
1192 1523 1395 1554 condicionis
1418 1525 1575 1562 existant,
1600 1535 1722 1557 correc-

332 1568 436 1599 cionis
463 1571 498 1599 et
522 1568 770 1598 reformacionis
798 1567 913 1599 Officio
939 1567 1167 1598 invenerimus
1194 1567 1354 1607 indigere,
1382 1570 1522 1607 paterna
1547 1568 1723 1600 affeccione

333 1612 494 1650 corrigere
511 1615 547 1642 et
562 1611 595 1642 iu
613 1615 742 1642 statum
758 1611 911 1642 debitum
930 1621 989 1651 pro
1007 1610 1134 1641 viribus
1156 1610 1337 1642 reformare
1354 1621 1362 1648 ;
1385 1611 1480 1642 vobis
1503 1615 1620 1643 tenore
1644 1612 1721 1644 Pre-

333 1655 494 1694 sencium,
511 1658 584 1694 etc.‚
602 1655 802 1686 mandamus
817 1654 980 1695 quatinus
996 1654 1117 1692 citetis,
1134 1664 1192 1685 seu
1210 1654 1305 1685 citari
1327 1654 1468 1694 faciatis,
1486 1656 1721 1697 peremptorie,

332 1699 432 1740 juxta
455 1698 560 1739 ipsius
584 1698 730 1729 Ecclesie
755 1698 1053 1737 Consuetudinem,
1070 1708 1185 1729 omnes
1208 1701 1243 1728 et
1265 1697 1414 1738 singulos
1437 1699 1586 1739 predicte
1609 1703 1724 1731 nostre

334 1742 531 1773 Exoniensis
549 1741 693 1773 Ecclesie
708 1742 742 1772 in
760 1741 934 1782 Dignitate
957 1741 1170 1780 constitutos,
1189 1741 1372 1772 Canonicos
1394 1742 1498 1773 eciam
1521 1746 1557 1774 et
1580 1743 1723 1774 Preben-

333 1786 454 1824 darios,
470 1785 629 1824 Vicarios,
646 1785 887 1824 Annivelarios,
904 1789 940 1816 et
955 1788 1082 1816 ceteros
1105 1794 1337 1826 quoscumque
1360 1785 1534 1817 Ministros
1556 1786 1721 1827 ejusdem,

333 1829 424 1871 quod
441 1832 656 1869 compareant
671 1839 779 1860 coram
805 1829 901 1860 uobis
923 1828 975 1859 vel
992 1829 1078 1859 vices
1102 1831 1233 1859 nostras
1253 1829 1449 1869 gerentibus
1472 1829 1506 1860 in
1530 1829 1592 1861 hac
1614 1834 1721 1871 parte,

334 1874 424 1904 dicto
441 1873 503 1910 die,
521 1873 554 1903 in
580 1872 736 1913 Capitulo
758 1872 864 1914 ipsius
884 1872 1029 1903 Ecclesie
1052 1871 1133 1902 hou-a
1157 1871 1263 1912 prima
1279 1873 1331 1903 vel
1354 1873 1486 1904 circiter
1509 1883 1600 1904 more
1622 1874 1723 1906 solito

332 1919 533 1957 congregati,
565 1915 762 1957 hujusmodi
791 1915 1004 1947 Visitacionis
1033 1918 1147 1946 nostre
1178 1915 1334 1947 Officium
1365 1916 1530 1948 Canonice
1562 1917 1723 1957 subituri,

334 1960 618 2000 Dignitatumque
640 1970 778 1990 suarum
801 1963 837 1990 et
860 1959 1083 1991 Ecclesiarum
1106 1959 1394 1999 appropriatarum
1419 1960 1555 2000 eisdem,
1580 1961 1722 1993 Preben·

333 2004 454 2035 darum
485 2004 622 2044 insuper
651 2006 687 2035 et
714 2003 983 2035 canonicatuum
1005 2013 1043 2033 ac
1066 2002 1308 2034 Beneficiorum
1331 2013 1470 2034 suorum
1494 2004 1623 2043 titulos,
1648 2015 1722 2036 nec-

334 2057 402 2078 non
428 2047 555 2078 Literas
579 2047 745 2078 Ordinum
768 2047 916 2087 ipsorum
942 2047 1072 2087 plenius
1094 2046 1302 2084 exhibituri:
1333 2047 1456 2078 facturi
1479 2051 1515 2078 et
1544 2048 1722 2089 recepturi,

334 2090 558 2122 communiter
580 2094 614 2122 et
637 2090 782 2130 divisim,
806 2090 898 2131 quod
921 2089 1118 2131 hujusmodi
1142 2089 1353 2121 Visitacionis
1377 2090 1535 2122 Officium
1557 2092 1662 2133 exigit
1685 2096 1722 2123 et

333 2134 485 2175 requirit.
530 2134 607 2173 Vos,
623 2133 737 2173 eciam,
755 2134 898 2164 Domine
915 2134 1058 2172 Decane,
1075 2133 1119 2164 ad
1134 2133 1301 2174 predictos
1317 2133 1406 2165 diem
1422 2138 1458 2165 et
1473 2134 1583 2166 locum
1607 2139 1724 2167 tenore

334 2177 546 2209 Presencium
572 2177 793 2218 peremptorie
816 2177 970 2216 citamus,
994 2181 1163 2218 quatenus
1187 2177 1230 2208 ad
1253 2187 1310 2208 vos
1333 2178 1468 2216 attinet,
1492 2179 1535 2209 ad
1559 2179 1671 2210 omnia
1687 2182 1723 2211 et

333 2221 465 2261 singula
480 2220 682 2262 supradicta.
731 2221 839 2259 Quem
863 2220 1047 2251 terminum
1071 2220 1336 2261 peremptorium
1359 2224 1395 2252 et
1411 2220 1609 2262 hujusmodi
1632 2233 1721 2254 com·

334 2265 546 2306 paricionem,
569 2264 758 2295 animarum
782 2264 946 2305 periculis,
962 2268 1085 2295 natura
1106 2264 1243 2304 negocii,
1268 2264 1435 2304 pietatum
1458 2266 1575 2303 causis,
1592 2269 1627 2297 et
1649 2266 1724 2298 aliis

276 2303 286 2312 ’
334 2318 392 2348 per
407 2318 468 2339 nos
484 2308 640 2348 pensatis,
658 2307 772 2339 taliter
787 2307 947 2339 duximus
965 2308 1217 2339 moderandum.
1264 2307 1315 2338 De
1337 2307 1401 2347 die,
1417 2318 1506 2347 vero,
1522 2310 1724 2350 recepcionis

335 2351 559 2390 Presencium,
575 2355 610 2382 et
632 2351 715 2392 quid
738 2361 839 2392 super
861 2351 924 2382 hiis
947 2350 1093 2382 feceritis
1115 2355 1151 2382 et
1173 2350 1339 2382 duxeritis
1354 2351 1557 2391 faciendum,
1574 2363 1645 2393 nos,
1662 2358 1723 2385 aut

335 2395 423 2426 vices
438 2398 570 2426 nostras
585 2397 738 2434 gerentes
760 2394 967 2436 hujusmodi,
984 2394 1084 2425 dictis
1107 2394 1170 2433 die,
1187 2393 1268 2433 loco,
1285 2398 1321 2425 et
1343 2394 1434 2434 hora,
1451 2376 1641 2427 certificetis
1664 2407 1724 2438 per

334 2441 462 2469 vestras
498 2441 651 2479 patentes
682 2438 820 2476 Literas,
853 2438 972 2468 harum
1007 2438 1126 2469 seriem
1160 2440 1196 2468 et
1225 2438 1407 2469 citatorum
1441 2439 1587 2478 nomina,
1622 2439 1724 2481 juxta

332 2481 474 2522 gradum
490 2485 526 2512 et
540 2484 670 2512 statum
685 2481 880 2520 eorundem,
895 2481 1051 2512 seriosius
1066 2480 1288 2521 continentes,
1305 2482 1413 2522 sigillo
1429 2486 1541 2514 vestro
1563 2483 1721 2523 signatas.

333 2524 488 2556 —Dated
503 2528 540 2556 at
556 2524 663 2566 myst,
680 2526 720 2556 13
737 2525 824 2565 Aug.

291 2567 396 2608 Super
410 2568 618 2607 eodem—Ar
619 2567 861 2607 cllidiaconi,—

290 2611 446 2650 Thomas,
461 2614 535 2650 etc„
552 2611 794 2643 Archidiacono
811 2615 925 2643 nostro
941 2611 1111 2643 Cornubie
1126 2611 1161 2642 in
1180 2611 1325 2643 Ecclesia
1347 2614 1462 2643 nostra
1479 2612 1670 2653 Exoniensi,
1688 2618 1723 2646 et

334 2654 438 2695 ipsius
460 2654 600 2686 Officiali
622 2655 656 2686 in
680 2665 741 2686 sua
763 2655 925 2694 absencia,
949 2655 1103 2691 sautem,
1127 2659 1190 2687 etc.
1192 2654 1323 2693 —Quia
1346 2665 1416 2695 nos,
1440 2656 1564 2687 Divina
1586 2657 1723 2690 favente

334 2698 524 2737 clemencia,
552 2698 587 2729 in
618 2697 900 2730 Archidiaconatu
931 2701 1042 2729 vestro
1074 2698 1296 2730 Cornubiensi
1319 2699 1523 2739 supradicto,
1548 2700 1722 2740 Ecclesias,

336 2741 482 2775 Clerum
498 2746 535 2772 et
556 2741 719 2782 populum
743 2742 905 2783 ejusdem,
922 2741 1018 2772 nobis
1040 2745 1076 2772 et
1101 2741 1244 2772 Fcclesie
1267 2745 1380 2772 nostre
1404 2742 1584 2774 Exoniensi
1607 2755 1721 2785 supra-

335 2785 423 2815 dicte
438 2784 617 2825 subjectos,
634 2785 747 2816 debite
762 2785 975 2816 visitacionis
991 2785 1156 2823 Officium,
1169 2786 1211 2816 ad
1227 2784 1388 2816 honorem
1406 2786 1467 2816 Dei
1482 2790 1517 2817 et
1532 2787 1722 2819 animarum

333 2827 488 2867 salutem,
512 2829 729 2869 proponimus
749 2828 925 2860 actualiter
947 2838 1125 2866 excercere,
1142 2832 1177 2859 et
1201 2832 1271 2859 tam
1294 2839 1332 2859 ea
1354 2838 1420 2869 que
1443 2829 1477 2860 in
1502 2830 1596 2861 vobis
1619 2841 1722 2872 quam

334 2871 432 2903 Clero
457 2874 492 2902 et
520 2871 642 2912 populo
667 2871 749 2903 dicti
775 2871 1086 2910 AichidiaconatuS,
1114 2871 1359 2921 cujuscumque
1383 2875 1494 2903 status
1518 2876 1580 2904 aut
1609 2875 1721 2905 condi·

333 2914 437 2946 cionis
452 2914 610 2952 existant,
626 2915 840 2946 correccionis
855 2918 890 2946 et
906 2914 1154 2946 neformacionis
1171 2914 1288 2946 Officio
1310 2915 1538 2947 invenerimus
1561 2917 1721 2958 indigere,

336 2961 476 2998 paterna
491 2957 668 2989 affeccione
684 2958 845 2999 corrigere
861 2961 896 2989 et
911 2957 945 2989 in
961 2960 1090 2989 statum
1114 2957 1270 2990 debitum
1292 2968 1352 2999 pro
1370 2958 1495 2990 viribus
1518 2960 1723 3001 reformare3

339 3000 434 3033 vobis
460 3004 575 3033 tenore
606 3001 828 3042 Presencium,
857 3005 934 3041 etc„
965 3001 1165 3032 mandamus
1195 3001 1356 3043 quatinus
1385 3000 1506 3042 citetis,
1537 3013 1597 3035 seu
1627 2987 1725 3036 citari
1763 3012 1765 3014 '
