1988 3256
333 359 428 405 446

328 474 405 501 A.D.

328 509 403 535 1381.

330 542 392 569 Vol.
405 542 429 569 1.

330 1220 389 1252 [fol.

329 1256 385 1286 90]

331 1519 363 1545 M
368 1526 413 1545 Λι·

330 1561 375 1579 us.

330 1587 377 1613 sol.

330 1621 392 1647 89b.

326 2895 374 2922 sol.

563 371 663 406 THE
687 372 932 407 REGISTER
957 372 1019 407 OF
1042 372 1222 407 BISHOP
1246 373 1655 409 BRANTYNGHAM.

439 476 516 514 For
535 477 603 515 the
622 482 750 516 arrest
768 478 810 516 of
828 491 879 516 an
900 478 1236 516 excommunicate
1251 491 1262 526 ;
1291 477 1608 528 Siqnfficavit,—

443 530 542 570 Item,
562 531 697 571 Exonie,
716 532 798 573 xxiij
823 533 878 563 die
896 532 1029 573 Aprilis,
1054 532 1220 564 Dominus
1242 533 1376 574 scripsit
1399 533 1501 574 Regie
1525 533 1696 575 Majestati
1718 543 1779 575 pro
1801 543 1876 576 cap-

485 575 578 606 cione
594 575 771 617 cujusdam
789 576 927 608 Roberti
944 577 1170 618 Donyngtone
1186 577 1477 609 excommunicati.

439 629 903 683 Letters-Dimissory,—-

437 685 528 716 John
546 688 619 717 atte
635 686 747 724 Beere,
764 686 898 726 deacon,
918 686 936 701 ‘⁶
949 685 993 717 ad
1010 686 1170 718 Ordinem
1187 686 1435 718 Presbiteratus
1449 687 1467 700 '⁷
1485 686 1635 728 (Exeter,
1653 687 1694 719 25
1712 686 1830 729 April).

565 885 738 941 [ginno]
779 886 1132 932 &numm-ationis
1169 885 1350 940 &suuni
1387 886 1640 930 huohctimo.

439 969 653 1020 Ringmore
673 982 681 1017 3
709 971 864 1008 Licence
884 977 920 1008 to
939 971 1185 1017 celebrate,—

438 1024 537 1064 Item,
554 1025 643 1065 apud
660 1025 927 1066 Tavystochiam,
945 1025 1002 1066 xvj
1020 1025 1074 1056 die
1091 1025 1179 1065 Maii,
1197 1024 1364 1056 Dominus
1380 1025 1569 1057 Willelmus
1592 1025 1736 1066 Ferrers,
1754 1027 1877 1058 Rector

482 1068 629 1100 Ecclesie
644 1069 686 1101 de
703 1069 900 1111 Rydemore,
917 1069 1038 1100 habuit
1062 1069 1248 1100 Licenciam
1272 1069 1314 1100 de
1337 1069 1544 1109 celebrando,
1569 1069 1621 1100 vel
1644 1068 1803 1102 celebrari
1825 1070 1876 1102 fa-

483 1112 611 1151 ciendo,
634 1115 708 1152 etc.‚
733 1114 768 1144 in
793 1113 927 1154 Capella
950 1113 1073 1144 Sancte
1096 1112 1267 1152 Katerine,
1284 1112 1441 1153 Virginis,
1458 1113 1547 1145 infra
1568 1114 1763 1146 Parochiam
1779 1124 1876 1146 suam

484 1156 669 1197 predictam
685 1157 822 1197 situata,
838 1157 874 1189 in
890 1157 991 1189 Festo
1007 1156 1159 1198 ejusdem
1175 1167 1185 1195 3
1208 1157 1382 1198 quamdiu,
1399 1159 1460 1189 etc.

438 1223 650 1262 Tavistock
667 1237 677 1272 3
705 1224 860 1262 Licence
879 1231 916 1262 to
935 1224 1180 1270 celebrate,—

439 1277 538 1317 Item,
563 1278 699 1317 ibidem,
723 1278 793 1319 xvij
818 1278 872 1309 die
897 1278 983 1317 Maii,
1009 1277 1175 1309 Dominus
1198 1277 1411 1309 Baldewinus
1427 1277 1666 1319 [Langedone]‚
1684 1278 1874 1320 Perpetuus

481 1321 633 1353 Vicarius
645 1322 791 1353 Ecclesie
804 1322 1003 1353 Parochialis
1015 1322 1057 1353 de
1070 1321 1397 1362 'l'avystoke‚habuit
1411 1322 1596 1353 Licenciam
1610 1322 1652 1353 de
1664 1322 1874 1362 celebrando,

482 1370 561 1404 etc.‚
581 1366 740 1407 quociens
763 1366 885 1397 viderit
900 1365 1066 1407 expedire,
1083 1365 1118 1396 in
1136 1365 1269 1406 Capella
1285 1365 1400 1397 Sancti
1415 1365 1580 1397 Johannis
1597 1366 1758 1407 Baptiste,
1774 1366 1877 1408 juxta

481 1409 749 1450 Tavystochfflm,
773 1410 862 1442 infra
886 1409 1081 1441 Parochiam
1111 1409 1296 1453 predictam
1326 1409 1454 1441 situata
1468 1420 1478 1448 ;
1512 1420 1571 1451 per
1601 1420 1707 1443 unum
1746 1420 1874 1442 aunum

482 1453 690 1486 duraturam.

443 1520 661 1559 Bradstone
678 1533 688 1567 ;
716 1519 943 1569 Assiynacio
965 1518 1281 1568 &adjutor-is,—

442 1575 542 1614 Item,
559 1575 648 1616 apud
666 1574 887 1613 Lawhittone,
908 1574 965 1605 xix
981 1574 1034 1604 die
1054 1573 1144 1614 Maii,
1161 1573 1331 1605 emanavit
1349 1573 1460 1605 Litera
1483 1584 1543 1615 pro
1567 1573 1770 1615 Coadjutore
1794 1574 1875 1606 Rec-

486 1619 568 1650 toris
598 1619 639 1650 de
671 1618 887 1656 Bradestone,
914 1618 978 1648 sub
1008 1617 1070 1648 hac
1099 1617 1422 1656 formas—Thomas,
1450 1621 1526 1656 etc.‚
1556 1617 1701 1648 Domino
1727 1618 1875 1650 Roberto

483 1660 707 1705 [Cargyntel],
724 1662 859 1694 Rectori
875 1661 1019 1692 Ecclesie
1036 1661 1077 1692 de
1101 1661 1210 1702 Kelly,
1227 1661 1382 1701 salutem,
1406 1661 1604 1699 etc—Quia
1627 1661 1723 1693 nobis
1745 1662 1876 1693 notorie

481 1710 614 1739 constat
636 1706 728 1748 quod
751 1706 916 1737 Dominus
939 1705 1128 1737 Willelmus
1145 1705 1322 1744 Bernarde,
1339 1705 1462 1736 Rector
1478 1705 1623 1736 Ecclesie
1646 1705 1872 1737 deBraddes-

483 1754 562 1783 tone
578 1751 683 1782 tantis
706 1750 797 1781 senio
820 1752 856 1780 et
878 1749 1024 1789 corporis
1046 1748 1270 1780 invalitudine
1294 1751 1454 1789 perpetua
1477 1749 1658 1788 detinetur,
1675 1749 1766 1790 quod
1788 1749 1874 1790 seip-

483 1805 559 1826 sum
582 1798 618 1825 et
640 1805 709 1834 sua,
727 1803 837 1834 neque
859 1793 1007 1834 regimen
1031 1792 1220 1823 animarum
1243 1792 1307 1823 sibi
1330 1792 1546 1824 commissum
1563 1802 1732 1824 excercere
1748 1793 1874 1834 nequid

484 1838 710 1880 personaliter,
728 1840 769 1868 ut
784 1839 923 1869 tenetur
937 1847 946 1874 3
970 1837 1012 1867 de
1027 1836 1097 1867 tuis
1114 1836 1285 1876 fidelitate,
1302 1838 1376 1874 etc.‚
1393 1839 1428 1867 te
1445 1836 1686 1877 Coadjutorem
1709 1836 1873 1878 ejusdem,

484 1893 560 1914 cum
578 1884 747 1924 potestate
764 1880 907 1921 regendi,
925 1880 1149 1918 custodiendi,
1168 1882 1202 1910 et
1225 1880 1482 1911 administrandi
1505 1880 1616 1920 ipsum
1633 1882 1669 1911 et
1684 1880 1770 1911 bona
1785 1880 1874 1921 ejus-

483 1927 559 1957 dem
577 1926 620 1957 ad
635 1926 759 1957 dictam
777 1924 958 1956 Ecclesiam
975 1923 1189 1964 pertinencia,
1207 1923 1254 1954 ita
1270 1927 1310 1955 ut
1325 1923 1389 1954 sibi
1411 1927 1446 1955 et
1469 1923 1615 1955 Ecclesie
1637 1934 1696 1955 sue
1720 1923 1816 1955 utilia
1838 1924 1875 1956 in

483 1970 645 2011 regimine
660 1972 696 2000 et
710 1968 1002 2000 administracione
1018 1967 1214 2008 hujusmodi
1230 1977 1297 1998 non
1314 1967 1452 1998 omittas
1467 1970 1502 1998 et
1518 1967 1653 1998 inutilia
1674 1977 1741 1998 non
1764 1977 1874 1999 excer-

483 2025 568 2053 ceas,
587 2016 689 2053 prout
704 2013 746 2044 ad
762 2012 824 2043 hec
838 2011 1071 2053 juramentum
1088 2013 1122 2041 te
1138 2010 1296 2050 astringit
1311 2011 1407 2041 nobis
1422 2011 1602 2052 prestitum
1626 2011 1660 2042 in
1684 2010 1747 2042 hac
1769 2014 1873 2052 parte,

483 2068 524 2089 ex
550 2057 665 2089 Officio
690 2059 805 2087 nostro
829 2056 1056 2096 deputamus;
1084 2054 1227 2085 ulterius
1251 2053 1476 2095 injungentes,
1500 2065 1541 2085 ex
1564 2054 1760 2095 hujusmodi
1781 2055 1873 2096 jura-

484 2101 590 2133 menti
607 2101 658 2132 tui
675 2100 800 2138 debito,
817 2101 856 2130 ut
872 2098 977 2138 nobis,
995 2100 1055 2129 aut
1071 2098 1234 2138 deputato
1251 2100 1367 2129 nostro
1383 2098 1416 2129 in
1441 2098 1504 2129 hac
1526 2101 1631 2138 parte,
1648 2098 1690 2130 de
1712 2098 1871 2130 adminis-

483 2145 632 2176 tracione
649 2148 682 2175 et
699 2142 860 2184 regimine
877 2142 946 2173 tuis
962 2141 1164 2182 supradictis
1186 2141 1319 2172 fidelem
1342 2142 1518 2172 annuatim
1541 2142 1663 2172 reddas
1678 2142 1845 2174 racionem
1861 2153 1870 2182 ;

482 2189 651 2229 quodque,
674 2191 857 2228 antequam
882 2185 1210 2217 administracionem
1233 2188 1268 2216 et
1291 2186 1438 2225 regimen
1462 2185 1667 2216 inchoaveris
1690 2185 1870 2225 antedicta,

482 2232 715 2264 Inventarium
739 2231 877 2272 plenum
893 2230 935 2260 de
957 2229 1114 2260 omnibus
1136 2228 1232 2260 bonis
1255 2229 1296 2259 ad
1320 2229 1431 2269 ipsum
1449 2229 1665 2269 Willelmum,
1682 2229 1870 2269 Rectorem,

480 2279 515 2307 et
531 2276 711 2307 Ecclesiam
729 2284 824 2305 suam
841 2273 1091 2314 pertinentibus
1107 2272 1269 2310 conficias,
1282 2272 1315 2303 iu
1334 2272 1578 2312 fidedignorum
1594 2272 1763 2313 presencia
1782 2273 1869 2305 noti·
1890 2276 1892 2278 ’

481 2321 564 2351 eiam
581 2319 780 2351 habencium
798 2317 981 2348 eorundem
999 2327 1006 2356 3
1029 2317 1208 2357 ipsumque
1225 2316 1408 2347 Dominum
1427 2316 1631 2347 Willelmum
1648 2316 1869 2357 compellendi

479 2364 522 2395 ad
539 2367 572 2395 te
588 2362 839 2394 informandum
856 2361 897 2391 de
913 2360 1009 2392 bonis
1025 2360 1150 2391 eisdem
1167 2363 1202 2391 et
1218 2360 1327 2391 valore
1343 2360 1536 2398 eorundem,
1552 2370 1590 2391 ac
1612 2360 1654 2391 de
1675 2360 1870 2392 nominibus

481 2411 516 2438 et
533 2406 788 2448 cognominibus
804 2404 998 2436 debitorum
1014 2403 1221 2444 hujusmodi,
1239 2414 1306 2435 una
1322 2413 1399 2435 cum
1422 2403 1563 2435 summis
1587 2403 1672 2434 veris
1695 2403 1842 2445 ipsorum
1861 2414 1869 2443 ;

480 2454 595 2482 tenore
621 2449 835 2482 Presencium
859 2448 922 2479 tibi
944 2447 1190 2479 committimus
1213 2450 1426 2488 potestatem,
1451 2457 1528 2478 cum
1551 2446 1733 2488 cujuslibet
1755 2447 1868 2480 coher-

480 2494 583 2526 cionis
600 2493 765 2526 Canonice
782 2494 959 2534 potestate.
1006 2491 1052 2523 Et
1068 2491 1150 2531 quid
1173 2491 1208 2522 in
1232 2490 1401 2532 premissis
1423 2490 1550 2530 feceris,
1567 2501 1637 2530 nos,
1653 2493 1715 2522 aut
1737 2491 1867 2523 dictum

479 2539 683 2578 deputatum
711 2540 875 2574 nostrum,
900 2536 934 2566 111
973 2534 1038 2566 fine
1068 2534 1252 2575 cujuslibet
1281 2534 1370 2572 anni,
1401 2534 1546 2566 durante
1576 2534 1869 2567 administracione

479 2581 687 2623 hujusmodi,
703 2580 816 2612 debite
832 2579 1001 2618 certifices,
1019 2578 1190 2609 autentico
1205 2578 1269 2610 sub
1284 2577 1403 2619 sigillo.

435 2647 672 2699 Marystowe
688 2660 699 2696 3
727 2646 881 2684 Licence
901 2651 937 2683 to
956 2644 1200 2689 celebrate,—

436 2702 535 2742 Item,
563 2702 688 2733 eisdem
714 2701 768 2732 die
792 2702 829 2731 et
855 2700 936 2737 loco,
968 2698 1134 2730 Dominus
1165 2697 1348 2729 Nicholaus
1369 2697 1479 2738 Kelly,
1505 2697 1655 2729 Vicarius
1678 2697 1868 2740 Perpetuus

480 2745 625 2777 Ecclesie
649 2743 848 2776 paroehialis
871 2743 913 2774 de
936 2743 1046 2774 Stowe
1070 2742 1192 2774 Sancte
1216 2742 1330 2781 Marie,
1353 2741 1474 2773 habuit
1497 2741 1682 2773 Licenciam
1713 2742 1755 2773 de
1784 2742 1866 2774 cele-

478 2789 616 2829 brando,
633 2792 711 2827 etc.‚
729 2788 763 2820 in
782 2786 925 2828 Capellis
941 2786 1142 2817 Sanctorum
1159 2785 1323 2816 Johannis
1339 2788 1373 2817 et
1390 2785 1551 2825 Nicholai,
1569 2784 1656 2817 infra
1672 2785 1867 2818 Puroehiam

479 2843 573 2864 suam
587 2832 770 2875 predictam
787 2830 931 2869 situatis,
947 2829 981 2861 in
999 2828 1108 2861 Festis
1123 2829 1304 2861 eorundem
1322 2829 1533 2861 Sanctorum.

435 2898 699 2948 Illegitimacy
714 2910 725 2944 3
752 2894 1071 2944 Dispensaci0,—

436 2954 476 2985 In
493 2953 612 2984 favour
628 2951 662 2983 of
677 2951 823 2983 Thomas
840 2948 1067 2987 Oomewaille,
1083 2947 1165 2979 alias
1181 2947 1263 2987 Noe,
1285 2947 1424 2987 scholar,
1442 2947 1513 2980 “de
1534 2948 1718 2989 presbitero
1732 2947 1868 2988 genitus

480 2999 515 3029 et
526 2996 637 3029 soluta
650 2995 668 3008 ’¹
688 2992 922 3036 (Grampound
937 2990 1183 3035 [Grauntpont,
1201 2991 1296 3032 MS.],
1314 2992 1354 3023 26
1371 2991 1479 3033 May).
1525 2992 1635 3024 Habet
1661 2992 1864 3024 Processum.
