1988 3256
149 479 187 507 A.
192 480 228 507 D.

150 508 246 541 imi-2

150 535 254 576 v01.*1.‘

191 2121 205 2138 Ι·

180 2145 282 2172 timum

476 374 767 408 REGISTRUM
802 374 1263 410 COMMUNn—Auuo
1300 366 1364 411 2⁰.
1600 360 1695 408 257

261 478 360 521 It‘em,
375 481 389 524 j
405 492 495 524 capa,
512 483 555 515 de
570 493 675 524 aspyu
693 483 800 522 viridi,
817 494 894 515 cum
910 483 1040 525 aquilis.

260 525 357 565 Item,
370 525 384 566 j
402 527 522 565 casula,
539 528 581 558 de
596 527 671 558 albo
687 527 852 566 camacha,
868 538 946 559 cum
961 527 1094 559 duobus
1110 528 1236 560 tunicis
1251 527 1335 559 albis
1352 526 1393 557 de
1409 526 1556 557 samitto.

260 568 359 608 Item,
376 569 399 610 ij
418 570 544 610 tunice,
562 571 605 602 de
621 581 732 612 panno
748 572 790 602 de
806 571 966 603 Venetiis.

261 612 360 652 Item,
376 613 389 654 j
407 614 527 654 casula,
545 625 623 646 cum
639 615 772 646 duabus
789 614 923 654 tunicis,
940 615 983 646 de
998 614 1075 646 albo
1091 614 1241 657 iusta-yn.

261 656 369 731 Item&
387 657 424 698 iij
451 658 534 697 albe,
563 669 639 690 cum
666 659 803 698 amiciis,
831 659 936 698 stolis,
963 662 1000 690 et
1024 659 1214 700 manipulis,
1241 668 1319 690 cum
1348 656 1478 698 paruris
1504 657 1546 687 de
1573 655 1691 697 glauco

304 703 336 731 ta
364 703 431 732 ato.

262 742 360 782 Item,
377 755 397 775 v
413 745 497 782 albe,
514 756 592 777 cum
609 746 749 787 paruris.

260 786 358 825 Item,
373 787 387 829 j
405 789 517 820 casula
533 789 658 829 viridis,
675 790 717 820 de
733 789 829 821 viridi
847 789 1012 828 camachu,
1029 789 1158 828 debilis,
1175 789 1281 821 linata
1297 798 1375 821 cum
1393 788 1507 819 rubeo.

261 829 360 871 Item,
376 832 440 863 alia
456 833 566 864 casula
582 834 710 873 debilis,
727 834 769 864 de
786 833 882 864 viridi
898 833 1047 864 sindone.

262 873 360 914 Item,
377 875 425 916 iiij
443 887 532 917 cape,
549 877 676 908 debiles
692 877 795 909 valde.

262 917 361 957 Item,
380 919 392 960 j
416 920 504 951 bona
526 931 616 962 capa,
633 921 674 952 de
698 931 808 961 panno
829 921 911 959 auri,
928 931 969 951 ex
992 919 1174 951 donacione
1192 919 1329 951 Domini
1353 918 1463 951 David
1479 918 1521 949 de
1537 917 1693 957 Wollore,

305 971 382 993 cum
398 963 492 1004 agnis
507 965 630 996 diversi
653 964 780 996 coloris.

262 1004 360 1044 Item,
375 1006 388 1047 j
409 1007 494 1039 bona
509 1019 589 1048 capa
605 1009 647 1051 de
663 1019 774 1049 panno
790 1008 960 1045 deaurato,
979 1007 1154 1047 pulverato
1169 1017 1246 1038 cum
1270 1006 1471 1038 draconibus
1493 1008 1530 1036 et
1552 1005 1693 1037 diversis

306 1049 431 1090 bestiis,
448 1062 488 1082 ex
505 1053 688 1084 donacione
705 1051 856 1092 Magistri
873 1051 1027 1083 Nicholai
1046 1051 1244 1092 Braybroke.

264 1091 317 1132 Et,
342 1103 384 1124 ne
410 1095 545 1135 Capella
571 1095 701 1136 prefata
727 1095 952 1134 Ornamentis,
979 1094 1096 1133 Libris,
1125 1094 1301 1133 Calicibus,
1325 1097 1361 1125 et
1384 1092 1603 1125 Vestimentis
1637 1103 1691 1123 ex-

305 1138 462 1177 pressatis
477 1140 631 1179 superius
654 1140 885 1177 defraudetur,
902 1141 954 1169 set
970 1141 1010 1169 ut
1026 1138 1172 1169 Sacrista
1187 1142 1394 1169 memoratus
1417 1137 1616 1177 respondeat
1634 1147 1693 1177 pro

304 1180 439 1221 eisdem,
458 1183 496 1214 fit
513 1194 647 1223 presens
671 1183 858 1215 Indentura
879 1183 970 1213 inter
987 1181 1216 1213 Venerabilem
1243 1182 1387 1221 Patrem,
1405 1180 1590 1212 Dominum
1615 1180 1692 1221 Epi-

305 1234 453 1265 scopum,
466 1230 502 1257 et
517 1227 696 1258 sacristam
709 1227 862 1268 superius
879 1228 1090 1264 memoratos,
1107 1226 1171 1256 sub
1185 1225 1303 1265 sigillis
1319 1225 1352 1256 in
1369 1235 1443 1257 cera
1457 1224 1555 1255 viridi
1572 1234 1691 1255 eorun-

303 1266 526 1301 dem—Data
541 1270 576 1302 in
594 1271 728 1311 Capella
743 1270 881 1311 prefata,
894 1270 993 1301 Anno
1010 1269 1147 1300 Domini
1161 1269 1364 1310 supradicto,
1375 1271 1411 1300 et
1427 1267 1694 1300 Consecracionis

308 1313 493 1351 supradicti
509 1314 646 1345 Domini
663 1314 819 1355 Episcopi
836 1312 1033 1345 Exouiensis
1050 1313 1149 1344 Anno
1165 1313 1321 1344 secundo.

264 1353 364 1394 Item,
382 1356 395 1397 J'
412 1357 525 1388 casula
541 1358 676 1398 duplex,
692 1357 790 1399 cujus
807 1358 911 1389 altera
929 1367 1003 1396 pars
1026 1356 1175 1398 fustayn,
1192 1367 1233 1388 ex
1256 1356 1345 1388 dono
1369 1355 1506 1387 Domini
1528 1354 1694 1387 Johannis

307 1397 350 1428 de
367 1399 595 1432 Grandissono
610 1402 805 1443 supradicti.

262 1453 581 1503 —Injuncciones
599 1463 634 1494 et
657 1456 931 1495 ordinaciones
950 1455 1084 1493 Libere
1105 1454 1259 1503 Capelle
1277 1455 1323 1493 de
1341 1454 1596 1500 Boseham‚—

264 1506 418 1549 Thomas,
443 1514 516 1550 etc„
543 1511 699 1552 Capitulo
724 1511 842 1542 Libere
871 1510 1003 1550 Capelle
1030 1509 1132 1550 Regie
1155 1509 1197 1540 de
1221 1509 1397 1548 Boseham,
1427 1511 1460 1539 et
1488 1508 1628 1549 singulis
1653 1509 1695 1539 de

306 1550 474 1594 capitulo,
491 1554 645 1593 salutem,
662 1555 936 1587 etc—Devotam
953 1553 1150 1585 filiacionem
1168 1556 1312 1585 vestram
1337 1553 1439 1584 latere
1455 1563 1521 1583 non
1538 1552 1696 1584 convenit

304 1597 450 1635 qualiter
465 1598 545 1629 olim
562 1599 648 1630 bone
663 1598 823 1630 memorie
846 1597 1017 1639 quondam
1041 1597 1187 1628 Thomas
1202 1597 1258 1636 [de
1283 1594 1458 1638 Byttone]‚
1480 1596 1696 1627 Predecessor

307 1643 421 1672 noster
439 1641 638 1673 Exoniensis
662 1642 856 1683 Episcopus,
879 1641 922 1672 ad
943 1644 1141 1682 perpetuam
1167 1641 1215 1671 rei
1241 1640 1450 1679 memoriam,
1472 1639 1696 1672 Consuetudi-

304 1693 363 1714 nes
379 1687 414 1716 et
430 1685 666 1717 Ordinaciones
681 1686 839 1727 antiquas
854 1685 944 1716 dicte
967 1684 1101 1725 Capelle
1123 1684 1158 1715 in
1182 1687 1308 1715 certam
1325 1684 1478 1723 formam,
1496 1686 1597 1724 prout
1611 1683 1695 1714 infe-

304 1727 375 1759 rius
392 1729 531 1769 patebit,
548 1730 583 1761 in
599 1729 740 1770 Scriptis
756 1730 936 1767 redactam,
956 1738 999 1759 ne
1015 1738 1073 1769 per
1095 1738 1238 1759 crassam
1256 1731 1292 1759 et
1306 1727 1461 1768 supinam
1490 1727 1695 1759 Presidentis

303 1771 541 1813 ignoranciam,
570 1776 610 1804 ut
635 1773 810 1812 hactenus,
827 1772 1006 1804 tenderent
1032 1771 1066 1803 in
1090 1771 1245 1810 abusum,
1269 1771 1400 1803 utiliter
1422 1770 1561 1811 collegit
1587 1774 1622 1802 et
1645 1782 1693 1802 re-

304 1815 487 1855 formavit3
518 1827 612 1858 quas,
640 1827 728 1857 vero,
756 1816 996 1849 Ordinaciones
1026 1818 1062 1846 et
1092 1815 1374 1853 Consuetudines,
1402 1814 1448 1846 sic
1478 1813 1635 1846 collectas
1660 1818 1696 1846 et

304 1859 512 1899 reformatas,
537 1861 707 1892 Walterus
737 1860 794 1900 [de
821 1858 1048 1900 Stapeldone]‚
1076 1862 1150 1898 etc.‚
1178 1859 1394 1890 Predecessor
1418 1861 1542 1898 noster,
1566 1858 1693 1890 dictam

307 1903 476 1943 Capellam
501 1904 677 1944 visitando,
701 1904 874 1936 inveniens
896 1903 966 1944 juri
989 1906 1025 1934 et
1047 1902 1170 1934 racioni
1193 1905 1424 1941 consonantes,
1441 1902 1539 1942 plena
1562 1905 1597 1933 et
1619 1902 1692 1934 dili-

304 1947 398 1986 genti
413 1957 514 1988 super
529 1948 593 1979 hiis
608 1948 850 1979 deliberacione
865 1947 990 1986 habita,
1003 1946 1215 1978 confirmavit
1229 1957 1237 1985 ;
1254 1955 1399 1987 quarum
1415 1948 1514 1977 tenor
1528 1946 1693 1987 sequitur,

305 1990 339 2021 in
367 1989 428 2022 hec
453 1991 788 2030 verba‚—Walterus,
811 1996 886 2031 etc.,
911 1990 1068 2032 Capitulo
1097 1990 1214 2021 Libere
1238 1989 1372 2031 Capelle
1394 1990 1437 2020 de
1461 1989 1634 2029 Boseham,
1659 1993 1695 2021 et

304 2034 445 2074 singulis
460 2035 502 2066 de
519 2035 687 2076 Capitulo,
702 2035 856 2075 salutem,
867 2034 1118 2074 etc.‚—-Literas
1130 2033 1216 2064 bone
1229 2033 1388 2064 memorie
1402 2033 1539 2064 Domini
1555 2033 1693 2073 Thome,

305 2080 379 2116 etc,
397 2076 642 2110 Predecessoris
658 2079 776 2118 nostri,
795 2079 942 2119 integras
958 2081 994 2109 et
1008 2077 1126 2117 illesa-s,
1144 2079 1179 2108 et
1201 2077 1235 2108 in
1259 2077 1352 2108 nulla
1366 2076 1420 2108 sui
1435 2080 1530 2117 parte
1546 2077 1693 2117 viciatus,

308 2131 387 2152 vero
402 2122 507 2163 ipsius
522 2122 631 2163 sigillo
645 2123 803 2163 signatas,
821 2122 1038 2163 inspeximus,
1053 2121 1087 2152 in
1112 2120 1172 2152 hec
1188 2120 1500 2160 verba‚—Thomas‚
1517 2123 1591 2160 etc„
1607 2121 1694 2152 salu-

155 2168 390 2207 Thomamffiem,
406 2166 639 2205 etc.,-—Pridie
654 2167 696 2197 ad
714 2166 885 2207 Capellam
902 2166 944 2197 de
968 2164 1131 2196 Boseham
1154 2164 1341 2205 predictam
1363 2164 1583 2204 personaliter
1604 2174 1693 2196 acce-

155 2807 205 2836 501.
217 2809 260 2836 1⁹.

307 2208 436 2249 dentes,
448 2210 513 2241 sub
527 2210 647 2250 quinto
660 2210 829 2242 Kalendas
844 2209 992 2250 Augusti
1004 2209 1060 2248 [28
1073 2208 1094 2240 J
1098 2207 1181 2249 uly]‚
1193 2207 1279 2239 A.D.
1296 2208 1356 2239 ΜΟ.
1371 2207 1472 2240 CCm⁰
1482 2209 1696 2248 nonagesimo

305 2255 437 2293 quarto,
453 2256 499 2292 et,
514 2257 617 2294 prout
632 2254 756 2285 nostris
771 2253 920 2285 humeris
935 2251 1161 2291 incumbebat,
1177 2251 1291 2283 debite
1305 2251 1519 2283 Visitacionis
1540 2251 1695 2283 Officium

306 2299 498 2328 exercentes
513 2297 650 2336 ibidem,
669 2301 741 2328 tam
763 2297 798 2328 in
822 2296 970 2338 personis
992 2295 1261 2327 ministrancium
1278 2295 1311 2326 in
1329 2295 1420 2326 dicta
1443 2295 1577 2336 Capella
1593 2305 1694 2337 quam

307 2339 407 2371 rebus
422 2340 654 2382 spectantibus
669 2341 712 2372 ad
727 2341 878 2380 eandem,
895 2339 1059 2371 nonnulla
1073 2339 1264 2373 invenimus
1279 2338 1377 2370 celeri
1399 2339 1603 2370 correccione
1619 2349 1695 2370 eon-

307 2383 418 2424 digna.
462 2384 542 2424 Nos,
558 2384 673 2425 igitur,
697 2384 784 2416 circa
806 2383 1080 2416 reformacionem
1104 2393 1220 2414 eorum
1244 2392 1283 2413 eo
1305 2382 1468 2413 libencius
1491 2382 1695 2414 desudantes

304 2436 372 2467 quo
389 2427 493 2468 magis
509 2438 550 2459 ex
565 2438 604 2459 eo
619 2428 711 2469 quod
727 2428 840 2469 agitur
851 2437 1024 2468 speramus
1038 2426 1156 2458 mereri
1168 2426 1202 2456 in
1216 2425 1372 2465 Domino,
1385 2429 1420 2456 et
1437 2436 1538 2466 penas
1550 2436 1611 2467 pro
1623 2427 1695 2467 qui-

307 2470 371 2501 bus
383 2470 528 2511 quilibet
535 2471 688 2503 Prelatus
699 2471 865 2512 necligens
877 2481 912 2502 se
922 2470 1062 2511 dignum
1075 2469 1177 2501 efficit
1186 2469 1346 2507 devitare,
1354 2469 1419 2500 sub
1430 2469 1546 2500 Divini
1555 2473 1694 2501 attesta-

307 2514 401 2545 cione
416 2514 438 2546 J
442 2514 543 2546 udicii
555 2514 771 2556 'injungimus
786 2518 822 2546 et
836 2515 1035 2546 mandamus
1051 2516 1092 2545 ut
1106 2513 1229 2545 Vicarii
1246 2512 1370 2544 Divino
1387 2512 1554 2554 Obsequio
1577 2513 1696 2545 intitu-

306 2557 368 2588 lati
383 2558 504 2589 amodo
520 2559 621 2590 modo
643 2559 758 2590 debito
781 2558 1001 2599 frequentent
1028 2557 1198 2598 Capellam
1221 2556 1459 2597 supradictam,
1475 2557 1636 2588 distincte
1662 2561 1698 2589 et

307 2604 436 2642 aperte,
463 2602 589 2643 absque
618 2602 711 2633 omni
737 2602 968 2643 sincopacione
994 2603 1030 2632 et
1056 2600 1321 2642 preeipitacione,
1345 2599 1495 2640 legendo,
1519 2600 1697 2641 psalmodi—

308 2644 423 2684 tando,
452 2648 489 2676 et
515 2646 692 2685 cantando,
720 2645 823 2677 nichil
848 2645 983 2686 penitus
1009 2644 1263 2676 committentes
1288 2643 1379 2684 quod
1404 2643 1526 2674 Divine
1550 2644 1699 2675 offendat

309 2688 423 2719 oculos
439 2688 637 2730 Majestatis,
653 2689 747 2721 omni
768 2689 821 2721 vel
848 2688 1006 2720 omnibus
1029 2687 1260 2728 negociacioue
1282 2686 1401 2718 illicita
1423 2690 1459 2718 et
1481 2687 1591 2728 turpis
1613 2687 1699 2719 lucri

307 2734 432 2772 questu
449 2732 496 2763 eis
512 2743 649 2773 prorsus
664 2732 881 2764 manentibus
896 2731 1098 2769 interdictis3
1114 2730 1283 2768 Canonici‚
1300 2740 1445 2771 quoque,
1462 2730 1504 2761 de
1520 2731 1616 2762 bonis
1631 2741 1698 2772 que

304 2774 353 2806 ibi
370 2775 564 2817 percipiunt
580 2776 656 2817 plus
672 2776 771 2808 solito
786 2775 1011 2817 hospitalitati
1034 2775 1203 2813 insistant,
1222 2773 1348 2805 Christi
1370 2784 1532 2814 pauperes
1548 2773 1698 2815 ejusdem

311 2818 471 2850 Parochie
488 2820 542 2860 pia
557 2820 795 2858 consolacione,
807 2822 848 2851 ut
862 2819 1029 2858 convenit,
1040 2818 1232 2854 visitantes3
1250 2828 1287 2848 ac
1303 2817 1432 2848 edificia
1451 2818 1699 2849 Prebendarum

313 2872 452 2893 suarum
469 2862 600 2894 din-uta
622 2863 817 2895 reedificent
834 2867 869 2894 et
885 2863 1086 2894 deteriorata
1101 2863 1267 2902 reparent,
1286 2863 1327 2892 ut
1349 2863 1519 2893 tenentur.
1565 2861 1700 2902 Nullus,

307 2906 456 2946 insuper,
474 2906 672 2945 Canonicus,
688 2906 852 2946 Vicarius,
868 2909 930 2938 aut
946 2906 1056 2947 quivis
1072 2905 1157 2937 alius
1174 2904 1307 2946 capelle
1322 2904 1523 2945 supradicte,
1540 2905 1703 2937 terminos

314 2948 401 2990 juris
417 2949 516 2981 alieni
532 2949 683 2990 invadat,
698 2953 750 2982 set
764 2950 909 2992 quilibet
924 2949 1038 2981 debita
1052 2949 1116 2980 sibi
1132 2948 1296 2990 porcione,
1309 2948 1351 2979 ab
1363 2948 1503 2989 antiquo
1515 2949 1702 2980 secundum

310 2992 602 3025 Consuetudinem
615 2993 750 3035 Capelle
760 2993 923 3026 hactenus
935 2993 1107 3032 usitatam,
1118 2994 1299 3024 contentus
1310 2991 1443 3024 existat.
1469 2992 1585 3024 Cesset
1594 2993 1705 3024 omnis

288 3050 314 3086 S
