1988 3256
266 337 362 383 340
410 330 412 332 ¹
468 349 568 384 THE
603 350 852 386 REGISTER
885 350 946 385 OF
981 349 1161 385 BISHOP
1195 349 1606 385 BRANTYNGHAM.

264 451 342 513 {³3:71}-
380 454 646 508 Illegitimacy
661 470 673 505 3
710 456 962 505 Dispensaeio
981 470 1066 494 cum
1084 455 1357 506 illeyitimo,-

263 506 367 548 v01,'1,
383 509 483 550 Item,
511 510 647 550 ibidem,
678 511 738 552 xiij
770 511 824 542 die
851 510 934 542 dicti
966 510 1098 550 mensis,
1126 510 1294 542 Dominus
1323 509 1531 551 dispensavit
1560 519 1639 541 cum
1667 507 1820 541 Waltero

427 553 557 590 Clerke,
574 554 699 594 scolari,
717 555 823 586 Exon.
842 554 946 593 Dioc.,
962 554 1148 595 illegitimo,
1165 554 1207 586 de
1222 554 1334 585 soluto
1349 553 1464 595 genito
1479 555 1515 585 et
1537 553 1658 592 soluta,
1673 551 1818 584 auctori-

421 600 492 629 tate
509 598 702 629 Literarum
719 597 1011 636 Reverendissimi,
1028 600 1103 637 etc„
1121 597 1259 629 Domini
1275 597 1449 638 Stephani,
1466 596 1682 628 miseracione
1694 594 1818 627 Divina

421 640 528 672 Tituli
556 641 672 673 Sancti
696 641 834 673 Eusebii
858 641 1041 673 Presbiteri
1065 641 1261 680 Cardinalis,
1285 641 1395 672 eidem
1418 640 1565 672 Domino
1587 639 1817 676 directarum3

414 684 564 724 'quarum
581 689 681 716 tenor
696 685 852 725 sequitur
866 685 901 716 in
924 684 986 716 hec
1001 684 1362 723 verba‚—Venerabili‚
1379 684 1542 716 ete—Ex
1564 686 1660 725 parte
1676 681 1818 714 Walteri

422 727 554 767 Clerke,
571 728 716 767 scolaris,
739 729 808 760 fuit
831 728 928 760 nobis
950 728 1127 760 humiliter
1149 728 1378 769 supplicatum
1401 730 1442 760 ut
1465 737 1541 759 cum
1565 737 1613 766 eo,
1637 726 1706 768 qui,
1730 726 1819 758 sicut

418 772 591 810 asseritur,
604 772 727 804 ascribi
743 772 914 804 desiderat
929 772 1052 804 milicie
1075 772 1227 811 clericali,
1246 782 1349 813 super
1364 771 1499 803 defectu
1523 770 1690 802 natalium
1713 779 1817 810 quem

419 815 552 856 patitur
579 816 621 847 de
648 816 760 847 soluto
785 816 921 855 genitus
948 819 984 848 et
1010 816 1131 855 solut-a,
1157 815 1355 857 hujusmodi
1385 825 1452 847 non
1483 814 1642 846 obstante
1668 813 1817 852 defectu,

418 859 524 899 possit
540 859 580 890 ad
598 870 714 891 omnes
732 860 875 891 Ordines
890 860 1080 900 promoveri
1100 862 1136 891 et
1153 859 1425 891 Ecclesiasticum
1438 858 1643 890 Beneficium
1653 857 1816 898 optinere,

418 902 523 934 eciam
540 903 567 934 si
580 913 693 934 curam
711 903 836 935 habeat
851 903 1052 942 animarum,
1070 903 1173 935 Sedes
1189 904 1215 934 A
1221 903 1391 944 postolica,
1405 912 1508 943 quam
1524 904 1664 943 propter
1677 910 1816 942 guerras

418 949 454 978 et
469 946 600 978 viarum
617 947 774 987 pericula,
792 947 881 978 sicut
897 947 1071 986 asseritur,
1089 947 1227 978 visitare
1242 957 1310 978 non
1333 949 1456 987 potest,
1474 946 1666 987 dispensare
1688 944 1814 976 miseri-

419 990 566 1021 corditer
588 990 797 1031 dignaretur.
845 991 925 1029 Nos,
949 990 1064 1031 igitur,
1088 990 1292 1022 auctoritate
1315 989 1454 1022 Domini
1477 990 1576 1030 Pape,
1593 988 1692 1030 cujus
1715 988 1812 1019 Peni-

415 1034 576 1065 tenciarie
594 1044 710 1065 curam
735 1034 892 1075 gerimus,
917 1037 953 1066 et
976 1033 1019 1065 de
1041 1033 1116 1075 ejus
1140 1034 1382 1066 Commissioue
1406 1034 1442 1065 in
1465 1033 1591 1065 talibus
1611 1031 1814 1073 generaliter

417 1077 513 1108 nobis
543 1077 643 1116 facta,
670 1077 971 1118 Circumspeccioni
999 1081 1112 1109 vestre
1138 1078 1384 1109 committimus
1412 1077 1584 1118 quatinus,
1612 1076 1640 1107 si
1668 1078 1720 1107 est
1749 1075 1809 1114 ita,

415 1121 634 1153 consideratis
664 1121 845 1162 diligenter
874 1121 1140 1153 circumstanciis
1170 1121 1335 1152 universis
1365 1131 1431 1162 que
1460 1120 1547 1152 eirca
1576 1119 1810 1160 ydoneitatem

415 1174 556 1204 persone
572 1164 702 1196 fuerint
718 1164 935 1204 attendende‚
953 1165 981 1196 si
996 1168 1138 1206 paterne
1153 1175 1221 1196 non
1236 1167 1289 1197 est
1311 1164 1558 1196 incontinencie
1574 1163 1738 1202 imitator,
1755 1165 1808 1195 set

416 1208 502 1239 bone
523 1208 784 1239 conversacionis
802 1212 836 1239 et
851 1209 931 1247 vite,
949 1208 1212 1250 sufficientisque
1234 1208 1569 1248 literature,—super
1590 1206 1714 1248 quibus
1736 1216 1807 1238 ves-

414 1254 504 1282 tram
520 1252 730 1283 intendimus
746 1252 985 1283 conscienciam
1002 1252 1345 1292 onerare-aliasque
1361 1251 1424 1282 sibi
1439 1251 1561 1282 merita
1576 1250 1808 1290 suffragantur

262 1291 310 1318 sol.
331 1292 393 1320 52b.
417 1295 460 1326 ad
475 1295 672 1336 hujusmodi
689 1295 957 1336 Dispensacionis
971 1295 1116 1336 graciam
1133 1296 1362 1336 optinendam,
1380 1305 1457 1326 cum
1473 1295 1545 1335 ipso
1567 1304 1668 1335 super
1690 1293 1808 1334 petitis

417 1338 679 1370 misericorditer
694 1339 895 1379 dispensetis
913 1349 920 1377 ;
950 1339 1008 1378 ita,
1026 1342 1150 1377 tamen,
1167 1339 1259 1380 quod
1274 1339 1363 1370 idem
1379 1338 1524 1377 scolaris,
1540 1341 1643 1378 prout
1657 1337 1808 1379 requiret

414 1392 499 1413 onus
523 1382 681 1414 Beneficii
697 1383 788 1423 quod
811 1393 900 1421 eum,
916 1387 994 1423 post
1011 1382 1306 1423 Dispensacionem
1329 1382 1536 1423 hujusmodi,
1553 1381 1707 1422 optinere
1729 1391 1804 1413 con-

414 1425 541 1466 tigerit,
565 1436 601 1457 se
623 1426 724 1457 faciat
747 1426 790 1457 ad
814 1426 969 1464 Ordines,
995 1427 1136 1458 statutis
1160 1437 1179 1457 a
1201 1426 1278 1467 jure
1304 1425 1525 1466 temporibus,
1549 1424 1747 1465 promoveri,
1771 1427 1807 1457 et

414 1469 635 1510 personaliter
649 1469 795 1501 resideat
811 1469 845 1501 in
862 1470 1005 1508 eodem;
1027 1470 1178 1511 alioquin
1201 1470 1292 1502 dicte
1316 1468 1584 1510 Dispensacionis
1606 1468 1717 1509 gracia
1739 1478 1807 1509 quo

413 1513 457 1544 ad
472 1513 584 1553 ipsum
600 1513 807 1545 Beneficium
830 1513 958 1545 nullius
981 1513 1118 1554 penitus
1141 1514 1186 1545 sit
1209 1513 1383 1545 momenti.
1430 1513 1519 1544 Data
1534 1512 1709 1550 Aviuione,
1725 1511 1808 1553 iiijto

413 1556 496 1588 Idus
524 1557 648 1596 Marcii,
666 1557 889 1589 Pontificatus
912 1557 1050 1588 Domini
1066 1557 1220 1598 Gregorii
1238 1557 1328 1598 Pape
1344 1556 1523 1589 Undecimi
1538 1556 1638 1588 Anno
1660 1555 1808 1587 secundo

415 1598 472 1641 [12
489 1600 614 1640 March,
632 1599 780 1642 1372·3].

370 1666 683 1716 Indulgence,--

371 1720 470 1759 Item,
495 1721 621 1752 eisdem
644 1721 708 1761 die,
725 1721 806 1761 loco,
831 1723 866 1753 et
888 1732 986 1760 anno,
1012 1722 1179 1754 Dominus
1201 1721 1365 1762 concessit
1387 1721 1643 1763 Indulgenciam
1665 1721 1806 1763 quadra-

413 1765 509 1805 ginta
531 1765 663 1796 dierum
686 1765 843 1796 omnibus
866 1765 1075 1805 parochianis
1098 1766 1177 1804 suis,
1200 1768 1237 1798 et
1258 1765 1332 1797 aliis
1355 1776 1500 1806 quorum
1524 1766 1709 1805 Diocesani,
1732 1769 1806 1804 etc..

414 1808 472 1849 qui
491 1819 552 1849 pro
568 1808 680 1840 anima
696 1808 850 1840 Nicholai
865 1808 1056 1847 'savernen1
1073 1809 1243 1850 quondam
1261 1809 1352 1841 Civis
1375 1809 1533 1841 Civitatis
1555 1809 1694 1848 Exonie,
1710 1808 1809 1850 eujus

413 1862 534 1892 corpus
560 1852 594 1883 in
620 1852 767 1883 Ecclesia
791 1852 894 1883 Beate
917 1852 1021 1883 Marie
1046 1852 1137 1884 dicte
1165 1853 1323 1885 Civitatis
1349 1853 1531 1894 requiescit
1553 1853 1745 1890 humatum,
1769 1863 1808 1884 ac

412 1906 475 1936 pro
490 1895 667 1926 animabus
682 1895 835 1927 omnium
851 1895 1003 1927 fidelium
1018 1896 1259 1928 defunctorum
1277 1896 1474 1927 oracionem
1491 1896 1712 1935 Dominicam,
1729 1906 1806 1928 cum

414 1939 629 1971 Salutacione
652 1939 821 1979 Angelica‚
845 1939 993 1971 dixerint
1019 1942 1134 1971 mente
1160 1939 1224 1980 pia.
1271 1939 1481 1971 Ratificando
1504 1943 1540 1972 et
1561 1940 1667 1972 eciam
1689 1939 1807 1971 confir-

415 1982 540 2013 mando
556 1982 791 2022 Indulgencias
807 1982 842 2013 in
858 1982 920 2014 hac
936 1985 1033 2024 parte
1055 1993 1235 2022 concessas,
1252 1986 1287 2014 et
1309 1983 1534 2024 imposterum
1556 1984 1625 2015 suis
1649 1983 1807 2025 tempori-

414 2025 478 2057 bus
493 2026 729 2058 concedendas.

372 2091 559 2129 Otterton
579 2091 717 2141 Priory
733 2104 744 2139 ;
763 2091 828 2129 Ad
846 2091 1158 2130 denunciandum
1175 2091 1355 2130 Priorem
1374 2097 1596 2140 pretensum
1620 2093 1666 2131 de
1690 2091 1811 2132 Ouri-

426 2152 511 2183 tone
529 2145 959 2192 excommunicatum,—

373 2199 473 2238 Item,
496 2199 569 2240 xiiij
593 2199 647 2230 die
670 2199 794 2231 mensis
817 2199 980 2240 ejusdem,
1004 2199 1175 2231 emanavit
1201 2199 1412 2239 Mandatum,
1436 2199 1500 2232 sub
1525 2199 1634 2240 sigillo
1660 2200 1808 2240 Domini,

417 2243 585 2274 directum
617 2243 752 2274 Decano
791 2242 1057 2274 Christianitatis
1094 2243 1232 2282 Exonie,
1262 2243 1307 2274 ad
1339 2243 1614 2275 denunciandum
1653 2244 1808 2276 Fratrem

417 2286 588 2318 Simonem
611 2286 750 2325 Guarin,
777 2286 926 2318 Priorem
951 2290 1148 2327 pretensum
1171 2286 1346 2318 Prioratus
1368 2287 1410 2318 de
1433 2286 1600 2326 Otritone,
1623 2297 1726 2328 super
1746 2288 1808 2320 cri-

417 2330 508 2361 mine
538 2330 769 2361 fornicat-ionis
798 2330 974 2361 commisse
996 2340 1073 2361 cum
1098 2329 1240 2361 Isabella
1262 2330 1404 2362 Bowrne
1425 2333 1620 2371 suspectum
1644 2333 1680 2362 et
1702 2331 1806 2363 eciam

416 2373 641 2412 diffamatum,
659 2373 762 2405 fuisse
777 2383 815 2405 ac
830 2383 901 2405 esse
923 2376 1061 2414 propter
1082 2373 1187 2413 ipsius
1203 2374 1448 2405 contumaciam
1466 2374 1807 2415 excommunicatum,

417 2417 452 2448 in
482 2417 628 2448 Ecclesia
655 2417 758 2448 Beate
782 2416 887 2448 Marie
915 2416 1054 2458 Majoris
1081 2417 1220 2457 Exonie,
1242 2419 1278 2449 et
1299 2417 1390 2457 alibi,
1413 2417 1472 2449 ubi
1495 2417 1619 2450 viderit
1640 2418 1807 2459 expedire,

415 2470 492 2492 cum
509 2460 746 2501 solempnitate
761 2470 828 2501 qua
843 2460 940 2492 decet
955 2460 990 2492 in
1013 2459 1075 2492 hac
1090 2463 1196 2501 parte.

373 2527 570 2564 Oratories
587 2539 597 2573 3
628 2526 779 2564 Licence
799 2533 835 2565 to
854 2527 1099 2573 celebrates—-

374 2580 476 2619 Item,
501 2580 592 2621 apud
616 2580 813 2621 Cryditone,
832 2580 889 2622 xvj
907 2580 961 2612 die
983 2580 1107 2612 mensis
1129 2579 1293 2621 ejusdem,
1317 2580 1483 2612 Dominus
1505 2581 1669 2613 concessit
1691 2581 1806 2614 Licen-

415 2624 501 2655 ciam
526 2624 653 2655 Othoni
677 2624 876 2664 Kellygrew,
901 2623 992 2664 quod
1014 2624 1131 2664 possit,
1154 2626 1231 2662 etc,
1257 2624 1292 2655 in
1315 2634 1376 2655 sua.
1398 2625 1578 2665 presencia,
1602 2624 1638 2656 in
1661 2624 1806 2666 Capellis

415 2667 485 2698 suis
515 2667 557 2698 de
580 2667 791 2708 Kellygrewe
814 2667 866 2706 [in
891 2667 937 2699 St.
964 2666 1074 2707 Erme]
1101 2669 1138 2699 et
1165 2667 1376 2699 Arwenneke
1403 2666 1616 2708 [Falmouek],
1642 2668 1805 2710 quamdiu

414 2710 560 2742 Domino
575 2711 740 2751 placuerit
755 2711 966 2742 duraturam.

373 2754 474 2792 Item,
507 2754 632 2785 eisdem
664 2754 727 2794 die,
755 2754 837 2793 loco,
864 2757 901 2786 et
930 2764 1030 2793 anno,
1058 2753 1224 2786 Dominus
1249 2754 1412 2786 concessit
1439 2754 1626 2786 Licenciam
1655 2754 1806 2786 Johauni

416 2797 647 2836 Walaebrewe,
671 2800 707 2829 et
730 2797 827 2829 uxori
849 2797 1012 2839 ejusdem,
1034 2797 1128 2839 quod
1150 2797 1289 2838 possint,
1313 2801 1389 2837 etc„
1405 2798 1440 2830 in
1463 2798 1609 2839 capellis
1630 2798 1700 2830 sive
1723 2798 1804 2830 Ora·

415 2841 511 2872 toriis
526 2841 595 2872 suis
612 2841 839 2873 Maneriorum
855 2851 994 2873 suorum
1010 2840 1053 2873 de
1069 2841 1188 2872 Treros
1205 2841 1255 2881 [in
1270 2841 1317 2873 St.
1339 2840 1523 2883 Μαίυιιιιη]ν
1537 2841 1738 2873 Walesbrew
1753 2840 1806 2882 [in

783 2935 795 2956 ¹
812 2937 929 2979 Mayor
944 2937 980 2969 of
999 2937 1122 2969 Exeter
1137 2937 1171 2969 in
1189 2938 1283 2970 1365.
