1988 3256
465 374 754 413 ansTRUM
791 375 1244 414 COMMUNE--ANNO
1284 365 1381 413 120.
1602 363 1697 410 453

150 481 227 508 AD·
259 484 358 524 Item,
375 484 500 517 eisdem
516 486 571 518 die
586 489 622 518 et
638 486 719 527 loco,
737 487 904 520 Dominus
919 487 1084 520 concessit
1106 486 1295 519 Licenciam
1320 484 1435 518 Nobili
1459 483 1604 522 Mulieri,
1630 483 1697 515 Isa-

151 516 227 542 1381.

150 549 215 576 Vol.
232 549 255 576 Ι.
303 528 389 560 belle
405 529 570 570 Kerneke,
590 534 629 562 ut
644 531 750 572 possit
765 531 874 563 facere
897 531 1056 564 celebrari
1080 531 1213 569 Divina,
1229 533 1304 569 ecc„
1321 529 1355 561 in
1379 539 1441 561 sua
1465 527 1644 569 presencia,
1661 526 1696 558 in

304 572 440 614 Capella
455 584 514 605 seu
531 575 684 606 Oratorio
700 575 741 606 ad
758 574 821 607 hoc
836 585 984 616 congruo
1006 578 1042 607 et
1064 574 1216 614 honesto,
1233 573 1322 605 iufra
1346 572 1534 605 Manen-ium
1557 572 1599 603 de
1615 571 1694 602 Tre·

303 616 455 658 neneyke
471 617 599 649 situato
614 629 623 658 ;
646 619 822 660 quamdiu,
838 622 902 651 etc.

259 671 536 721 Confessions;
572 673 932 720 Penitencz'aria,—

259 725 358 765 Item,
383 726 510 758 eisdem
541 727 596 759 die
622 731 658 759 et
687 727 768 766 loco,
796 729 964 760 Dominus
993 727 1157 759 concessit
1187 726 1376 759 Licenciam
1408 724 1518 758 Fratri
1547 724 1709 756 Johanui‘

303 770 498 810 Stephenes,
517 771 652 802 Ordinis
668 771 838 803 Minornm
854 776 889 803 et
905 772 1102 804 Conventus
1119 771 1306 809 Bodminie,
1323 770 1365 802 ad
1382 769 1591 801 audiendum
1608 769 1694 800 Con-

302 813 463 845 fessiones
486 814 575 846 infra
597 815 916 847 Archidiaconatum
941 815 1216 854 Cornubiensem,
1233 814 1392 856 ipsisque,
1408 816 1486 852 etc„
1504 815 1546 844 ut
1569 822 1671 854 supra
1688 821 1696 850 ς

305 857 392 898 perj
409 868 547 898 annum,
565 862 629 890 etc.

261 911 429 950 General
450 912 613 951 Licence
634 917 676 951 to
696 913 961 960 celebrate,—

261 966 362 1005 Item,
379 966 515 1005 ibidem,
533 977 600 999 xxv
616 967 670 999 die
686 967 810 999 mensis
826 967 1043 1009 Septembris,
1061 966 1228 999 Dominus
1244 965 1407 998 concessit
1424 965 1612 998 Licenciam
1629 965 1696 997 No-

304 1009 363 1041 bili
387 1010 477 1049 Viro,
497 1011 643 1043 Domino
665 1011 815 1043 Johanni
837 1011 987 1050 Strache,
1007 1015 1042 1043 et
1066 1011 1228 1043 Katerine
1250 1010 1326 1051 ejus
1349 1010 1456 1050 uxori,
1473 1010 1516 1041 ad
1539 1008 1698 1041 celebrari

303 1053 507 1093 faciendum,
531 1057 605 1093 etc.,
636 1054 672 1086 in
702 1054 853 1096 ipsorum
875 1055 1014 1087 alterius
1036 1065 1096 1086 seu
1123 1054 1311 1097 Margarete
1335 1054 1496 1095 Latymer
1518 1052 1697 1094 presencia,

303 1098 477 1139 quamdiu,
494 1101 571 1138 etc„
595 1098 631 1130 in
655 1098 799 1140 Capellis
821 1098 962 1140 siugulis
977 1099 1066 1130 infra
1082 1098 1229 1130 Maneria
1245 1108 1306 1129 sua
1322 1097 1356 1129 in
1374 1097 1505 1129 Diocesi
1529 1097 1696 1129 Exonien-

304 1141 332 1172 si
348 1141 494 1174 situatis.

262 1195 723 1249 Letters-Dimissory,—-

262 1250 408 1282 william
437 1251 590 1293 Knyght,
613 1251 814 1291 subdeacon,
840 1252 914 1284 “ad
938 1251 1144 1284 Diaconatus
1175 1253 1210 1283 et
1241 1250 1489 1283 Presbiteratus
1520 1249 1696 1283 Ordines”

307 1294 522 1336 (Chudleigh,
540 1295 582 1328 27
599 1296 717 1336 Sept).

152 1346 402 1408 §gffDolton
423 1347 651 1402 [Dueltone,
674 1347 777 1404 MS.]
792 1363 802 1398 ;
832 1350 894 1388 Sir
911 1350 1019 1389 John
1039 1349 1288 1396 Dosseforde,
1311 1350 1429 1396 R„-

260 1403 416 1487 Lkggrlice⁴⁵
429 1403 466 1480 οξ
483 1404 747 1487 gotnjmideuoe
774 1405 827 1436 for
853 1416 873 1436 a
899 1415 990 1447 year,
1018 1407 1054 1436 to
1084 1403 1189 1446 study
1214 1407 1251 1436 at
1275 1403 1403 1437 Oxford
1431 1415 1468 1435 or
1495 1402 1698 1444 Cambridge

360 1458 399 1489 ys
419 1472 428 1487 ‚
514 1458 531 1480 c
549 1471 556 1479 .
578 1471 585 1478 .

261 1502 504 1541 Stokenham
525 1514 535 1550 ;
562 1503 644 1540 Pro
665 1502 828 1552 Capella
845 1503 891 1541 de
918 1502 1211 1552 Slu'reforde,—-

262 1557 362 1595 Item,
389 1556 525 1596 ibidem,
549 1567 572 1588 x
594 1557 649 1588 die
672 1557 835 1596 Octobris,
860 1557 1028 1588 Dominus
1050 1557 1310 1588 Bartholomeus
1337 1556 1582 1598 Chynowythe‚
1608 1567 1697 1597 pres-

306 1600 404 1639 biter,
428 1600 549 1632 habuit
571 1600 758 1632 Licenciam
779 1601 822 1632 de
843 1600 1041 1632 celebrando
1058 1600 1181 1632 Divina
1197 1600 1232 1631 iu
1257 1600 1393 1642 Capella
1415 1600 1458 1631 de
1481 1600 1696 1642 Shyreforde,

307 1644 397 1675 infra
422 1644 616 1675 Parochiam
643 1645 685 1675 de
711 1644 929 1681 Stokenham,
957 1643 1116 1685 quociens
1138 1647 1302 1685 oporteat,
1329 1647 1419 1681 etc.;
1442 1644 1538 1681 dum,
1568 1647 1696 1682 tamen,

307 1688 533 1726 Sacramenta,
557 1691 631 1726 etc„
655 1698 717 1719 nec
741 1698 798 1728 per
820 1688 884 1719 hoc
908 1688 1054 1719 Ecclesie
1077 1687 1210 1719 Matrici
1233 1687 1484 1729 prejudicium3
1522 1688 1698 1728 quamdiu,

307 1735 381 1770 etc„
398 1741 476 1766 cum
498 1731 867 1770 clausula—Volumus,
885 1731 913 1763 si
929 1732 1020 1773 quod
1036 1731 1263 1772 prejudicium
1280 1741 1339 1772 per
1354 1731 1416 1762 hoc
1433 1732 1501 1769 fiat,
1518 1735 1582 1762 etc.

268 1785 495 1836 Chawleigh
517 1783 809 1838 [Chalveleghe‚
832 1783 935 1837 MS]
952 1798 963 1833 3
1003 1786 1067 1823 Sir
1085 1785 1257 1824 Thomas
1276 1785 1383 1831 Esse,
1405 1784 1564 1832 deacon,
1583 1785 1700 1833 R„—

265 1839 404 1872 Licence
419 1840 454 1871 of
469 1839 723 1871 uon—residence
739 1840 790 1871 for
806 1851 825 1871 a
839 1850 918 1882 year
933 1843 970 1871 to
985 1839 1090 1881 study
1107 1839 1229 1881 (Clyst,
1248 1840 1286 1871 11
1305 1839 1405 1879 Oct).

264 1900 478 1947 Dunsford,
501 1905 573 1939 etc.
593 1913 604 1948 3
632 1900 787 1939 Licence
807 1906 843 1938 to
862 1900 1102 1947 celebrate,-

265 1955 364 1994 Item,
392 1954 517 1987 eisdem
544 1954 599 1986 die
622 1957 657 1986 et
680 1954 760 1994 loco,
786 1955 944 1995 Ismanya
969 1955 1011 1986 de
1033 1955 1269 1996 Cervyngtone
1297 1953 1420 1986 habuit
1446 1954 1633 1986 Licenciam
1657 1956 1699 1987 de

308 1999 466 2030 celebrari
482 1998 634 2030 faciendo
651 1998 782 2038 Divina,
796 2002 870 2037 etc„
883 1999 917 2030 in
934 2009 996 2030 sua
1011 1998 1192 2039 presencia,
1203 1998 1239 2029 in
1256 1998 1399 2040 Capellis
1415 1998 1485 2030 suis
1498 1999 1541 2030 de
1553 1998 1697 2031 Southe-

308 2045 398 2082 tone,
418 2042 533 2082 Asshe,
550 2045 586 2074 et
602 2043 696 2083 Aury
715 2053 723 2082 3
747 2042 922 2084 quamdiu,
939 2045 1003 2074 etc.

264 2102 723 2153 Letters-Dimissory,—

264 2156 374 2188 Adam
393 2157 497 2197 Haye,
512 2157 660 2196 accolite,
680 2156 749 2188 “ad
766 2166 882 2188 omnes
898 2156 1014 2188 Sacros
1031 2155 1174 2188 Ordines
1187 2156 1205 2168 ¹¹
1223 2155 1328 2196 (same
1343 2155 1446 2194 date).

266 2200 414 2232 William
442 2200 594 2242 Smytlie,
620 2200 655 2231 of
679 2200 887 2239 Clerkstone,
915 2200 1055 2239 scholar,
1084 2200 1156 2231 “ad
1182 2210 1299 2232 omues
1329 2203 1400 2231 tam
1424 2199 1570 2231 Minores
1593 2211 1695 2242 quam

310 2244 427 2276 Sacros
443 2244 585 2276 Ordines
596 2244 614 2256 ”
632 2244 736 2282 (same
751 2243 855 2282 date).

266 2297 464 2349 Uploman
487 2295 684 2350 [Lomene‚
707 2296 821 2351 MS.],
843 2298 906 2335 Sir
926 2298 1044 2336 Peter
1063 2295 1331 2351 [Lanmoren]‚
1354 2298 1471 2344 R,—

268 2352 407 2383 Licence
422 2353 457 2384 of
472 2352 723 2383 non-residence
739 2352 792 2383 for
806 2363 826 2383 a
840 2362 928 2394 year,
945 2354 982 2383 to
997 2353 1111 2394 study,
1129 2355 1203 2391 etc,
1229 2352 1247 2367 ‘⁴
1260 2352 1546 2394 contemplacione
1568 2352 1696 2384 'rhome

313 2396 355 2427 de
371 2396 603 2437 Welyngtoue‚
620 2399 683 2427 etc.
702 2406 709 2434 ;
732 2396 780 2428 ita
795 2396 887 2436 quod
902 2396 1018 2427 decem
1040 2395 1163 2427 solidos
1185 2396 1220 2427 in
1243 2396 1597 2437 recompensacionem,
1614 2400 1695 2436 etc„

311 2439 396 2470 citra
412 2440 552 2471 Festum
568 2439 740 2471 Michaelis
756 2439 908 2480 proximo
924 2438 1082 2471 futurum
1096 2439 1115 2452 ’¹
1131 2439 1253 2480 (Clyst,
1271 2440 1312 2470 12
1328 2439 1433 2479 Oce).

272 2493 468 2543 Budleigh
489 2493 647 2544 (East);
674 2493 755 2531 Pro
777 2493 1017 2542 Capellae,-

269 2547 366 2586 ltem,
383 2548 507 2579 eisdem
524 2547 578 2578 die
601 2551 635 2578 et
652 2547 733 2585 loco,
754 2547 920 2579 Dominus
936 2547 1100 2579 Ricardus
1116 2545 1299 2588 [Bolham],
1316 2547 1467 2579 Vicarins
1492 2547 1637 2580 Ecclesie
1653 2549 1695 2580 de

311 2591 538 2632 Buddeleghe‚
566 2590 686 2622 habuit
717 2590 903 2622 Licenciam
934 2591 976 2622 de
1006 2591 1212 2630 celebrando,
1243 2596 1317 2630 etc.,
1342 2591 1376 2622 in
1409 2591 1544 2632 Capella
1581 2593 1698 2624 Sancti

312 2634 477 2666 Leonardi
492 2635 534 2666 de
551 2634 713 2666 Doldiche
727 2634 830 2666 semel
845 2634 879 2665 in
895 2644 992 2672 anno,
1010 2633 1166 2665 videlicet
1180 2634 1215 2665 in
1233 2634 1332 2665 Festo
1347 2634 1501 2676 ejusdem
1518 2635 1644 2674 Sancti,
1661 2639 1697 2668 et

310 2677 343 2708 iu
370 2677 505 2719 Capella
528 2678 630 2709 Beate
653 2677 837 2719 Margarete
860 2677 902 2708 de
925 2677 1118 2709 Exmouthe
1141 2677 1192 2709 bis
1215 2677 1249 2709 in
1273 2677 1470 2719 septimana,
1487 2678 1578 2711 infra
1599 2679 1697 2711 Paro—

311 2721 419 2753 chiam
437 2731 530 2752 suam
547 2720 683 2753 situatis
700 2732 708 2760 ;
731 2721 904 2762 quamdiu,
921 2723 982 2752 etc.

173 2783 190 2799 ⁰
204 2794 222 2834 ‘.
268 2775 431 2814 Murder
449 2776 490 2814 of
507 2775 756 2826 Archbsshop
775 2775 910 2813 Simon
930 2774 978 2812 de
999 2774 1187 2825 Sudbury
1204 2788 1216 2822 3
1243 2774 1480 2813 Mandatum
1494 2776 1540 2814 de
1559 2776 1715 2814 demm-⁴

323 2829 460 2868 ciando
488 2830 824 2867 excommunicatos
861 2842 918 2867 eos
951 2828 1020 2878 qui
1056 2829 1328 2879 interfecerunt
1364 2830 1700 2879 Arclcz'episcopum

325 2883 709 2930 cantuariensem,—

268 2938 423 2976 Thomas,
440 2941 518 2976 etc.,
537 2936 726 2969 presidenti
741 2939 776 2968 et
793 2936 950 2978 Capitulo
965 2935 1112 2968 Ecclesie
1134 2939 1249 2968 nostre
1273 2937 1472 2970 Exoniensis
1488 2938 1699 2980 Decanisque

306 2981 376 3022 (sic)
383 2980 650 3014 Christianitatis
656 2991 694 3013 ac
705 2981 906 3013 Sanctorum
915 2979 1069 3013 Nicholai
1078 2983 1114 3012 et
1120 2980 1139 3013 J
1143 2980 1284 3013 ohannis
1291 2980 1507 3014 Prioratuum
1518 2982 1700 3023 Prioribus,
