1988 3256
652 311 1012 357 INSTITUTIONS,
1063 313 1168 347 ETO.
1622 305 1680 350 31

132 413 238 475 ‘1⁸5⁷ssss
247 414 706 460 COLATON-RALEIGH
728 417 950 473 [Coleton,
974 418 1100 473 MS.]‚
1125 419 1173 461 V.

134 481 198 508 Vol.
247 474 299 506 On
316 474 376 507 the
391 476 494 508 death
509 476 546 507 oi

135 515 177 542 ῙῙ-
248 518 303 550 Sir
318 519 433 551 Robert
451 519 582 559 Rondel,

247 562 388 594 Andr-ew
405 563 478 604 Rys,
495 563 660 604 chaplain,
678 575 744 596 was
760 564 838 597 inst.
856 564 906 604 (at
923 563 1139 605 Ohudleigh),
1156 565 1198 597 25
1214 564 1291 596 Jan.
1313 576 1321 604 ;
1339 565 1475 605 Patron,
1493 566 1547 597 Sir
1557 567 1685 599 Robert

289 606 466 647 Sumpter,
484 608 576 639 Dean
595 607 630 638 of
653 608 790 640 Exeter.

241 660 630 704 BLACKBOROUGH
652 662 997 718 [Blakeburghe,
1023 663 1149 717 MS.]‚
1174 663 1222 704 R.

244 718 360 751 Robert
374 719 467 760 Hale,
484 721 599 762 priest,
616 731 683 752 was
699 721 843 753 collated
859 721 899 762 by
913 721 1003 762 lapse
1019 721 1070 758 (at
1086 721 1304 762 Chudleigh),
1324 722 1364 754 18
1384 722 1462 754 Feb.

243 772 446 828 EXETER,
471 774 543 817 ST.
567 775 756 817 JAMES⁷S
779 775 984 828 PRIORY3
1017 774 1296 830 Resiynacio
1319 775 1581 830 Primis,—

242 832 539 865 —Memorandum
555 834 646 875 quod
659 838 723 865 xxa
738 834 793 865 die
809 834 933 865 mensis
956 834 1139 873 Februarii,
1164 834 1263 865 Anno
1281 834 1416 866 Domini
1439 836 1678 877 suprascripto,

132 2010 180 2037 fol.
194 2010 256 2038 aeb.

287 879 367 908 ante
381 876 499 908 horam
515 877 648 918 prandii
663 878 730 909 diei
745 878 912 919 ejusdem,
929 877 963 909 in
980 877 1116 918 Capella
1131 877 1273 909 Manerii
1316 903 1323 910 .
1373 900 1381 908 .
1428 902 1436 910 .
1484 880 1682 912 Exoniensis

289 920 445 962 Episcopi
468 921 560 962 apud
584 921 836 962 Chuddeleghe,
852 931 963 953 coram
987 921 1104 953 eodem
1128 921 1229 952 Patre
1251 922 1471 962 personaliter
1493 925 1683 965 comparuit

286 964 426 1006 quidam
451 965 568 996 Frater
590 964 788 1006 Radulphus
811 965 902 1006 Leye,
920 965 1105 996 Monachus
1128 965 1265 997 Ordinis
1282 965 1522 1004 Cluniacensis,
1538 970 1574 998 et
1597 967 1680 999 fate-

287 1008 390 1039 batur
419 1019 455 1040 ss
484 1008 606 1040 habere
636 1009 733 1040 illum
765 1009 866 1047 diem,
896 1009 1024 1040 virtute
1052 1009 1234 1041 Citacionis
1260 1009 1387 1040 Decani
1415 1009 1681 1043 Christianitatis

287 1051 417 1083 Exonie
432 1052 495 1084 sibi
511 1052 608 1091 facte,
625 1052 669 1084 ad
684 1053 946 1094 comparendum
963 1062 1074 1084 coram
1091 1052 1165 1094 ipso
1187 1053 1297 1092 Patre,
1314 1052 1367 1084 vel
1390 1063 1452 1084 suo
1475 1057 1566 1085 certo
1581 1054 1680 1087 Com-

286 1095 447 1136 missario,
475 1096 518 1127 ad
544 1095 787 1135 exhibendum,
815 1096 850 1128 in
878 1096 987 1127 forma
1012 1096 1109 1137 juris,
1140 1096 1264 1137 quibus
1287 1096 1391 1128 titulo
1417 1100 1454 1128 et
1477 1098 1680 1131 auctoritate

286 1139 481 1172 Prioratum
497 1140 613 1172 Sancti
627 1140 755 1179 Jacobi,
771 1140 872 1181 juxta
887 1140 1071 1172 Civitatem
1087 1140 1216 1171 Exonie
1239 1140 1418 1179 situatum,
1435 1141 1567 1173 diucius
1583 1153 1678 1174 occu-

286 1182 390 1224 pavit,
413 1194 473 1215 seu
495 1183 576 1215 alias
599 1184 642 1215 ad
665 1184 921 1225 proponendum
947 1194 1083 1215 causam
1109 1183 1353 1223 raoionabilem,
1385 1184 1414 1215 si
1436 1195 1540 1226 quam
1562 1196 1622 1227 pro
1645 1197 1680 1218 se

286 1226 436 1267 haberet,
459 1237 564 1268 quare
596 1231 713 1259 contra
744 1229 872 1269 ipsum,
902 1230 1067 1269 tanquam
1097 1227 1271 1259 notorium
1300 1227 1517 1268 intrusorem,
1545 1230 1680 1270 procedi

286 1270 426 1302 minime
441 1271 580 1303 deberet
593 1271 694 1313 juxta
711 1271 877 1303 Canonica
893 1271 1069 1303 Instituta.
1100 1271 1175 1311 Qui,
1192 1271 1343 1312 quidem,
1361 1272 1561 1314 Radulphus
1576 1273 1679 1305 nichil

287 1314 461 1346 affectuale
483 1325 594 1347 coram
618 1315 735 1347 eodem
760 1315 862 1347 Patre
884 1325 953 1357 quo
975 1315 1018 1346 ad
1040 1315 1105 1346 sibi
1127 1314 1261 1356 objecta
1283 1316 1467 1356 proposuit.
1516 1317 1586 1356 Set,
1603 1321 1680 1359 post

286 1355 760 1399 aliqualem''delibemeionem
776 1359 927 1390 habitam
939 1359 975 1390 in
990 1358 1053 1390 hac
1068 1361 1173 1399 parte,
1189 1359 1360 1399 quandam
1383 1359 1536 1391 cedulam
1561 1361 1678 1402 papiri,

287 1411 391 1443 quam
406 1402 442 1433 in
458 1402 615 1434 manibus
630 1402 700 1434 suis
715 1402 875 1444 scriptam
899 1405 982 1434 tunc
1004 1402 1130 1433 ibidem
1153 1402 1301 1441 tenebat,
1318 1402 1470 1443 perlegit,
1486 1404 1551 1435 sub
1566 1414 1605 1435 eo
1620 1405 1679 1446 qui

287 1446 442 1486 sequitur
456 1448 574 1477 tenore
596 1446 875 1486 verborum,—IN
898 1446 967 1478 Dm
982 1446 1137 1486 Nouum,
1154 1445 1396 1487 Auum—Ego,
1413 1447 1532 1479 Frater
1552 1448 1677 1480 Radul-

286 1488 375 1529 phus
403 1489 501 1530 Leye,
527 1490 712 1521 Monachus
739 1490 875 1522 Ordinis
903 1489 1141 1529 Clunimensis,
1171 1489 1284 1529 titulo,
1315 1490 1342 1521 si
1369 1500 1471 1531 quem
1499 1490 1615 1532 habeo,
1642 1492 1678 1524 in

287 1532 442 1564 Prioratu
465 1533 581 1565 Sancti
603 1531 730 1573 Jacobi,
755 1533 856 1575 juxta
878 1533 1060 1566 Civitatem
1083 1533 1222 1572 Exonie,
1243 1544 1281 1564 ac
1303 1534 1502 1574 possessioni
1525 1535 1678 1575 ejusdem

287 1576 469 1616 Prioratus,
486 1587 563 1608 cum
586 1577 657 1608 suis
675 1577 811 1618 juribus
834 1579 870 1608 et
888 1576 1104 1617 pertinenciis
1126 1577 1301 1615 universis,
1318 1587 1359 1608 ex
1379 1578 1478 1609 certis
1500 1579 1609 1610 causis
1624 1589 1679 1611 me

286 1620 502 1652 moventibus
517 1620 552 1652 in
567 1620 631 1652 hac
646 1623 751 1661 parte,
768 1631 837 1652 non
860 1623 994 1652 coactus
1017 1623 1079 1652 aut
1098 1620 1292 1661 compulsus
1314 1620 1349 1652 vi
1360 1621 1412 1653 vel
1429 1624 1535 1662 metu,
1551 1623 1678 1664 absque

285 1663 372 1703 dolo,
396 1663 526 1704 fraude,
557 1667 593 1696 et
617 1665 784 1706 pravitate
807 1664 1089 1706 quibuscumque,
1108 1674 1200 1695 mera
1229 1666 1264 1695 et
1293 1668 1476 1705 spontanea
1502 1666 1678 1698 voluntate

285 1709 389 1749 atque
409 1708 551 1740 sciencia
574 1711 611 1740 et
637 1718 801 1740 consensu
830 1708 914 1740 meis
941 1708 1115 1749 expressis,
1140 1717 1233 1749 pure,
1258 1711 1388 1749 sponte,
1411 1709 1618 1750 simpliciter,
1642 1713 1679 1742 et

285 1751 448 1791 absolute,
471 1751 507 1783 in
531 1757 659 1783 vestras
681 1762 789 1784 sacras
811 1762 942 1791 manus,
966 1751 1161 1783 Reverendo
1183 1751 1286 1783 Pater
1307 1752 1343 1783 in
1367 1750 1514 1792 Christe,
1534 1753 1678 1786 Domine

286 1794 425 1834 Thomu,
442 1795 506 1827 Dei
527 1795 637 1836 gracia
659 1795 858 1827 Exoniensis
881 1795 1055 1836 Episcope,
1083 1794 1162 1826 Loci
1183 1795 1368 1835 Ordinarie,
1391 1796 1552 1828 renuncio
1574 1800 1678 1839 atque

287 1839 370 1870 cedo
385 1839 419 1870 in
436 1838 501 1870 hiis
523 1839 666 1880 scriptis,
681 1839 786 1871 nichil
808 1839 911 1870 michi
932 1839 1019 1881 juris
1038 1838 1215 1870 retinendo
1237 1838 1460 1879 imposterum
1482 1841 1525 1871 de
1540 1841 1677 1874 eisdem.

287 1882 407 1923 Quam,
431 1883 546 1922 eciam,
562 1883 716 1915 cedulam
738 1883 851 1915 dictus
878 1883 980 1914 Pater
1004 1885 1088 1914 tunc
1113 1882 1261 1922 admisit,
1285 1885 1321 1914 et
1342 1882 1435 1914 illam
1458 1883 1577 1916 horam
1599 1895 1675 1916 con-

285 1925 435 1958 tinuavit
449 1936 557 1968 usque
573 1929 650 1968 post
664 1927 846 1968 prandium
861 1926 944 1958 dicti
959 1926 1036 1966 diei,
1052 1926 1095 1957 ad
1111 1926 1255 1957 ulterius
1270 1926 1461 1958 faciendum
1477 1928 1568 1969 quod
1589 1928 1678 1960 foret

284 1969 419 2011 justum
431 1972 468 2002 et
482 1980 666 2002 consonum
681 1970 816 2003 racioni.
862 1970 909 2002 Et
924 1969 1179 2011 subsequenter,
1192 1972 1270 2011 post
1284 1970 1463 2011 prandium
1474 1971 1677 2012 predictum,

283 2013 414 2055 prefato
426 2013 606 2055 Radulpho
617 2024 728 2046 coram
739 2014 857 2046 eodem
873 2014 984 2053 Patre,
995 2014 1134 2045 sedente
1148 2013 1184 2044 in
1196 2013 1287 2045 dicta
1299 2013 1444 2054 Capella,
1456 2015 1678 2055 personaliter

286 2060 510 2098 comparente,
527 2068 562 2089 se
577 2057 612 2089 in
628 2057 786 2090 omnibus
801 2068 869 2099 quo
884 2057 926 2088 ad
943 2057 1104 2099 premissa
1118 2057 1324 2089 ordinacioni
1339 2058 1422 2089 dicti
1440 2058 1548 2090 Patris
1562 2059 1596 2090 in
1607 2059 1677 2091 alto

285 2103 323 2133 et
338 2100 434 2133 basso
449 2101 608 2133 submisit
622 2104 808 2143 spontanea
829 2101 1015 2133 voluntate.
1061 2100 1111 2132 Ac
1132 2100 1264 2139 deinde,
1281 2101 1419 2142 provida
1435 2102 1676 2134 deliberacione

285 2155 346 2186 per
366 2145 512 2176 eundem
536 2145 671 2177 Patrem
694 2145 810 2177 habita
831 2155 933 2186 super
952 2144 1145 2186 premissis;
1168 2154 1308 2184 necnon,
1324 2145 1454 2176 meritis
1476 2156 1616 2187 persone
1637 2156 1676 2178 ac

286 2187 437 2220 utilitate
449 2188 622 2220 Prioratus
633 2189 778 2230 predicti
793 2189 973 2230 diligenter
988 2187 1147 2229 inspectis
1163 2198 1171 2227 ;
1188 2188 1318 2220 dictum
1330 2188 1530 2229 Prioratum,
1544 2190 1677 2222 diucius

284 2235 470 2272 vacantem,
483 2235 519 2264 et
533 2232 576 2264 ad
590 2232 695 2274 ipsius
718 2232 828 2265 Patris
851 2231 1074 2264 Collacionem
1097 2241 1158 2272 per
1179 2231 1311 2272 lapsum
1333 2233 1504 2273 temporis,
1520 2233 1596 2274 jure
1611 2233 1676 2265 sibi

285 2275 446 2307 devoluto
456 2275 613 2317 legitime,
627 2275 690 2308 hac
705 2276 775 2308 vice
790 2278 1010 2318 spectantem,
1020 2275 1190 2316 sepedicto
1205 2275 1317 2307 Fratri
1326 2276 1506 2317 Radulpho
1517 2277 1674 2317 contulit,

283 2321 321 2351 et
347 2319 496 2351 Priorem
526 2319 610 2351 dicti
641 2319 814 2352 Prioratus
843 2319 994 2361 prefecit,
1017 2322 1122 2360 atque
1151 2328 1267 2350 curam
1290 2321 1325 2350 et
1347 2319 1496 2360 regimen
1519 2320 1673 2362 ejusdem

284 2362 457 2395 Prioratus
467 2363 503 2394 in
513 2363 747 2404 spiritualibus
761 2366 798 2395 et
811 2363 1054 2404 temporalibus
1065 2361 1129 2394 sibi
1140 2362 1283 2394 tradidit
1298 2372 1375 2394 cum
1385 2363 1521 2402 effectu3
1533 2374 1672 2404 necnon,

285 2405 410 2438 habitis
433 2406 556 2438 Litoris
571 2405 770 2439 Collacionis
787 2406 986 2449 hujusmodi
1009 2415 1070 2446 per
1088 2406 1234 2438 eundem
1257 2406 1411 2438 Fratrem
1438 2405 1673 2448 Radulphum,

284 2450 349 2482 sub
357 2449 467 2491 sigillo
476 2450 614 2482 Domini
625 2451 787 2483 veraciter
798 2449 1009 2491 consignatis,
1016 2450 1129 2491 ipsum
1140 2449 1175 2480 in
1191 2450 1392 2491 corporalem
1404 2449 1487 2482 dicti
1502 2451 1675 2483 Prioratus

285 2493 535 2534 possessionem,
551 2494 750 2536 juriumque
764 2497 801 2527 et
822 2493 1107 2536 pertinenciarum
1131 2492 1294 2534 ejusdem,
1310 2503 1369 2534 per
1391 2493 1673 2526 Archidiaconum

285 2537 424 2576 Exonie,
436 2537 489 2569 vel
501 2537 576 2579 ejus
588 2537 781 2577 Officialem,
795 2537 935 2579 prestita
947 2537 1106 2578 primitus
1122 2546 1180 2577 per
1190 2537 1337 2568 eundem
1349 2536 1560 2577 Obediencia,
1572 2537 1674 2579 juxta

282 2580 422 2612 modum
439 2583 474 2613 et
489 2580 633 2613 formam
648 2581 841 2623 antiquitus
856 2581 1058 2620 observatas,
1074 2580 1190 2611 induci
1204 2580 1339 2612 realiter
1353 2581 1580 2614 demandavit.

236 2635 525 2677 WHITSTONE
545 2636 835 2691 (Oor‘nwall),
860 2635 908 2677 R.

238 2693 293 2769 (3)ss
308 2693 626 2778 mtgaffynys,
641 2737 751 2770 which
766 2737 927 2770 occurred
941 2746 985 2768 on
1000 2735 1060 2768 the
1075 2735 1287 2778 Wednesday
1302 2739 1386 2768 next
1400 2735 1489 2768 after
1500 2736 1560 2769 the
1572 2736 1674 2769 Feast

281 2780 318 2812 of
339 2780 389 2813 St.
408 2780 600 2822 Dionysius,

239 2822 330 2855 John
344 2823 384 2856 de
405 2823 621 2864 Jernemudae,
637 2823 737 2864 clerk,
753 2834 820 2856 was
842 2823 922 2855 inst.
944 2823 994 2863 (at
1019 2821 1306 2863 Radeweye—the
1328 2822 1482 2864 Bishop’s
1506 2823 1620 2855 House
1635 2823 1669 2855 in

283 2866 604 2908 Bishopsteignton)‚
618 2869 638 2899 2
648 2868 774 2906 March,
789 2868 823 2898 in
840 2867 900 2898 the
917 2877 1034 2908 person
1051 2865 1086 2897 οὶ
1100 2866 1192 2898 John
1210 2867 1386 2904 Botereux,
1402 2866 1437 2897 of
1452 2866 1511 2897 the
1527 2865 1620 2899 Dioc.
1632 2867 1668 2898 of
1677 2871 1681 2873 ’

283 2910 479 2951 Worcester,
502 2911 555 2943 his
578 2911 728 2951 Proctor,
749 2912 879 2953 deputy
901 2910 938 2941 ot·
966 2909 1019 2942 his
1049 2909 1188 2950 original
1210 2910 1357 2950 Proctor,
1382 2909 1438 2942 sir
1466 2909 1557 2942 John
1582 2911 1666 2943 Hor-
