1988 3256
500 344 787 380 REGISTRUM
823 345 1075 380 coMMUNa
1087 360 1133 366 —-
1144 346 1282 380 ANNo
1323 335 1416 381 15⁰.
1619 336 1712 382 565

162 451 238 478 ΑΒ·
276 452 491 491 Tavistock
508 466 519 500 3
539 453 784 492 Mandatum
798 452 1157 503 adinquirendum
1175 465 1293 502 super
1312 451 1528 490 violacione
1547 453 1715 490 Ecclesie

161 486 263 512 1384—5.

163 519 225 545 Vol.
241 519 263 545 l.

329 507 582 545 Parochialis
607 508 652 546 de
676 507 956 557 Tavystoke,—

162 553 436 602 [Mn-Thomas,
453 565 531 602 etc.,
549 563 730 604 Magistris
750 564 903 595 Johanni
928 564 1080 603 Lugans,
1097 564 1218 593 nostro
1240 562 1380 592 Vicario
1403 562 1439 592 in
1467 562 1714 602 Spiritualibus

161 587 253 617 cius.l

161 2598 208 2625 sol.
224 2598 282 2625 137.

319 607 492 646 Generali,
506 613 541 638 et
560 608 708 639 Ricardo
722 608 965 648 Wykeslonde,
979 609 1015 638 in
1032 607 1185 646 Legibus
1202 607 1415 644 Bacallariis,
1429 607 1590 641 salutem.
1603 612 1715 638 etc.—

319 651 471 683 Gravem
502 653 678 693 querelam
712 653 851 683 Domini
887 653 1001 683 David
1034 652 1263 691 Baggetorre,
1295 651 1476 691 capellani,
1508 652 1713 692 recepimus,

319 696 559 728 continentem
584 697 675 737 quod
701 697 898 736 Religiosus
914 697 987 735 Vir,
1012 697 1194 736 Dompnus
1218 695 1370 726 Thomas
1394 696 1577 736 Cullynge,
1594 696 1714 727 Abbas

319 740 525 772 Monasterii
547 741 590 772 de
612 741 857 782 Tavystochia,
874 743 910 772 et
927 741 1099 772 Ricardus
1116 740 1246 778 Bonde,
1265 739 1545 771 Commonachus
1562 751 1655 779 suus,
1673 751 1713 772 ac

305 785 490 817 -Dominus
510 786 690 817 Johannes
711 786 878 827 Naylour,
900 786 1111 826 capellanus,
1135 795 1272 816 necnon
1295 785 1465 815 Ricardus
1480 785 1614 823 Doune,
1633 785 1712 816 Gal-

317 829 431 860 fridus
447 830 613 868 Usshere,
623 831 644 861 J
647 830 803 861 ohannes
821 830 1028 871 Shagevyle,
1045 829 1236 861 Nicholaus
1253 829 1377 867 Brake,
1390 829 1411 860 J
1413 829 1570 860 ohannes
1587 830 1712 868 Baker,

318 874 493 906 Walterus
529 875 720 913 Bachilere,
753 875 905 906 Thomas
943 875 1105 912 Persone,
1138 873 1328 904 Nicholaus
1367 874 1528 912 Persone,
1561 874 1713 905 Thomas

320 918 414 959 Elys‚
440 922 476 950 et
503 919 656 950 Thomas
687 919 822 958 Clerke,
851 919 1045 951 servientes
1072 922 1108 949 et
1139 918 1331 949 familiares
1362 918 1521 958 ejusdem
1553 918 1711 958 Abbatis,

318 964 430 994 nostri
453 964 590 994 notorie
612 964 754 1002 subditi,
771 974 832 995 sue
853 964 976 995 salutis
999 964 1234 1001 immemores,
1251 962 1377 1002 spiritu
1401 963 1588 1002 nephando
1604 963 1711 1002 ducti,

317 1017 405 1038 ausu
429 1008 616 1039 temerario
637 1011 673 1039 et
694 1011 812 1039 mente
834 1008 1014 1048 sacrilega,
1032 1008 1163 1048 Deique
1188 1007 1314 1037 timore
1335 1007 1540 1046 postposito,
1557 1010 1593 1038 et
1616 1018 1710 1039 reve—

317 1052 437 1083 rencia
453 1052 594 1083 Christo
609 1055 646 1084 et
663 1053 817 1084 Ecclesie
841 1053 908 1083 Sue
927 1053 1055 1083 Sancte
1072 1052 1191 1082 debita
1207 1054 1325 1091 spreta
1346 1052 1487 1091 penitus
1507 1054 1543 1082 et
1562 1052 1711 1092 abjecta,

317 1096 382 1128 Die
398 1097 582 1128 Dominica
597 1097 757 1137 proxima
771 1100 854 1128 ante
872 1097 1014 1128 Festum
1033 1096 1295 1127 Purificacionis
1312 1095 1420 1126 Beate
1434 1096 1543 1127 Marie
1556 1096 1713 1136 Virginis

315 1141 473 1181 proximo
488 1142 708 1181 preteritum,
726 1142 760 1172 vi
776 1144 812 1172 et
828 1142 936 1172 armis
954 1141 1145 1172 Ecclesiam
1163 1140 1402 1171 Parochialem
1419 1141 1462 1171 de
1478 1140 1713 1181 Tavystochia

316 1186 498 1217 antedicta
529 1186 644 1217 subito
675 1186 824 1226 ingressi
854 1185 1011 1224 fuerunt,
1042 1196 1083 1216 ac
1113 1185 1264 1216 eundem
1295 1185 1484 1215 Dominum
1517 1185 1640 1223 David,
1672 1188 1711 1216 ut

318 1230 383 1261 Dei
410 1230 612 1261 Ministrum
643 1231 679 1261 in
711 1231 834 1261 eadem
867 1231 1023 1261 Ecclesia
1053 1230 1197 1270 pacifice
1229 1229 1421 1267 sedentem,
1449 1230 1610 1270 nequiter
1634 1240 1710 1270 per-

318 1276 526 1313 tractarunt,
543 1278 579 1305 et
595 1275 632 1305 in
648 1275 764 1315 ipsum
781 1275 970 1305 Dominum
988 1275 1110 1312 David,
1127 1274 1372 1314 presbiterum,
1389 1276 1425 1304 et
1441 1274 1478 1304 in
1493 1275 1710 1314 possessione

319 1318 578 1350 Presbiteratus
596 1320 733 1350 notorie
754 1319 977 1357 existentem,
994 1319 1224 1358 habitumque
1247 1320 1283 1348 et
1300 1320 1481 1348 tonsuram
1500 1318 1709 1358 presbitera-

318 1363 368 1394 les
389 1363 527 1403 publice
547 1366 740 1404 gerentem,
757 1364 795 1394 in
816 1373 899 1394 casu
915 1364 965 1394 eis
988 1373 1009 1394 a
1024 1363 1102 1404 jure
1118 1373 1188 1393 non
1204 1362 1384 1402 permisso,
1397 1372 1523 1393 manus
1538 1363 1711 1394 violentas

318 1409 450 1438 temere
481 1408 690 1448 injecerunt,
721 1411 905 1448 vestesque
936 1408 1046 1448 ipsius
1078 1407 1219 1438 Domini
1248 1407 1361 1437 David
1392 1407 1518 1445 gladiis
1543 1408 1711 1438 atrociter

318 1451 554 1491 perforarunt,
581 1455 616 1483 ct
644 1453 759 1492 ipsum
790 1452 826 1482 in
858 1452 981 1483 eadem
1014 1451 1170 1483 Ecclesia
1200 1451 1244 1482 ad
1270 1453 1402 1481 terram
1428 1451 1605 1482 maliciose
1632 1462 1708 1492 pro-

316 1496 487 1536 jecerunt,
512 1499 548 1527 et
570 1497 714 1527 tandem
742 1497 902 1535 eundem,
926 1499 1047 1536 preter
1072 1499 1108 1526 et
1136 1498 1258 1526 contra
1282 1495 1391 1535 ipsius
1413 1496 1642 1535 voluntatem,
1667 1497 1709 1528 de

319 1540 475 1571 Ecclesia
512 1541 671 1581 predicta
708 1541 948 1572 inhumaniter
986 1543 1224 1578 extraxerunt,
1256 1540 1292 1570 in
1330 1539 1528 1570 animarum
1567 1550 1709 1571 suarum

318 1585 452 1624 grande
473 1586 677 1626 periculum,
695 1586 847 1626 dictique
869 1585 992 1623 David,
1009 1585 1206 1625 presbiteri,
1227 1584 1418 1624 dampnum
1442 1595 1512 1615 non
1534 1585 1709 1616 modicum

317 1631 354 1660 et
383 1639 586 1669 gravamen,
611 1640 652 1661 ac
679 1630 806 1661 Sancte
835 1630 958 1660 Matris
984 1629 1138 1660 Ecclesie
1169 1631 1410 1668 contemptum
1438 1631 1475 1659 et
1506 1629 1710 1660 scandalum

318 1673 569 1712 manifestum3
592 1674 737 1715 Majoris
755 1674 1139 1705 Excommunicacionis
1157 1673 1379 1704 Sentenciam
1395 1683 1416 1703 a
1434 1673 1574 1704 Canone
1591 1673 1710 1713 latam,

319 1718 348 1748 si
364 1718 415 1748 ita
432 1718 488 1757 sit,
505 1719 777 1758 dampnabiliter
791 1719 1011 1749 incurrendo.
1059 1718 1142 1755 Nos,
1158 1720 1288 1755 autem,
1306 1717 1463 1748 volentes
1478 1718 1516 1748 in
1531 1718 1711 1757 premissis

318 1762 456 1802 plenius
476 1773 619 1794 noscere
635 1763 832 1801 veritatem,
849 1766 885 1794 et
907 1773 952 1793 an
974 1763 1069 1793 dicta
1091 1762 1247 1793 Ecclesia
1267 1771 1331 1801 per
1355 1762 1556 1802 hujusmodi
1581 1762 1710 1793 violen-

318 1807 408 1837 ciam
435 1807 571 1847 polluta
597 1808 725 1838 existat
749 1809 786 1838 et
812 1807 1109 1838 Reconciliacione
1134 1806 1292 1846 indigeat
1316 1806 1353 1836 in
1378 1806 1444 1836 hac
1468 1809 1579 1846 parte,
1602 1807 1710 1846 vobis,

318 1851 535 1891 conjunctim
548 1854 584 1882 et
597 1852 747 1890 divisim,
757 1854 835 1889 etc„
849 1851 1102 1882 committimus
1118 1853 1153 1882 et
1166 1851 1375 1881 mandamus
1387 1851 1564 1890 quatinus,
1577 1852 1710 1883 vocatis

318 1895 363 1926 ad
390 1895 455 1926 hec
485 1896 579 1927 dicto
610 1897 759 1927 Domino
791 1896 904 1927 David
934 1906 975 1926 ac
1007 1896 1167 1935 Dompno
1199 1895 1342 1933 Thoma,
1374 1895 1511 1926 Abbate
1542 1896 1710 1935 predicto,

317 1940 512 1980 ceterisque
536 1941 800 1980 prenominatis,
827 1950 891 1980 per
916 1950 1002 1980 quos
1030 1939 1231 1981 hujusmodi
1256 1939 1436 1978 violencia,
1465 1942 1504 1970 ut
1531 1940 1709 1978 asseritur,

318 1984 438 2015 extitit
454 1987 668 2025 perpetrata,
684 1995 747 2025 per
761 1985 855 2015 viros
879 1985 1083 2024 fidedignoS,
1101 1984 1129 2014 si
1153 1984 1213 2024 qui
1236 1983 1273 2013 in
1294 1983 1495 2024 hujusmodi
1517 1984 1612 2015 facto
1632 1995 1708 2024 pre-

319 2031 437 2059 sentes
453 2029 597 2068 fuerint,
614 2032 650 2060 et
669 2030 755 2060 alios
776 2029 969 2069 pleniorem
990 2028 1158 2059 noticiam
1179 2028 1217 2058 in
1240 2028 1306 2058 hac
1327 2031 1428 2067 parte
1446 2028 1655 2068 optinentes,
1672 2029 1709 2060 in

318 2073 435 2104 forma
456 2074 545 2114 juris
567 2074 714 2114 juratos,
742 2083 847 2114 super
869 2073 1050 2113 premissis
1073 2072 1260 2113 inquiratis
1284 2072 1400 2103 debite
1426 2073 1632 2110 veritatem3
1663 2074 1709 2104 ad

319 2127 385 2157 que
401 2117 564 2148 facienda
582 2118 691 2156 vobis,
709 2118 927 2159 conjunctim
948 2120 984 2149 et
1007 2117 1157 2155 divisim,
1175 2117 1430 2148 committimus
1448 2117 1543 2148 vices
1559 2120 1707 2157 nostras,

319 2171 399 2191 cum
417 2162 604 2202 cujuslibet
620 2163 836 2193 cohercionis
853 2162 1027 2193 Canonice
1048 2164 1236 2202 potestate.
1284 2161 1339 2199 Et,
1356 2161 1385 2191 si
1407 2171 1493 2201 quos
1508 2172 1572 2201 per
1587 2162 1707 2203 hujus-

318 2205 413 2236 modi
441 2206 713 2246 Inquisicionem
740 2206 932 2246 culpabiles
958 2207 996 2236 in
1022 2206 1201 2246 premissis
1228 2205 1463 2245 reppereritis,
1492 2206 1618 2244 citetis,
1647 2217 1708 2238 seu

319 2249 420 2279 citari
443 2250 595 2289 faciatis,
618 2251 854 2291 peremptorie
877 2250 1027 2288 eosdem,
1052 2251 1144 2290 quod
1168 2252 1394 2289 compareant
1419 2260 1535 2281 coram
1561 2250 1707 2282 officiali

318 2296 440 2324 nostro
466 2294 664 2334 Principali‚
687 2305 758 2333 seu,
781 2295 818 2325 in
839 2295 916 2335 ejus
937 2295 1110 2332 absencia,
1134 2294 1246 2324 nostri
1272 2293 1477 2325 Consistorii
1502 2294 1708 2326 Exoniensis

319 2337 534 2376 Presidente,
550 2339 587 2368 in
605 2338 761 2370 Ecclesia
776 2342 898 2370 nostra
914 2338 1116 2370 Cathedra-li
1138 2338 1281 2376 Exonie,
1297 2339 1450 2369 secundo
1471 2339 1527 2369 die
1549 2339 1572 2370 J
1574 2339 1707 2371 uridico

317 2381 354 2411 in
370 2382 528 2421 proximo
545 2382 759 2414 Consistorio
775 2386 895 2414 nostro
911 2385 990 2422 post
1007 2382 1222 2413 Citacionem
1240 2385 1394 2413 vestram
1411 2383 1454 2413 de
1473 2383 1558 2422 ipsis
1573 2383 1706 2414 factam

318 2426 525 2457 celebrando
544 2426 747 2458 immediate
769 2429 947 2467 sequente,
964 2430 1086 2458 contra
1105 2427 1235 2457 dictam
1257 2427 1526 2467 Inquisicionem
1543 2428 1706 2468 quicquid

318 2469 493 2508 sciverint,
510 2470 546 2500 in
562 2471 677 2502 forma
691 2471 780 2511 juris
796 2471 924 2509 debita,
941 2481 1004 2511 pro
1025 2470 1228 2502 defensione
1250 2480 1313 2501 sua
1329 2471 1358 2502 si
1374 2481 1478 2511 quam
1500 2471 1653 2503 habeant
1670 2473 1706 2503 in

318 2513 384 2544 hac
405 2516 515 2554 parte,
537 2515 732 2554 allegaturi,
757 2515 894 2553 dicturi,
914 2518 950 2546 et
973 2515 1130 2554 legitime
1150 2515 1353 2555 probaturi;
1381 2515 1544 2556 alioquin,
1564 2527 1705 2547 causam

318 2567 379 2588 seu
396 2568 528 2596 causas,
546 2559 575 2590 si
591 2569 695 2599 quam
718 2569 779 2590 seu
800 2569 886 2599 quas
901 2569 964 2599 pro
981 2569 1018 2590 se
1033 2559 1187 2590 habeant
1209 2559 1456 2590 racionabilem
1473 2569 1535 2591 seu
1550 2561 1704 2592 raciona-

318 2601 415 2640 biles,
443 2612 550 2642 quare
575 2603 688 2634 dictas
716 2603 860 2644 Majoris
884 2603 1267 2634 Excommunicacionis
1295 2603 1500 2635 Sentencias
1525 2605 1704 2636 occasione

318 2646 566 2685 premissorum
588 2647 776 2678 incurrisse
799 2647 1034 2687 pronunciari,
1055 2650 1092 2678 et
1113 2647 1233 2678 taliter
1255 2649 1548 2679 excommunicati
1572 2649 1703 2689 denun7

318 2689 412 2727 ciali,
432 2700 473 2722 ac
496 2701 559 2730 pro
582 2691 783 2731 hujusmodi
802 2691 997 2722 commissis
1017 2691 1090 2722 suis
1114 2691 1288 2722 Canonice
1310 2692 1427 2731 puniri
1451 2702 1521 2723 non
1543 2693 1703 2733 debeant,

317 2733 473 2773 legitime
496 2735 720 2774 proposituri,
735 2745 776 2766 ac
799 2735 932 2775 precise
951 2738 986 2766 et
1011 2735 1244 2775 peremptorie
1262 2736 1465 2775 probaturi3
1489 2737 1704 2777 ulteriusque

316 2777 446 2808 facturi
462 2781 498 2809 et
514 2779 687 2819 recepturi
704 2779 795 2819 quod
812 2779 986 2810 Canonice
1002 2779 1038 2809 in
1054 2779 1121 2809 hac
1135 2782 1236 2819 parte
1252 2780 1462 2810 dictaverint
1485 2780 1702 2812 Sancciones.

319 2822 364 2852 Et
386 2822 468 2862 quid
490 2833 553 2862 per
572 2823 843 2863 Inquisicionem
862 2823 1063 2863 hujusmodi
1083 2823 1317 2862 reppereritis,
1340 2826 1374 2853 ct
1394 2824 1550 2854 feceritis
1571 2825 1607 2854 in
1626 2835 1702 2864 pre-

319 2866 444 2904 missis,
466 2877 539 2904 nos,
565 2877 626 2897 seu
647 2867 780 2898 dictum
805 2869 965 2898 nostrum
987 2866 1188 2904 Officialem,
1205 2869 1267 2897 aut
1290 2866 1540 2906 Presidentem,
1565 2869 1703 2908 prefato

317 2910 470 2940 secundo
493 2911 549 2941 die
572 2911 739 2950 Juridico,
761 2911 797 2941 in
823 2911 980 2942 Ecclesia
999 2913 1120 2941 nostra
1143 2910 1346 2941 Cathedrali
1369 2911 1557 2950 antedicta,
1575 2913 1702 2943 certifi-

317 2954 404 2985 cetis
419 2964 482 2994 per
496 2957 642 2994 vestras,
658 2955 885 2987 etc.—Dated
900 2957 938 2986 at
956 2954 1155 2994 Faringdon
1179 2952 1352 2994 (flama),
1369 2955 1390 2984 2
1415 2955 1546 2986 March.
