1988 3256
306 357 402 402 362

303 468 339 495 A.
343 468 381 496 D.

304 502 380 530 1375.

303 536 369 564 Vol.
387 536 411 563 1.

298 1128 347 1156 fol.
362 1130 404 1156 62.

293 2055 393 2083 Ocro-

523 371 624 404 THE
649 371 896 406 REGISTER
920 370 979 404 01³*
1004 369 1186 406 BISHOP
1210 370 1617 408 BRANTYNGHAM.

457 475 596 515 faciatis,
613 475 845 517 peremptorie,
865 476 1029 515 Rectores,
1047 475 1195 507 Vicarios
1218 475 1441 508 Ecclesiarum
1466 476 1710 509 Parochialium
1733 486 1849 515 omues

459 521 495 550 et
513 519 672 559 singulos,
696 520 730 551 in
755 519 845 551 dicto
861 519 1143 551 Archidiaconatu
1170 519 1311 551 ubilibet
1333 520 1547 560 constitutos,
1563 531 1693 553 necnon
1717 520 1846 552 Presbi-

461 565 550 594 teros
568 563 794 594 Porcionarios
815 563 1019 594 Parochiales
1036 563 1208 594 Cantarias
1224 563 1397 603 habentes,
1414 564 1655 605 Annivelarios,
1672 568 1707 596 et
1722 567 1850 596 ceteros

457 616 688 648 quoscumque
711 607 879 638 dictarum
904 606 1126 638 Ecclesiarum
1150 617 1209 638 sen
1235 607 1446 648 Capellarum
1471 608 1614 640 ubilibet
1628 608 1717 639 infra
1732 607 1848 640 Archi·

455 650 672 682 diaconatum
688 651 878 691 predictum
901 650 1042 682 sitarum
1069 650 1240 682 Ministros
1257 661 1265 689 ;
1289 659 1430 689 necnon,
1447 651 1489 682 de
1511 651 1664 693 qualibet
1688 651 1848 683 Parochia

455 697 524 725 tres
541 694 591 724 vel
608 698 755 735 quatuor
771 694 859 725 viros
875 693 1061 734 fidediguos
1077 697 1113 725 et
1128 693 1257 733 legales,
1276 694 1374 735 juxta
1396 695 1789 736 Locorum-exigendam
1812 698 1849 726 et

458 737 602 768 Ecclesie
618 741 731 769 nostre
747 737 945 769 Exoniensis
969 738 1259 769 Consuetudinem
1283 738 1446 769 hactenus
1468 739 1640 778 usitatam,
1657 740 1700 770 de
1723 738 1848 780 populo

454 781 572 820 laicali,
589 782 680 822 quod
697 785 913 822 compareant
928 791 1038 812 coram
1055 781 1161 820 nobis,
1179 781 1231 812 vel
1248 782 1335 813 vices
1358 785 1488 813 nostras
1510 783 1706 823 gerentibus
1728 782 1763 813 in
1787 782 1849 814 hac

455 828 559 865 parte,
584 825 704 856 diebus
726 828 762 856 et
785 825 863 856 locis
885 825 921 856 in
946 824 1074 857 Cedula
1097 825 1315 856 Presentibus
1337 836 1467 857 annexa
1489 826 1699 867 expressatis,
1722 825 1844 867 hujus·

454 868 545 899 modi
560 868 774 900 Visitaciouis
789 872 902 900 nostre
925 868 1080 900 Officium
1105 868 1269 900 Canonice
1291 869 1438 900 subituri
1456 879 1463 908 ;
1489 870 1713 911 Rectoresque
1735 869 1846 901 Eccle-

454 912 589 951 siarum,
621 912 753 951 Vicarii,
781 915 816 943 et
842 912 944 944 ceteri
973 912 1265 953 qualitercumque
1295 912 1472 951 intitulati,
1504 923 1631 944 necnon
1664 912 1847 945 Presbiteri

454 955 672 995 Parochiales,
689 967 727 987 ac
743 966 859 987 omnes
874 955 931 986 alii
946 958 982 987 et
997 955 1120 996 singuli
1136 955 1171 987 iu
1188 955 1313 999 Ordine
1326 956 1532 988 Sacerdotali
1548 957 1737 996 constituti,
1754 956 1843 988 Lite-

451 1010 504 1031 ras
538 999 780 1031 Beneficiorum
806 1009 945 1031 suorum
975 1002 1011 1031 et
1034 999 1200 1032 Ordinum
1231 999 1427 1040 hujusmodi
1457 1000 1653 1038 exhibituri,
1681 1003 1717 1032 et
1747 1010 1842 1031 veras

452 1043 563 1084 copias
579 1044 762 1075 earundem
778 1053 888 1074 coram
906 1042 1011 1081 nobis,
1029 1045 1091 1074 aut
1106 1042 1179 1074 aliis
1196 1054 1214 1073 a
1237 1043 1333 1074 nobis
1349 1043 1563 1084 deputandis,
1579 1043 1714 1075 realiter
1729 1043 1843 1075 dimis-

450 1087 546 1125 suri;
561 1086 683 1118 facturi
701 1089 736 1118 et
750 1086 928 1128 recepturi,
945 1086 1170 1117 communiter
1186 1090 1221 1118 et
1236 1087 1380 1136 divisim,
1397 1087 1489 1128 quod
1505 1087 1703 1128 hujusmodi
1720 1087 1842 1118 Visita-

453 1130 556 1162 ciouis
580 1130 735 1162 Officium
759 1130 794 1161 in
818 1130 974 1161 omnibus
997 1129 1067 1161 suis
1091 1130 1244 1170 partibus
1267 1130 1373 1170 exigit
1387 1134 1423 1162 et
1439 1130 1588 1180 requirit.
1635 1130 1843 1170 Terminum,

452 1184 540 1213 vero,
568 1173 833 1215 peremptorium
859 1176 894 1205 et
921 1173 1117 1214 hujusmodi
1140 1174 1434 1214 eomparaeionem,
1458 1174 1648 1206 animarum
1675 1174 1843 1224 periculis,

451 1220 574 1250 natura
590 1217 727 1259 negocii,
744 1217 911 1258 pietatum
927 1217 1045 1256 causis,
1061 1220 1097 1248 et
1113 1217 1186 1248 aliis
1202 1227 1261 1258 per
1276 1228 1337 1248 nos
1352 1217 1532 1258 diligenter
1554 1218 1712 1259 pensatis,
1728 1217 1844 1250 taliter

450 1261 612 1292 duximus
637 1261 889 1292 moderandum.
938 1260 1052 1300 Vobis,
1076 1260 1191 1300 eciam,
1219 1261 1366 1292 Domine
1395 1260 1646 1300 Archidiacone,
1673 1264 1708 1293 et
1731 1264 1842 1293 vestro

450 1304 599 1344 officiali,
627 1307 744 1336 tenore
768 1303 981 1335 Preseneium
1007 1304 1200 1335 inhibemus
1225 1315 1268 1335 ne
1293 1315 1351 1345 per
1379 1315 1447 1343 vos,
1471 1304 1585 1345 alium,
1609 1316 1668 1337 seu
1691 1304 1782 1344 alios,
1806 1305 1842 1336 in

448 1348 692 1380 Jurisdiccione
719 1347 986 1379 Archidiaconuli
1010 1350 1122 1379 vestra
1150 1348 1367 1388 procedentes
1393 1350 1455 1380 aut
1477 1352 1724 1389 cognoscentes,
1747 1348 1841 1390 quic-

449 1402 550 1433 quam
567 1392 601 1423 in
619 1391 845 1433 prejudicium
861 1391 1075 1423 Visitacionis
1097 1395 1211 1423 nostre
1234 1392 1393 1432 predicte,
1412 1394 1456 1431 et,
1474 1402 1513 1423 ea
1534 1392 1681 1424 durante
1703 1395 1739 1424 et
1762 1402 1840 1434 pen-

447 1436 550 1467 dente
573 1436 752 1476 inexpleta,
767 1445 788 1466 a
811 1438 962 1476 tempore
987 1435 1200 1466 presencium
1223 1435 1433 1476 recepcionis,
1451 1435 1673 1476 quovismodo
1695 1439 1840 1477 attemp-

447 1480 537 1519 tetis,
554 1479 692 1518 faciatis,
709 1489 768 1510 seu
785 1478 990 1519 permittatis
1006 1477 1196 1520 aliqualiter
1211 1479 1417 1519 attemptari,
1435 1479 1617 1520 quominus
1633 1479 1667 1511 in
1684 1479 1841 1511 omnibus

447 1523 589 1555 solidam
612 1523 634 1555 J
638 1523 890 1554 urisdiccionem'
914 1522 949 1553 in
965 1521 1164 1563 hujusmodi
1178 1522 1381 1554 Visitacione
1398 1526 1512 1554 nostra
1528 1526 1564 1554 et
1579 1523 1614 1554 in
1631 1523 1840 1555 Visitucioni-

448 1567 511 1598 bus
527 1566 756 1598 consimilibus
773 1566 1049 1598 Predecessorum
1066 1570 1259 1597 nostrorum
1276 1566 1437 1598 usitatam
1453 1567 1587 1607 pacifice
1603 1571 1638 1598 et
1653 1570 1839 1608 optentam,

446 1610 560 1650 libere,
583 1610 659 1652 jure
682 1612 798 1642 nostro
821 1609 997 1649 ordinario,
1015 1609 1184 1641 valeamus
1206 1620 1399 1649 excercere;
1422 1610 1487 1641 sub
1508 1610 1666 1651 gravibus
1687 1610 1783 1652 penis
1805 1613 1842 1642 et

447 1654 604 1694 censuris,
621 1654 655 1685 in
673 1664 740 1693 vos,
757 1653 786 1685 si
803 1653 1019 1684 Presentibus
1035 1653 1174 1684 minime
1190 1663 1304 1694 parere
1320 1654 1494 1693 duxeritis,
1511 1664 1578 1685 non
1602 1653 1759 1685 inmerito
1774 1653 1840 1686 ful-

448 1698 627 1729 minandis.
675 1697 726 1729 De
742 1697 804 1736 die,
823 1707 909 1736 vero,
925 1696 1126 1737 recepciouis
1142 1697 1366 1737 Presencium,
1380 1701 1414 1728 et
1429 1698 1512 1739 quid
1528 1708 1629 1738 super
1643 1697 1708 1729 hiis
1723 1697 1838 1729 feceri·

447 1742 491 1773 tis
507 1752 565 1773 seu
582 1740 748 1773 duxeritis
770 1740 973 1779 faciendum,
991 1751 1060 1779 nos,
1076 1743 1138 1772 aut
1160 1745 1291 1772 nostras
1308 1740 1394 1772 vices
1415 1741 1610 1782 gerentibus
1632 1741 1839 1783 hujusmodi,

445 1786 528 1817 citra
546 1785 685 1816 Festum
707 1783 933 1816 Exaltaciouis
949 1784 1071 1816 Sancte
1089 1784 1206 1815 Crucis
1222 1784 1373 1824 proximo
1388 1784 1457 1825 jam
1475 1785 1633 1816 futurum
1648 1784 1839 1816 certificetis

447 1839 506 1870 per
528 1831 665 1867 vestras,
689 1838 748 1860 seu
771 1828 828 1859 ille
850 1831 1001 1859 vestrum
1024 1827 1186 1859 certificet
1207 1827 1267 1869 qui
1290 1838 1425 1869 presens
1452 1828 1652 1860 Mandatum
1678 1828 1842 1869 receperit

445 1872 681 1922 exequendum
706 1882 763 1912 per
785 1881 862 1902 suas
887 1871 1016 1902 Literas
1039 1874 1202 1912 patentes,
1227 1872 1347 1903 harum
1370 1871 1490 1903 seriem
1513 1875 1548 1903 et
1574 1872 1754 1904 citatorum
1780 1882 1838 1903 no·

445 1916 545 1955 mina,
568 1915 669 1957 juxta
691 1915 842 1955 gradum,
870 1918 1010 1954 statum,
1037 1914 1236 1956 qualitatem
1262 1915 1455 1954 eorundem,
1488 1926 1554 1947 uua
1578 1926 1656 1947 cum
1679 1916 1780 1947 modo
1803 1918 1840 1947 et

445 1960 553 1991 forma
570 1959 750 1991 Citucionis
765 1962 885 1995 vestre,
902 1958 1058 1990 seriosius
1074 1958 1295 1998 continentes,
1309 1958 1416 1999 sigillo
1431 1958 1605 1991 autentico
1620 1959 1840 2001 consignatas.

445 2003 600 2034 —Dated
617 2006 653 2034 at
670 2003 776 2044 Olyst,
794 2003 834 2034 13
851 2004 935 2043 Aug.

406 2057 615 2104 Oratories,
637 2063 740 2096 etcm
729 2086 741 2104 ,
772 2056 923 2095 Licence
942 2062 979 2094 to
999 2056 1245 2103 celebrate,—

293 2098 361 2117 BER'
401 2113 531 2151 Quarto
547 2112 601 2143 die
617 2111 739 2142 mensis
756 2110 918 2150 Octobris,
935 2110 1026 2151 apud
1049 2110 1249 2152 Tavystoke,
1269 2110 1436 2142 Dominus
1458 2111 1620 2142 concessit
1646 2111 1834 2144 Licenciam

290 2285 339 2313 fol.

290 2320 352 2347 62ἶ)

444 2156 573 2187 Thome
589 2154 762 2186 Visshacre
778 2153 968 2194 [FishacreL
986 2154 1028 2184 de
1045 2154 1295 2194 Plymmouthe,
1312 2157 1347 2185 et
1362 2154 1467 2186 Alicie
1490 2154 1586 2186 uxori
1609 2153 1773 2196 ejusdem,
1790 2155 1835 2187 ad

443 2199 635 2231 faciendum
661 2198 783 2229 Divina
806 2197 973 2236 celebrari,
990 2197 1026 2228 in
1048 2198 1217 2238 presencia
1239 2198 1388 2239 ipsorum
1411 2209 1470 2230 seu
1494 2208 1610 2230 eorum
1633 2198 1781 2240 alterius,
1797 2198 1834 2231 in

445 2242 578 2284 Capella
595 2243 717 2273 Sancte
734 2241 903 2281 Katerine,
920 2241 1020 2282 juxta
1036 2241 1281 2280 Plummouth3
1303 2242 1478 2282 quamdiu,
1494 2244 1556 2274 etc.

401 2286 498 2325 Item,
516 2286 642 2317 eisdem
666 2285 720 2316 die
742 2288 778 2316 et
800 2285 881 2324 loco,
900 2284 1086 2316 Willelmus
1110 2284 1189 2317 cole
1211 2287 1247 2316 et
1269 2285 1425 2316 Johanna
1448 2295 1532 2317 uxor
1554 2295 1615 2317 sua
1638 2284 1833 2318 habuerunt
1868 2318 1878 2327 ,

443 2330 651 2362 consimilem
669 2328 856 2360 Licenciam
872 2328 914 2359 ad
930 2327 1132 2368 faciendum,
1149 2331 1223 2367 etc„
1241 2328 1276 2359 in
1292 2329 1417 2360 eadem

399 2373 499 2412 Item,
515 2373 640 2404 eisdem
655 2372 710 2403 die
725 2375 761 2404 et
776 2372 856 2410 loco,
876 2371 1040 2403 Dominus
1063 2371 1225 2403 concessit
1250 2372 1285 2403 Ι
1276 2372 1434 2404 icenciam
1451 2372 1654 2414 pauperibus
1678 2372 1832 2414 Leprosis

443 2416 627 2458 Hospitalis
637 2416 740 2447 Beate
755 2415 857 2447 Marie
872 2415 1075 2456 Magdaleue,
1089 2414 1190 2456 juxta
1203 2415 1453 2455 Plummouthe‚
1466 2417 1557 2457 quod
1571 2415 1700 2457 possint
1711 2415 1830 2456 facere,

441 2464 516 2500 etc„
534 2460 568 2492 in
587 2459 720 2501 Capella
742 2459 829 2490 infra
852 2458 1051 2499 Hospitale
1042 2469 1189 2500 ipsorum
1209 2459 1344 2499 situata,
1363 2470 1421 2500 per
1437 2459 1643 2516 Presbiteros
1658 2459 1831 2501 ydoneos·
1821 2483 1831 2499 ,
1855 2498 1858 2499 ⁷

442 2515 500 2545 per
517 2514 624 2535 unum
640 2513 767 2534 annum
790 2503 1000 2534 dumturam.

398 2548 497 2587 Item,
514 2547 640 2579 eisdem
655 2547 709 2578 die
725 2550 760 2578 et
774 2546 856 2585 loco,
873 2546 961 2577 idem
979 2545 1145 2577 Dominus
1167 2545 1330 2577 concessit
1354 2546 1540 2578 Liceuciam
1556 2545 1724 2578 Willelmo
1741 2546 1829 2586 Star,

440 2590 579 2632 pauperi
595 2590 768 2622 Hei-emite
785 2589 918 2630 Capelle
935 2589 1036 2620 Beate
1052 2589 1246 2630 Margarete,
1262 2589 1362 2631 juxta
1384 2589 1584 2630 Tavystoke,
1600 2589 1692 2631 quod
1711 2589 1828 2631 possit,

440 2638 513 2673 etc„
530 2634 564 2666 in
582 2635 698 2665 eadem
716 2633 874 2675 Capella·
897 2632 1059 2673 quamdiu
1077 2633 1221 2663 Domino
1237 2633 1400 2674 placuerit
1415 2633 1624 2665 duraturam.

397 2678 496 2716 Item,
512 2678 601 2718 apud
618 2677 787 2718 Torytone
803 2676 917 2716 [Gr-eat
937 2675 1154 2716 Τοννίηριοη],
1171 2686 1259 2707 nono
1274 2676 1338 2716 die,
1354 2676 1518 2708 Dominus
1533 2675 1695 2708 concessit
1711 2675 1826 2708 Licen-

439 2721 522 2753 ciam
551 2721 715 2752 Willelmo
739 2720 861 2752 Monke
883 2722 919 2751 et
942 2719 1039 2751 uxori
1064 2729 1134 2760 sue,
1157 2720 1248 2760 quod
1273 2720 1410 2761 possint,
1434 2723 1509 2760 etc„
1533 2720 1568 2751 iu
1601 2719 1736 2761 Capella
1756 2719 1827 2752 sive

441 2764 594 2796 Orator-io
616 2764 658 2796 de
681 2763 832 2805 Podrige,
855 2763 891 2795 in
915 2762 1073 2795 Puroohia
1095 2763 1137 2794 ‹le
1159 2763 1337 2803 Mertone3
1362 2774 1420 2805 per
1443 2773 1550 2795 uuum
1573 2773 1701 2795 annum
1723 2763 1825 2795 dura-

441 2810 564 2840 turam.

396 2851 496 2890 Item,
527 2850 618 2892 apud
646 2851 805 2882 Tawtone
828 2849 992 2891 [Bishop’s
1018 2848 1172 2890 Tawwaj,
1198 2846 1375 2882 undecimo
1390 2849 1454 2889 die,
1471 2849 1639 2882 Dominus
1661 2849 1826 2882 concessit

439 2894 627 2926 Licenciam
658 2894 806 2926 Johanni
830 2893 997 2935 Boghwey
1020 2896 1056 2925 et
1079 2893 1240 2934 Margerie
1263 2893 1360 2925 uxori
1382 2893 1544 2935 ejusdem,
1567 2893 1659 2935 quod
1681 2893 1822 2934 possint,

437 2942 512 2977 etc„
528 2938 563 2969 in
581 2937 716 2979 Capella
731 2937 800 2969 sive
817 2937 971 2969 Onatorio
987 2937 1169 2968 mansionis
1185 2937 1367 2968 eorundem
1383 2940 1455 2968 atte
1471 2936 1557 2975 Yo,
1546 2947 1580 2968 in
1599 2935 1759 2968 Parochis
1781 2936 1824 2968 de

435 2948 650 3023 Alvingtoue
659 2979 888 3022 [eilwinytonb
914 2979 1075 3022 quamdiu
1091 2979 1200 3012 eidem
1217 2979 1362 3012 Domino
1379 2980 1540 3022 placuerit
1557 2980 1766 3013 duraturam.
