1988 3256
304 2312 379 2338 1384.

536 352 636 385 THE
674 353 916 387 REGISTER.
952 354 1012 387 OF
1044 353 1223 388 BISHOP
1258 354 1663 388 BRANTYNGHAM.

474 461 631 502 legitime
648 462 822 494 moneatis
839 473 960 494 omnes
976 465 1012 494 et
1029 462 1186 502 singulos
1210 462 1369 494 subditos
1392 464 1541 501 nostros,
1558 472 1645 503 quos
1668 472 1732 494 nos
1754 461 1866 493 eciam

411 512 419 552 ζ
475 507 595 537 tenore
607 507 832 538 Presencium
850 507 899 538 sic
915 517 1109 545 monemus,
1123 517 1167 538 ne
1183 508 1260 548 quis
1276 517 1409 546 eorum,
1423 507 1552 547 absque
1569 509 1691 538 nostra
1706 505 1869 538 Licencia

474 551 626 590 speciali,
654 551 906 583 Instituciones
929 552 1184 583 Beneficiorum
1213 562 1275 583 seu
1301 551 1518 583 Collaciones
1541 551 1744 589 eorundem,
1769 550 1866 582 Elec-

472 595 656 626 cionumve
685 595 990 634 Confirmacffines,
1018 596 1298 634 Benedicciones,
1328 596 1636 627 Permutacionum
1664 594 1866 626 Auctoriza-

472 639 599 678 cinnes,
622 642 684 670 aut
708 640 879 671 Ordinum
905 640 1122 678 Collaciones
1152 640 1364 681 hujusmodi,
1388 640 1433 671 ab
1463 640 1532 671 alio
1562 650 1668 681 quam
1699 650 1720 670 a
1754 638 1865 678 nobis,

470 683 694 715 Auctoritate
724 684 823 716 Sedis
850 685 1051 725 Apostolice
1077 685 1262 716 dumtaxat
1283 687 1438 725 excepta,
1462 687 1593 725 petere,
1616 684 1782 724 recipere,
1805 683 1865 714 ad-

471 728 624 766 mittere,
638 739 700 760 seu
712 729 911 769 aliqualiter
927 730 1096 769 optinere,
1107 729 1402 770 Testamentaque
1418 739 1716 770 quorumcumque
1728 728 1863 760 Benefi-

471 773 643 803 ciatorum
654 776 690 804 et
702 773 880 804 Nobilium
900 774 1133 805 Personarum
1150 773 1363 815 hujusmodi,
1373 773 1410 804 in
1426 773 1556 805 nostris
1570 773 1722 804 Civitate
1732 775 1768 804 et
1784 771 1864 803 Dio-

470 817 541 849 cesi
558 818 770 857 supradictis
785 818 830 849 ab
846 818 912 849 hac
928 818 1004 849 luce
1022 818 1266 858 migrancium,
1277 828 1395 849 coram
1411 818 1480 849 alio
1496 828 1601 858 quam
1617 827 1735 848 coram
1751 816 1862 855 nobis,

471 864 533 892 aut
557 862 817 893 Commissariis
839 863 981 901 nostris,
1009 863 1068 903 qui
1095 863 1131 893 in
1159 863 1323 894 omnibus
1346 865 1382 893 et
1406 862 1555 902 singulis
1582 872 1688 902 supra
1710 863 1747 893 et
1769 860 1865 892 infra
1905 860 1907 862 ’

471 906 610 946 scriptis
626 907 741 946 parati
758 907 890 938 erimus
909 909 945 938 et
969 917 1091 938 sumus
1114 907 1411 947 complementum
1434 906 1576 947 justicie
1591 906 1766 944 exhibere,
1783 915 1860 946 pro-

469 950 563 989 bare,
590 961 652 982 seu
682 951 726 982 ab
751 951 820 982 alio
846 951 1015 982 bonorum
1043 951 1225 982 mobilium
1254 951 1456 992 hujusmodi
1484 951 1706 989 testancium,
1731 952 1793 981 aut
1816 949 1861 981 ab

470 995 640 1026 intestato
667 995 926 1034 deccdencium,
951 996 1292 1027 Administraciones
1314 996 1427 1027 eciam
1450 998 1570 1035 petere
1593 995 1649 1026 vel
1672 994 1862 1026 admittere

469 1040 731 1079 quomodolibet
753 1043 945 1080 presumat,
971 1040 1036 1071 sub
1061 1040 1206 1081 Majoris
1230 1039 1615 1071 Excommunicacionis
1637 1049 1738 1080 pena,
1755 1035 1861 1080 quam

469 1084 506 1114 in
533 1085 850 1123 contravenientes,
875 1095 997 1116 omnes
1020 1087 1056 1116 et
1080 1085 1246 1124 singulos,
1266 1085 1379 1125 culpa,
1396 1094 1505 1124 mora,
1521 1087 1558 1115 et
1581 1084 1717 1115 offensa
1738 1093 1861 1114 eorum

468 1129 748 1168 precedentibus,
765 1129 913 1160 ferimus
935 1129 973 1159 in
996 1129 1064 1160 hiis
1089 1129 1247 1169 Scriptis.
1293 1128 1575 1167 Absoluoionem,
1592 1138 1686 1167 vero,
1702 1127 1860 1159 omnium

468 1175 504 1203 et
521 1173 740 1213 singulorum
764 1173 896 1210 dictam
921 1173 1065 1214 Maioris
1090 1173 1475 1204 Excommunicacionis
1499 1172 1723 1204 Sentenciam
1746 1171 1861 1203 incur-

468 1218 627 1248 rencium
654 1218 755 1249 nobis
780 1228 943 1258 expresse
968 1220 1004 1248 et
1035 1218 1234 1258 specialiter
1262 1228 1494 1249 reservamus.
1565 1217 1703 1256 Nostre,
1728 1218 1860 1255 tamen,

468 1262 680 1293 intencionis
696 1272 766 1293 non
783 1262 914 1300 existit,
931 1272 993 1302 per
1007 1262 1180 1302 premissa
1202 1272 1264 1293 seu
1280 1262 1420 1302 aliquod
1435 1262 1637 1300 eorundem,
1653 1261 1691 1291 in
1706 1260 1860 1302 prejudi-

468 1306 561 1337 cium
584 1306 812 1338 Visitacionis
838 1306 1093 1346 Metropolitice
1119 1306 1339 1338 Venerabilis
1365 1306 1491 1345 Patris,
1517 1305 1659 1337 Domini
1683 1304 1859 1343 Willelmi,

467 1354 545 1389 etc„
556 1351 593 1381 in
608 1353 731 1382 nostra
746 1351 885 1382 Diocesi
899 1351 973 1392 jam
990 1351 1151 1382 durantis
1166 1351 1352 1391 inexplete,
1369 1351 1554 1391 quicquam
1570 1350 1692 1381 illicite
1708 1351 1858 1390 attemp-

467 1398 553 1433 tare,
579 1406 620 1426 eo
647 1395 740 1435 quod
767 1395 868 1426 nobis
894 1405 966 1426 non
989 1398 1128 1426 constat
1153 1395 1355 1435 supradicta
1376 1395 1466 1436 jura,
1483 1405 1545 1426 seu
1567 1404 1690 1426 eorum
1706 1393 1857 1434 aliquod,

466 1439 647 1471 occasione
663 1439 890 1471 Visitacionis
906 1450 967 1471 sue
984 1439 1196 1481 hujusmodi,
1213 1440 1258 1470 ad
1279 1439 1430 1471 eundem
1446 1439 1692 1470 Venerabilem
1715 1438 1858 1469 Patrem

467 1484 510 1514 de
534 1484 612 1525 jure
636 1484 824 1522 communi,
849 1484 1112 1522 consuetudine,
1130 1484 1323 1524 privilegio,
1340 1484 1395 1515 vel
1419 1483 1487 1515 alio
1509 1483 1587 1524 jure
1611 1482 1754 1523 speciali
1775 1492 1859 1523 quo-

465 1528 656 1559 modolibet
671 1529 858 1569 pertinere.
904 1528 1114 1560 Mandantes
1129 1528 1296 1569 quatinus
1311 1528 1446 1559 dictum
1464 1528 1670 1559 Mandatum
1686 1529 1858 1566 nostrum,

466 1583 507 1604 ac
530 1573 649 1604 omnia
671 1575 707 1604 et
731 1573 871 1612 singula
893 1579 1060 1604 contenta
1075 1573 1112 1603 in
1127 1573 1261 1611 eodem,
1277 1573 1315 1603 in
1331 1572 1425 1603 dicto
1442 1572 1658 1604 Consistorio
1673 1574 1805 1610 nostro,
1820 1574 1859 1602 et

466 1617 544 1648 aliis
568 1617 669 1649 Locis
692 1617 842 1658 publicis
865 1617 1040 1648 dictarum
1057 1617 1221 1648 Civitatis
1244 1619 1280 1648 et
1305 1617 1462 1648 Diocesis
1489 1617 1534 1648 ad
1557 1617 1623 1648 hoc
1638 1616 1753 1656 magis
1775 1625 1856 1647 con-

465 1662 564 1701 gruis
579 1664 615 1692 et
632 1662 825 1702 oportunis,
842 1664 1016 1703 quatenus
1032 1662 1077 1692 ad
1094 1662 1250 1701 singulos
1266 1664 1424 1692 vestrum
1447 1661 1613 1701 pertinet,
1629 1659 1858 1700 solempniter

465 1706 663 1746 publicetis,
679 1709 715 1737 et
739 1706 923 1746 exponatis
946 1706 1058 1737 eciam
1082 1706 1119 1736 in
1134 1705 1282 1746 vulgari,
1299 1708 1335 1737 et
1357 1716 1420 1746 per
1442 1705 1530 1737 alios
1552 1705 1724 1745 publicari
1747 1706 1784 1736 et
1798 1714 1855 1735 ex-

465 1751 548 1790 poni
577 1761 673 1782 more
702 1751 808 1782 simili
833 1750 985 1782 faciatis.
1039 1751 1085 1781 Et
1111 1750 1195 1791 quid
1220 1750 1376 1781 feceritis
1401 1750 1438 1780 in
1463 1749 1644 1790 premissis
1667 1759 1742 1788 nos,
1765 1748 1856 1780 eitra

468 1795 612 1826 Festum
638 1795 757 1826 Sancti
783 1795 935 1835 Georgii,
951 1795 1110 1835 proximo
1133 1805 1227 1826 nunc
1250 1795 1423 1832 futurum,
1439 1794 1675 1825 communiter
1690 1803 1752 1824 seu
1768 1792 1855 1823 divi-

466 1839 543 1877 sim,
568 1839 771 1870 certificetis
795 1839 924 1870 Literis
946 1839 1074 1871 vestris
1097 1839 1310 1879 patentibus,
1335 1838 1546 1870 habentibus
1568 1838 1663 1869 hunc
1684 1839 1854 1876 tenorem,

465 1863 581 1923 sigillo
597 1884 776 1915 autentico
800 1883 1027 1923 consignatis.
1047 1883 1170 1934 Quis,
1186 1893 1279 1921 vero,
1296 1885 1452 1914 vestrum
1476 1893 1620 1923 presens
1644 1882 1852 1913 Mandatum

464 1928 578 1968 primo
608 1928 791 1968 receperit,
819 1930 958 1959 retenta
989 1915 1056 1959 sibi
1086 1928 1187 1968 copia
1217 1928 1386 1968 ejusdem,
1414 1927 1449 1958 id
1481 1927 1583 1958 alteri
1613 1937 1684 1958 non
1707 1925 1854 1957 habenti

464 1973 685 2004 transmittat
702 1973 863 2004 celeriter
878 1972 1130 2013 exequendum.
1133 1972 1291 2003 —Dated
1308 1974 1345 2003 at
1362 1971 1472 2012 Clyst,
1489 1972 1532 2002 23
1550 1971 1682 2016 March.

743 2179 963 2237 fflutaciu
1010 2178 1143 2231 finni
1190 2178 1410 2230 Ἑυηιίηί

414 2276 550 2329 ginno
579 2275 758 2328 &nmini
788 2275 1041 2327 millesimo
1073 2275 1247 2320 qmmmo
1266 2276 1419 2317 lxxxm
1438 2276 1599 2328 quatio,
1624 2276 1662 2318 et
1691 2255 1848 2320 <liaust-

467 2330 676 2372 tratiuuis
705 2329 883 2383 3301111111
914 2329 1232 2382 quartohecimu.

413 2413 587 2452 Letters-
590 2413 787 2451 Dlmlssol
787 2426 881 2464 y,

415 2469 508 2500 John
541 2470 728 2506 Laurenoe,
756 2469 796 2500 R.
822 2469 859 2500 of
888 2469 1045 2500 Blisland
1075 2467 1262 2509 [Blistone‚
1285 2467 1389 2510 MS.]‚
1419 2469 1494 2501 “ad
1519 2479 1642 2501 omnes
1669 2469 1818 2501 Ordines
1830 2468 1850 2483 '’

464 2512 591 2554 (myst,
608 2514 652 2544 26
669 2511 820 2553 March).

417 2558 570 2588 Richard
595 2558 794 2598 Plymmyn‚
818 2557 1026 2596 subdeacon,
1052 2557 1127 2589 “ad
1149 2558 1272 2589 Sacros
1294 2558 1509 2589 Diaconatus
1530 2561 1566 2589 et
1591 2557 1850 2589 Presbiteratus

461 2602 610 2633 Ordines
623 2602 641 2614 '’
663 2600 788 2642 (Clyst,
802 2601 844 2634 27
862 2600 1013 2642 March).

414 2655 595 2693 Dawlish
612 2668 622 2702 3
652 2657 716 2694 Ad
739 2656 977 2694 audiendum
1009 2655 1268 2705 Confessiones
1280 2657 1610 2706 parochianmwm
1631 2655 1786 2706 Capelle
1803 2657 1850 2696 de

468 2710 699 2757 Uolerone,-

415 2765 576 2803 Thomas,
604 2768 682 2803 etc„
711 2766 846 2804 Rogero
876 2763 938 2805 [de
965 2763 1189 2805 Saresbiria],
1217 2765 1357 2797 Vicario
1389 2765 1544 2797 Ecclesie
1567 2765 1782 2797 Parochialis
1803 2765 1847 2796 de

460 2809 633 2847 Kentone‚
657 2812 693 2840 et
717 2810 889 2840 Willelmo
915 2810 1107 2850 Skynnere,
1132 2810 1321 2849 capellano,
1347 2810 1507 2847 salutem,
1524 2809 1726 2840 etc—Cum
1749 2819 1847 2841 occa-

458 2854 554 2884 sione
572 2854 826 2885 subtraccionis
847 2854 1030 2894 cujusdam
1056 2853 1234 2894 Capellani
1257 2854 1372 2884 idonei
1397 2854 1434 2884 in
1459 2853 1601 2894 Capella
1623 2853 1666 2885 de
1690 2853 1848 2885 Coktoue

461 2895 631 2938 [Goston],
649 2897 743 2928 infra
770 2898 858 2929 fines
873 2901 909 2929 et
926 2898 1057 2929 limites
1075 2898 1242 2929 Parochie
1260 2898 1415 2929 Ecclesie
1431 2898 1474 2929 de
1491 2898 1687 2938 Doulysshe
1704 2897 1846 2937 situata,

456 2952 520 2982 per
536 2941 714 2973 vicarium
731 2942 823 2986 dicte
842 2942 996 2974 Ecclesie
1012 2942 1055 2973 de
1072 2942 1278 2983 Doulysshe‚
1296 2942 1494 2983 sumptibus
1517 2942 1590 2974 suis
1613 2942 1725 2980 solum
1749 2943 1786 2974 et
1809 2941 1847 2973 in
