1988 3256
513 359 800 395 REGISTRUM
825 358 1284 394 COMMUNn—ANNO
1316 346 1380 393 4⁰.
1623 345 1718 393 327

175 455 250 517 ¹374·
283 459 488 500 Cheriton-
475 462 662 514 -Bishop·
652 493 663 510 ,
690 462 798 501 John
818 462 1067 513 Brymmour,
1089 461 1148 509 R,
1153 485 1207 490 —-

175 523 237 551 vo}
253 524 278 551 1
286 515 428 598 Liclencp
436 516 472 547 of
486 527 567 548 non·
570 517 740 548 residence
761 517 814 547 for
836 527 855 548 a
877 527 965 558 year,
984 516 1058 548 “ad
1073 516 1271 548 instanciam
1287 514 1440 547 Nicholai
1458 514 1595 547 Carru”
1613 514 1718 554 (same

350 563 404 591 ate

283 615 481 654 Orator-ies
499 627 508 662 ;
538 615 702 654 General
722 616 875 653 Licence
894 622 931 653 ιο
950 615 1200 660 celebrate,—

283 669 381 708 Item,
405 669 496 710 apud
519 669 626 711 Clyst,
650 674 690 701 xa
711 670 766 701 die
791 670 923 710 Aprilis,
946 670 967 701 J
971 669 1118 700 ohannes
1140 669 1355 711 Trevardyan
1380 668 1501 700 habuit
1529 667 1716 700 Licenciam

326 713 515 744 celebrandi
530 714 563 744 in
582 714 727 754 Capellis
743 713 812 745 suis
829 714 954 754 ubique
969 713 1056 744 inira
1072 713 1250 744 Diocesim.

283 768 340 805 St.
368 768 533 818 Hilary3
562 767 711 818 Chapel
731 769 772 806 of
796 768 1059 814 Μαι-πίθῃ,-

283 822 382 861 Item,
408 822 542 861 ibidem,
560 825 595 854 et
610 823 727 854 eodem
749 822 812 860 die,
837 822 1004 853 Dominus
1029 821 1194 853 Henricus
1216 819 1342 862 [Bray]‚
1358 821 1510 853 Vicarius
1534 821 1722 862 Perpetuus

328 866 441 896 Sancti
474 866 612 898 Hillarii.
640 866 741 907 juxta
768 866 929 905 Muntem,
962 865 1083 896 habuit
1113 865 1302 897 Licenciam
1332 865 1498 897 celebrare
1522 865 1556 896 in
1582 864 1719 906 Capella

327 909 442 941 Sancti
459 909 606 941 Ermetis
622 910 663 940 de
683 909 922 951 Marghesyow,
939 919 999 941 seu
1016 920 1074 950 per
1090 909 1320 941 Presbiterum
1336 908 1496 940 idoneum
1511 908 1620 940 facere
1636 908 1717 940 cele-

323 952 421 984 brari.

283 1007 381 1046 East
403 1009 554 1059 Anstey
575 1005 786 1060 [Estansty
811 1005 909 1060 MS]
927 1020 938 1055 3
966 1007 1029 1045 Sir
1046 1007 1154 1045 John
1173 1006 1307 1052 Riche,
1330 1007 1448 1053 R„-

284 1061 502 1147 Ιιὶῗεὲιιῗρὲῗ)
504 1062 766 1102 non-residence,
789 1062 857 1093 and
879 1066 916 1093 to
938 1061 1025 1093 farm
1049 1065 1110 1093 out
1133 1061 1186 1093 his
1209 1061 1360 1093 Benefica
1386 1061 1439 1093 for
1460 1072 1480 1093 a
1502 1072 1581 1103 year
1598 1061 1719 1104 (Clyst,

286 1159 606 1199 Landewednack
628 1158 956 1214 [Landewyneke‚
981 1158 1117 1211 MS.];
1145 1160 1207 1198 Sir
1229 1160 1347 1198 Peter
1365 1160 1543 1211 Crugow,
1567 1161 1625 1208 R,
1631 1185 1684 1190 —

285 1214 423 1246 Licence
439 1215 474 1246 of
489 1226 570 1246 non·
560 1216 742 1246 -residence
758 1215 881 1255 during
897 1214 1049 1256 pleasure
1065 1213 1187 1256 (myst,
1206 1214 1244 1247 17
1262 1214 1384 1255 April).

177 1267 258 1328 uMsf¹
288 1269 516 1309 Whitstone
536 1269 798 1337 (Gornwall)·
787 1300 799 1318 ,
827 1270 935 1308 lohn
959 1269 1241 1316 Yernemuthe,
1264 1269 1322 1316 R„
1330 1293 1378 1298 —

289 1324 452 1356 “Literas
467 1324 707 1365 reparacionis'
711 1324 902 1365 ⁷,(L0nd0n
927 1325 946 1356 3
972 1323 1071 1373 May).
1122 1323 1200 1355 And
1225 1334 1268 1355 on
1295 1324 1354 1355 the
1379 1334 1470 1356 same
1496 1324 1562 1364 day
1587 1325 1720 1356 Letters

331 1368 544 1409 Dimissory‘
547 1367 608 1399 ‘ad
625 1378 741 1399 omnes
759 1368 914 1406 Minores,
934 1370 970 1399 et
983 1367 1088 1399 eciam
1104 1368 1147 1399 ad
1163 1377 1278 1398 omnes
1294 1368 1411 1400 Sacros
1428 1367 1603 1400 Ordinesss'

177 1423 277 1450 f01.47.
294 1423 557 1473 Illegitimacy
574 1435 584 1470 ;
613 1421 968 1471 Dispensacio·cum
987 1422 1255 1469 illeyitimo,-—

289 1477 436 1509 Thomas
457 1476 567 1515 Wace,
583 1476 793 1516 literate,—“
803 1476 845 1508 de
860 1476 971 1507 soluto
993 1476 1128 1515 genitus
1150 1479 1186 1507 et
1208 1476 1351 1507 soluta’'
1377 1476 1543 1515 (London,
1569 1478 1589 1508 4
1614 1477 1716 1519 May).

333 1522 385 1553 On
403 1521 461 1552 the
476 1531 568 1552 same
584 1521 648 1562 day
661 1520 704 1551 he
719 1520 876 1552 obtained
895 1520 1028 1551 Letters
1046 1519 1231 1561 Dimissory
1249 1520 1319 1551 “ad
1337 1520 1484 1552 Primam
1501 1521 1720 1553 Tonsuram.”

287 1576 536 1625 Concerning
554 1575 623 1613 the
644 1575 802 1624 College
821 1574 862 1613 of
891 1574 1110 1624 Stapeldon
1134 1574 1238 1617 Hau,
1259 1574 1474 1621 Oxford,—

289 1630 403 1662 Simon
422 1630 478 1670 [de
494 1628 677 1668 Sudbury],
700 1628 916 1670 permissione
940 1628 1063 1659 Divina
1086 1628 1328 1660 Londoniensis
1356 1629 1547 1670 Episcopus,
1564 1630 1722 1662 omnibus

332 1678 368 1705 et
382 1673 523 1714 singulis
543 1673 747 1714 [legentibus
762 1676 798 1704 et
820 1682 886 1703 non
911 1672 1128 1712 Regmtibus,
1146 1672 1308 1711 Dominis,
1327 1671 1507 1713 Magistris,
1523 1676 1560 1706 et
1583 1674 1720 1706 Scolari-

331 1717 396 1749 bus
412 1716 653 1749 Universitatis
670 1716 876 1751 Oxoniensis.
894 1726 931 1746 ac
947 1715 1103 1747 omnibus
1119 1725 1204 1756 quos
1219 1715 1471 1757 infrascriptum
1495 1717 1606 1758 tangit
1622 1728 1720 1758 nego-

331 1761 431 1800 cium,
448 1771 506 1792 seu
523 1764 659 1800 tangere
676 1759 800 1800 poterit
810 1759 1084 1810 quomodolibet'
1074 1769 1108 1790 in
1122 1759 1289 1799 futurum,
1302 1759 1456 1800 sa'lutem,
1471 1764 1531 1792 etc
1536 1761 1724 1793 —Noverit

332 1804 542 1837 Universitas
566 1807 677 1835 vestra
699 1803 789 1853 quod
813 1803 847 1834 in
875 1803 982 1834 nostri
1006 1806 1042 1833 et
1071 1803 1366 1834 Reverendorum
1357 1814 1391 1834 m
1410 1803 1545 1836 Christo
1570 1805 1719 1845 Patrum,

333 1848 554 1880 Dominorum
572 1847 635 1879 Dei
650 1847 758 1887 gracia
775 1845 938 1878 Willelmi
957 1844 1015 1888 [de
1033 1844 1247 1886 Wykeham],
1263 1844 1528 1888 Wyntoniensis,
1542 1851 1578 1880 et
1593 1848 1721 1880 Thome

338 1891 560 1932 [Arundelle],
583 1891 732 1929 Eliensis,
754 1890 977 1922 Ecclesiarum
993 1889 1246 1931 Episcoporum,
1262 1901 1300 1921 ac
1323 1890 1454 1922 Nobilis
1479 1891 1559 1931 Viri,
1585 1892 1722 1924 Domini

332 1935 496 1967 Johannis
529 1935 675 1974 Knyvet,
706 1934 831 1973 Militis,
863 1934 1001 1965 Domini
1031 1934 1138 1965 nostri
1169 1934 1269 1975 Regis
1299 1933 1420 1975 Anglie
1451 1934 1656 1975 Cancellarii,
1685 1939 1720 1967 et

333 1979 486 2011 Nicbolai
509 1978 626 2017 carru,
650 1977 803 2019 ejusdem
827 1977 964 2008 Domini
986 1977 1093 2008 nostri
1122 1977 1220 2018 Regis
1243 1977 1366 2018 privati
1391 1978 1491 2018 sigilli
1514 1979 1664 2011 custodis
1687 1982 1722 2011 et

332 2023 456 2062 latoris,
483 2032 522 2053 ac
549 2002 688 2053 testium
713 2026 748 2053 et
771 2021 988 2052 Notariorum
1013 2020 1278 2062 subscriptorum
1307 2022 1476 2061 presencia
1503 2023 1721 2063 personaliter

333 2066 519 2105 constituti,
545 2066 770 2103 Reverendus,
797 2067 872 2103 etc„
897 2065 1053 2103 Thomas,
1077 2064 1140 2096 Dei
1162 2065 1272 2105 gracia
1299 2065 1498 2097 Exoniensis
1522 2066 1717 2108 Episcopus,

335 2109 472 2150 Collegii
494 2090 537 2140 d’e
552 2109 749 2150 Stapildone
773 2108 880 2147 Halle,
898 2108 1035 2146 Oxouie,
1053 2107 1202 2140 Lincoln.
1227 2108 1330 2147 Dioc„
1343 2108 1516 2148 Visitator,
1534 2109 1719 2151 Fundator,

332 2157 368 2185 et
394 2154 571 2192 Patronus,
600 2155 636 2184 et
661 2151 870 2184 Venerabilis
897 2151 966 2191 Vir,
991 2151 1152 2191 Magister
1177 2151 1364 2183 Willelmus
1389 2151 1550 2192 Wiltone,
1575 2153 1717 2186 Univer-

333 2197 443 2229 sitatis
460 2177 658 2229 Oxoni'ensis
674 2195 908 2234 cancellarius,
925 2205 963 2226 ac
978 2195 1138 2236 Magister
1154 2195 1321 2227 Martinus
1337 2196 1379 2227 de
1393 2195 1582 2237 Lideforde,
1597 2197 1720 2229 Rector

333 2240 472 2281 Collegii
498 2240 641 2281 predicti
664 2242 701 2271 et
726 2239 911 2281 Scolarium
938 2237 1090 2280 ejusdem
1118 2239 1328 2278 Procurator,
1356 2239 1502 2280 quedam
1525 2241 1719 2281 gravamina

334 2288 491 2326 pretensa
512 2283 620 2315 eidem
646 2283 840 2314 Reverendo
867 2283 960 2314 Patri
987 2282 1169 2315 Exoniensi
1195 2282 1408 2324 Ecclesieque
1430 2293 1500 2323 sue,
1523 2294 1561 2315 ac
1585 2285 1719 2317 Rector-i

333 2334 368 2360 et
396 2327 542 2368 Collegio
570 2326 755 2359 Scolarium
782 2325 1012 2367 predictorum
1037 2328 1072 2357 et
1094 2325 1249 2367 ejusdem
1273 2326 1411 2367 Collegii
1434 2327 1634 2366 Scolaribus,
1658 2339 1718 2369 per

332 2373 462 2403 dictum
487 2370 729 2402 Cancellarium
753 2369 988 2408 Oxoniensem,
1004 2372 1044 2400 ut
1070 2369 1255 2408 dicebatur,
1279 2369 1382 2409 illata,
1405 2369 1470 2401 sub
1496 2374 1587 2403 certa
1609 2371 1718 2404 forma

332 2416 366 2447 in
383 2414 516 2455 scriptis
530 2413 682 2446 articulis
697 2413 841 2452 redacta,
858 2413 900 2444 de
915 2423 984 2454 qua
1004 2412 1039 2444 in
1063 2413 1262 2454 subscriptis
1285 2413 1383 2454 plena
1405 2413 1550 2446 habetur
1572 2415 1715 2455 mencio,

332 2459 398 2500 legi
412 2461 448 2490 et
463 2458 584 2499 exponi
600 2457 742 2498 publice,
759 2457 865 2497 plane,
882 2459 917 2487 et
932 2456 1102 2495 distincte,
1118 2456 1160 2487 de
1182 2466 1346 2488 consensu
1369 2460 1484 2488 nostro
1505 2458 1662 2491 fecerunt
1683 2463 1719 2491 et

332 2502 556 2543 optinuerunt
571 2510 681 2532 coram
698 2500 801 2532 nobis.
852 2501 905 2539 Et,
923 2499 1037 2531 habita
1053 2500 1269 2531 altercacione
1284 2510 1342 2531 seu
1360 2500 1565 2543 discussione
1580 2502 1718 2544 aliquali

332 2557 369 2578 su
376 2556 432 2586 per
448 2545 572 2576 eisdem
589 2544 848 2584 gravaminibus,
860 2543 924 2584 ipsi
938 2543 1154 2575 Reverendus
1167 2544 1268 2575 Pater
1285 2544 1481 2576 Exoniensis
1497 2548 1532 2576 et
1548 2545 1716 2578 Cancella-

331 2590 402 2621 rius
418 2588 655 2621 Universitatis
672 2587 829 2628 predicte,
845 2598 882 2618 ac
906 2586 1081 2623 Martinus,
1099 2587 1298 2618 Procurator
1313 2587 1464 2619 Rectoris
1482 2591 1517 2620 et
1532 2588 1716 2621 Scolarium

334 2632 572 2674 predictorum,
580 2631 794 2662 Ordinacioni
803 2634 916 2663 nostre
928 2640 966 2661 ac
977 2630 1373 2671 DominiWyntoniensis
1384 2631 1556 2672 antedicti,
1566 2631 1716 2665 Domini-

331 2687 397 2718 que
410 2675 605 2708 Cancellarii
617 2678 652 2705 et
663 2675 695 2706 N
697 2674 817 2706 icholai
832 2674 1070 2715 predictorum,
1083 2673 1117 2704 in
1129 2673 1200 2705 alto
1212 2674 1270 2705 et
1261 2684 1297 2706 ιιι
1313 2674 1409 2706 basso
1424 2685 1459 2706 se
1475 2675 1716 2716 submiserunt,

333 2723 369 2755 et
383 2730 419 2750 se
434 2718 592 2750 submisit
613 2718 756 2768 quilibet
778 2718 983 2755 eorundem;
1007 2717 1303 2762 promiseruntque
1325 2717 1397 2758 ipsi,
1414 2721 1488 2758 etc,
1504 2722 1540 2750 et
1563 2720 1717 2760 promisit

333 2763 476 2805 quilibet
491 2772 619 2800 eorum,
636 2761 671 2792 in
688 2762 775 2793 bona
796 2761 872 2800 fide,
889 2761 980 2802 quod
1003 2759 1228 2799 observarent,
1252 2764 1286 2792 et
1309 2761 1475 2793 observari
1498 2767 1718 2803 procurarent

333 2811 369 2838 et
390 2806 539 2837 facerent
560 2806 594 2836 in
618 2805 786 2842 fu,turum
804 2815 862 2846 per
884 2815 929 2843 se,
947 2805 1120 2835 Rectorem
1144 2807 1180 2835 et
1203 2784 1351 2836 S'colares
1373 2805 1568 2845 antedictos,
1585 2810 1620 2838 et
1635 2807 1717 2838 alios

333 2859 564 2891 quoscumque
592 2848 628 2880 in
657 2848 727 2879 suis
757 2828 1057 2880 Jurisdicc'ionibus
1088 2847 1281 2886 existentes,
1312 2847 1474 2889 quicquid
1506 2860 1564 2889 per
1590 2860 1651 2881 nos
1677 2852 1715 2882 ac

333 2892 613 2934 Wyntoniensem
642 2891 952 2932 Cancellariumque
977 2893 1013 2922 et
1042 2890 1242 2922 Nicholaum
1267 2892 1433 2932 predictos
1463 2893 1609 2924 ordinari
1639 2904 1714 2925 con-

332 2936 471 2978 tigerit
461 2946 497 2968 ιιι
513 2940 548 2968 et
563 2936 605 2967 de
620 2935 788 2976 premissis
810 2934 944 2975 injuriis
967 2938 1002 2965 et
1024 2934 1164 2974 singulis
1187 2935 1380 2966 earundem.
1429 2935 1476 2968 Et
1496 2946 1558 2978 per
1579 2936 1715 2978 aliquod

331 2979 558 3018 intervallum,
589 2989 659 3018 nos,
690 2978 858 3020 iidemque
888 2977 1148 3019 Wyntoniensis,
1190 2978 1422 3018 Cancellarius,
1460 2981 1496 3010 et
1533 2979 1716 3012 Nioholaus
