1988 3256
335 336 430 381 528
538 347 640 380 'rus
676 347 918 381 Raeis'raa
950 348 1010 381 OF
1042 348 1220 381 BISHOP
1255 348 1659 384 BRANTYNGHAM.

330 450 405 495 AsD·
486 454 585 492 torie,
619 454 831 485 Executores
863 455 1091 492 Testamenti,
1123 455 1195 486 sive
1226 455 1530 487 administratores
1561 458 1623 486 aut
1653 458 1881 496 occupatores

331 485 404 545 {1308'4
416 518 437 545 Ι.
486 499 570 530 dicti
599 499 757 530 defuncti
789 500 969 537 bonorum,
995 499 1088 539 quod
1119 502 1345 540 compareant
1376 509 1493 530 coram
1524 500 1635 538 nobis,
1659 500 1696 530 in
1724 500 1880 531 Mauerio

485 546 605 574 nostro
623 544 665 574 de
683 544 792 584 Clyst,
810 544 865 574 die
884 544 1027 574 Sabbati
1043 544 1201 584 proximo
1220 547 1300 584 post
1325 544 1468 575 Festum
1494 544 1702 575 Sanctorum
1726 544 1880 576 Tiburcii

486 590 522 618 et
538 588 716 619 Valeriani
733 588 890 628 proximo
907 598 1000 618 nunc
1015 588 1195 626 futurum;
1220 588 1316 626 dicti,
1332 588 1506 627 videlicet,
1523 588 1737 619 Executores
1760 588 1879 620 Testa·

486 634 644 662 mentum
669 633 778 672 ipsius
802 632 970 671 defuncti,
999 633 1028 663 si
1052 633 1144 673 quod
1168 632 1372 671 condiderit,
1396 633 1596 671 exhibituri,
1627 633 1813 672 ostensuri,
1844 635 1881 664 et

486 677 643 714 legitime
663 677 863 717 probaturi;
887 677 1052 718 alioquin,
1076 677 1142 717 ipsi
1165 677 1335 707 bonorum
1357 677 1661 708 administratores
1679 679 1716 708 et
1735 687 1880 718 occupa-

486 723 590 759 tores,
609 731 714 761 super
729 721 930 761 hujusmodi
947 722 1178 761 occupacione
1196 721 1366 752 bonorum
1386 721 1510 752 illicita
1533 721 1651 752 debite
1667 722 1879 762 responsuri,

486 768 521 795 et
539 765 581 795 de
597 766 747 796 veritate
771 766 919 796 dicenda
943 775 1048 806 super
1071 766 1262 806 premissis,
1287 766 1315 796 si
1339 768 1510 806 oporteat,
1534 766 1766 806 personaliter
1787 766 1880 807 jura-

486 810 576 847 turi;
609 809 808 850 facturique
834 810 982 840 ulterius
1007 813 1042 840 et
1071 810 1246 850 recepturi
1274 811 1366 850 quod
1392 810 1536 850 justicia
1560 810 1732 842 suadebit.
1798 810 1880 841 Ter-

486 854 631 892 minum,
655 857 785 892 autem,
809 854 1083 894 peremptorium
1113 854 1324 895 hujusmodi,
1349 854 1530 885 vicinitate
1554 855 1620 885 loci
1645 857 1680 885 et
1708 855 1879 896 qualitate

485 899 621 938 negocii
654 898 843 938 diligenter
873 899 1031 938 attentis,
1065 899 1186 929 taliter
1216 899 1379 930 duximus
1409 899 1674 930 moderandum.
1731 899 1777 930 Et
1793 899 1877 940 quid

485 942 643 973 feceritis
659 943 695 973 in
711 943 901 983 premissis,
918 943 1145 974 etc.—-Dated
1162 946 1198 974 at
1217 943 1326 984 Clyst,
1346 944 1384 973 ll
1402 943 1513 983 April.

439 1007 660 1046 Ashcombe
676 1021 687 1055 3
728 1009 964 1046 Mandalum
1001 1023 1047 1046 ne
1083 1009 1169 1058 quis
1206 1010 1446 1055 admittatur
1487 1010 1542 1047 acl
1578 1009 1788 1047 Ecclesiam
1831 1010 1878 1048 de

491 1063 685 1100 Assltecow
691 1064 739 1106 be,
747 1086 798 1090 —

439 1118 600 1156 Thomas,
617 1121 695 1156 etc„
713 1119 852 1149 Decano
869 1118 911 1149 dc
929 1118 1191 1158 Chuddeleghe‚
1209 1128 1249 1149 ac
1271 1118 1410 1149 Rectori
1429 1118 1583 1150 Ecclesie
1600 1118 1814 1150 Parochialis
1829 1118 1874 1150 de

484 1163 746 1200 Mammehede;
779 1172 926 1201 necnon,
955 1163 1105 1193 Domino
1130 1163 1284 1194 Johanni
1312 1163 1490 1201 Heanoke,
1516 1163 1720 1203 presbitero,
1752 1165 1872 1194 nostre

483 1207 649 1245 Diocesis,
667 1210 703 1237 et
718 1208 739 1237 J
741 1207 871 1237 ohanni
884 1207 1136 1245 Chestrefelde,
1148 1207 1284 1245 clerico,
1298 1207 1459 1245 salutem,
1470 1207 1672 1238 etc—Cum
1688 1217 1870 1248 quoscum-

482 1261 549 1292 que
565 1251 720 1290 clericos,
737 1251 782 1282 ad
798 1261 1016 1292 quecumque
1030 1252 1206 1282 Beneficia
1219 1251 1475 1290 Ecclesiastica‚
1488 1254 1689 1282 nostrarum
1707 1251 1871 1283 Civitatis

481 1298 517 1326 et
535 1296 700 1334 Diocesis,
712 1296 878 1326 vacancia
887 1298 1119 1336 presentatos,
1133 1296 1331 1334 admittere,
1344 1298 1380 1326 et
1390 1296 1484 1336 ipsos
1497 1296 1682 1327 instituere
1695 1295 1870 1327 Canonice

480 1340 516 1370 in
533 1340 676 1378 eisdem,
694 1340 738 1370 ad
754 1350 818 1371 nos
835 1341 947 1371 solum
964 1343 1000 1371 et
1016 1340 1053 1370 in
1070 1340 1230 1378 solidum,
1247 1342 1283 1370 et
1299 1340 1343 1370 ad
1360 1340 1495 1370 nullum
1512 1340 1631 1379 alium,
1647 1340 1870 1371 Auctoritate

482 1384 581 1415 Sedis
598 1385 798 1424 Apostolice
814 1385 998 1415 dumtaxat
1014 1387 1170 1424 excepta,
1187 1385 1390 1415 dinoscatur
1405 1384 1540 1415 notorie
1555 1385 1742 1425 pertinere,
1759 1385 1868 1425 negli-

480 1429 605 1468 gencia
632 1431 753 1459 nostra
778 1429 815 1459 in
843 1429 908 1460 hac
935 1431 1035 1469 parte
1062 1429 1263 1459 nullatenus
1287 1429 1516 1469 precedente;
1547 1429 1656 1468 vobis,
1680 1429 1800 1469 igitur,
1832 1429 1869 1460 in

480 1473 612 1504 virtute
636 1473 856 1512 Obediencie,
873 1473 1107 1504 communiter
1129 1475 1166 1504 et
1189 1473 1339 1511 divisim,
1363 1473 1513 1504 firmiter
1534 1473 1752 1514 injungendo
1775 1483 1867 1504 com-

480 1518 665 1556 mittimus,
693 1520 730 1548 et
757 1518 915 1548 districte
945 1517 1170 1557 precipiendo
1199 1517 1418 1555 mandamus,
1450 1518 1615 1558 quatinus
1646 1517 1868 1558 parochianis

481 1562 634 1593 Ecclesie
659 1562 872 1592 Parochialis
896 1562 938 1592 de
962 1562 1209 1600 Asshecombe,
1226 1562 1389 1592 omnibus
1404 1565 1441 1592 et
1462 1562 1620 1602 singulis,
1637 1562 1764 1602 palam,
1782 1562 1866 1602 pub-

478 1607 554 1645 lice,
580 1609 616 1637 et
641 1617 803 1647 expresse
828 1606 1017 1637 inhibeatis
1040 1616 1084 1637 ne
1108 1606 1186 1647 quis
1211 1616 1331 1637 eorum
1348 1606 1500 1646 aliquem
1524 1606 1568 1637 ad
1592 1606 1724 1637 dictam
1749 1606 1865 1647 Eccle-

479 1651 565 1681 siam
595 1651 799 1689 admissum,
827 1651 882 1682 vel
909 1650 1179 1689 admittendum,
1208 1660 1270 1681 seu
1296 1651 1501 1681 institutum
1529 1651 1583 1681 vel
1607 1650 1865 1682 instituendum

478 1695 515 1725 in
539 1695 673 1733 eadem,
701 1695 746 1726 ab
773 1695 841 1726 alio
873 1705 978 1735 quam
1006 1705 1027 1725 a
1050 1695 1161 1733 nobis,
1192 1695 1248 1725 vel
1280 1695 1502 1725 Auctoritate
1522 1695 1634 1726 'Sedis
1664 1695 1866 1736 Apostolice

478 1740 690 1780 supradicta,
707 1742 876 1780 tanquam
898 1739 1082 1770 Rectorem
1106 1739 1284 1777 admittat,
1300 1739 1401 1779 eique
1425 1739 1566 1770 obediat
1589 1739 1789 1780 aliqualiter
1810 1739 1865 1770 vel

477 1784 650 1822 intendat,
678 1794 739 1814 seu
767 1784 832 1814 sibi
858 1784 901 1814 de
927 1783 1112 1821 fructibus,
1143 1783 1350 1821 redditibus,
1380 1786 1416 1814 et
1447 1783 1676 1824 proventibus
1705 1783 1864 1824 ejusdem

478 1829 632 1859 Ecclesie
656 1828 916 1868 quomodolibet
944 1827 1150 1865 satisfaciat,
1174 1827 1239 1858 sub
1266 1837 1357 1868 pena
1385 1828 1768 1859 Excommunicacionis
1792 1828 1864 1859 Ma-

476 1873 562 1913 joris
593 1873 629 1903 in
660 1873 965 1903 contravenientes
1003 1872 1040 1902 in
1079 1872 1144 1902 hac
1179 1874 1280 1912 parte
1314 1882 1385 1902 non
1419 1872 1597 1903 immerito
1634 1872 1864 1904 fulminande.

479 1918 618 1955 Omnes,
644 1917 797 1957 insuper,
823 1919 859 1947 et
876 1917 1041 1955 singulos,
1059 1919 1126 1947 etc.
1154 1914 1208 1956 (ut
1232 1926 1346 1955 supra,
1361 1927 1395 1954 p.
1413 1915 1487 1955 527,
1506 1919 1537 1946 to
1562 1916 1614 1947 the
1631 1917 1706 1955 end,
1723 1919 1864 1947 mutatis

476 1959 843 2001 mutandis).—Dated
859 1964 896 1991 at
914 1961 1023 2002 Clyst,
1043 1961 1083 1990 12
1099 1961 1210 2001 April.

429 2027 640 2065 Tawstock
657 2040 667 2074 3
699 2028 931 2064 Mamlatum
953 2027 1007 2064 ad
1025 2027 1426 2064 excommunicandum
1441 2027 1527 2064 “llos
1541 2029 1611 2076 qui
1624 2027 1863 2065 abstulerunt

484 2083 578 2119 bona
602 2082 772 2119 Rectoris
791 2082 836 2118 de
860 2081 1110 2125 Tonstoke‚—

432 2137 593 2175 Thomas,
625 2139 702 2174 etc„
734 2137 874 2167 Decano
907 2135 1184 2175 Barnastapolie‚
1215 2145 1256 2166 ac
1291 2135 1431 2166 Rectori
1463 2136 1618 2167 Ecclesie
1649 2136 1864 2168 Parochialis

476 2181 518 2212 de
549 2181 828 2221 Atheryngtone,
860 2182 896 2211 et
928 2180 1112 2220 Perpetuis
1142 2180 1292 2211 Vicariis
1331 2180 1566 2210 Ecclesiamm
1606 2180 1862 2212 Parochialium

476 2225 752 2265 Barnastapolie‚
799 2225 1070 2264 Fremyngtone,
1110 2226 1146 2255 et
1184 2225 1226 2255 de
1270 2224 1428 2255 Toutone
1467 2222 1641 2264 [Bishop’s
1681 2223 1862 2266 Tawwn];

475 2280 622 2308 necnon,
655 2269 804 2300 Domino
835 2269 987 2299 Johanni
1020 2269 1123 2309 Boys,
1162 2268 1352 2308 capellano,
1384 2268 1542 2309 ejusdem
1573 2269 1862 2307 Diocesis,·salu-

474 2317 558 2352 tem,
592 2313 793 2345 etc.-—Cum
830 2323 952 2344 omnes
986 2314 1022 2343 et
1056 2313 1184 2352 singuli
1222 2312 1486 2343 Cantuariensis
1517 2313 1699 2344 Provincie
1730 2313 1865 2344 subditi

475 2358 718 2399 impedientes,
743 2368 805 2388 seu
828 2357 990 2398 impediri
1017 2359 1256 2397 procurantes,
1281 2357 1467 2397 quominus
1492 2357 1626 2388 Ultime
1651 2357 1863 2389 Voluntates

475 2403 722 2434 defunctorum
761 2402 953 2442 procedant
989 2402 1026 2431 in
1064 2401 1132 2432 hiis
1163 2411 1229 2442 que
1264 2401 1307 2431 de
1336 2401 1414 2441 jure
1445 2401 1500 2432 vel
1531 2401 1783 2433 consuetudine
1814 2402 1860 2433 le-

474 2447 550 2486 gari
577 2449 735 2487 possunt,
763 2446 834 2476 sint
861 2445 1048 2476 Sentencia
1076 2445 1220 2486 Majoris
1248 2445 1630 2476 Excommunicacionis
1657 2445 1694 2476 in
1718 2445 1861 2477 Sancto-

474 2502 553 2522 rum
585 2491 730 2522 Patrum
763 2490 1085 2521 Constitucionibus
1113 2490 1149 2519 in
1177 2489 1242 2520 hac
1273 2492 1373 2530 parte
1404 2489 1471 2520 rite
1502 2491 1538 2520 et
1569 2490 1726 2529 legitime
1756 2490 1862 2521 editis

474 2535 618 2576 provide
656 2535 738 2573 lata,
777 2534 1049 2574 dampnabiliter
1087 2534 1260 2572 involuti;
1302 2533 1454 2574 quidam,
1494 2535 1624 2572 tamen,
1662 2534 1861 2575 iniquitatis

476 2580 548 2618 filii,
561 2589 713 2620 quorum
730 2579 873 2609 nomina
896 2578 1099 2618 ignoramus
1123 2578 1256 2618 pariter
1277 2580 1314 2608 et
1337 2587 1514 2618 personas,
1531 2578 1658 2618 spiritu
1674 2578 1860 2619 nephando

319 2620 366 2658 sol».
472 2624 578 2662 ducti,
596 2633 683 2654 ausu
700 2622 888 2654 temerario
904 2625 940 2653 et
957 2624 1075 2652 mente
1092 2622 1271 2661 sacrilega,
1288 2624 1393 2662 prout
1415 2632 1457 2652 ex
1481 2622 1737 2662 fidediguorum
1761 2623 1859 2654 testi-

318 2654 394 2680 122b.
471 2668 589 2698 monio
605 2667 814 2707 accepimus,
833 2667 994 2697 Mansum
1019 2666 1179 2697 Rectorie
1204 2666 1357 2697 Ecclesie
1382 2666 1594 2697 Parochialis
1617 2666 1661 2697 de
1685 2666 1860 2698 Toustoke

474 2713 613 2743 noviter
639 2714 722 2742 sunt
747 2711 906 2750 ingressi,
935 2720 975 2741 ac
999 2710 1163 2741 universa
1190 2712 1226 2741 et
1253 2710 1392 2749 singula
1415 2710 1507 2741 bona
1530 2710 1670 2741 Domini
1694 2710 1858 2748 Willelmi

474 2757 696 2793 Wollastone,
713 2755 797 2785 dum
808 2755 896 2785 vixit
913 2754 1070 2785 Rectoris
1080 2754 1237 2795 ejusdem
1250 2754 1414 2792 Ecclesie,
1425 2754 1494 2795 qui,
1508 2754 1648 2785 condito
1663 2764 1728 2795 per
1741 2755 1857 2796 ipsum

473 2801 637 2840 primitus
663 2800 899 2837 Testamento,
925 2799 1030 2830 sortis
1055 2798 1208 2829 humane
1235 2798 1393 2829 debitum
1421 2798 1652 2838 persolvebat,
1679 2802 1798 2839 preter
1821 2801 1859 2830 et

473 2848 595 2875 contra
620 2844 837 2874 voluntatem
867 2843 1101 2874 Executorum
1127 2842 1163 2872 in
1188 2842 1310 2873 eodem
1337 2842 1562 2873 Testameuto
1586 2843 1858 2882 nominatorum,

472 2889 558 2919 inibi
575 2888 767 2919 existencia
790 2897 988 2918 ammovere
1012 2889 1048 2917 et
1071 2889 1263 2927 asportare,
1287 2886 1417 2927 absque
1441 2896 1548 2918 causa
1570 2887 1773 2917 racionabili
1797 2896 1859 2918 seu

472 2932 631 2974 legitima
655 2941 883 2974 quacumque,
900 2933 1033 2962 temere
1057 2932 1357 2973 presumpserunt,
1374 2930 1614 2972 Ultimamque
1630 2930 1858 2963 Voluntatem
