<?xml version="1.0" encoding="UTF-8"?>
<!DOCTYPE html PUBLIC "-//W3C//DTD XHTML 1.0 Transitional//EN"
    "http://www.w3.org/TR/xhtml1/DTD/xhtml1-transitional.dtd">
<html xmlns="http://www.w3.org/1999/xhtml" xml:lang="en" lang="en">
 <head>
  <title>
</title>
<meta http-equiv="Content-Type" content="text/html;charset=utf-8" />
  <meta name='ocr-system' content='tesseract 3.04.00' />
  <meta name='ocr-capabilities' content='ocr_page ocr_carea ocr_par ocr_line ocrx_word'/>
</head>
<body>
  <div class='ocr_page' id='page_1' title='image "./registerofthomas01hinguoft_0331.png"; bbox 0 0 1988 3256; ppageno 0'>
   <div class='ocr_carea' id='block_1_1' title="bbox 186 458 289 553">
    <p class='ocr_par' dir='ltr' id='par_1_1' title="bbox 186 458 289 553">
     <span class='ocr_line' id='line_1_1' title="bbox 188 458 263 485; baseline 0 -1"><span class='ocrx_word' id='word_1_1' title='bbox 188 458 222 485; x_wconf 80' lang='grc' dir='ltr'><strong>Α.</strong></span> <span class='ocrx_word' id='word_1_2' title='bbox 227 458 263 484; x_wconf 90' lang='lat' dir='ltr'><strong>D.</strong></span> 
     </span>
     <span class='ocr_line' id='line_1_2' title="bbox 186 491 262 519; baseline -0.013 0"><span class='ocrx_word' id='word_1_3' title='bbox 186 491 262 519; x_wconf 78' lang='lat'><strong>1373.</strong></span> 
     </span>
     <span class='ocr_line' id='line_1_3' title="bbox 187 525 289 553; baseline 0.01 -1"><span class='ocrx_word' id='word_1_4' title='bbox 187 525 249 553; x_wconf 83' lang='lat' dir='ltr'><strong>Vol.</strong></span> <span class='ocrx_word' id='word_1_5' title='bbox 264 525 289 553; x_wconf 75' lang='grc' dir='ltr'><strong>Ι.</strong></span> 
     </span>
    </p>
   </div>
   <div class='ocr_carea' id='block_1_2' title="bbox 505 345 1721 405">
    <p class='ocr_par' dir='ltr' id='par_1_2' title="bbox 505 345 1721 405">
     <span class='ocr_line' id='line_1_4' title="bbox 505 345 1721 405; baseline 0 -13"><span class='ocrx_word' id='word_1_6' title='bbox 505 356 796 393; x_wconf 76' lang='lat' dir='ltr'><strong>REGISTRUM</strong></span> <span class='ocrx_word' id='word_1_7' title='bbox 830 355 1290 392; x_wconf 68' lang='lat' dir='ltr'><strong>commone-Anno</strong></span> <span class='ocrx_word' id='word_1_8' title='bbox 1328 345 1391 392; x_wconf 88' lang='lat'><strong>3⁰.</strong></span> <span class='ocrx_word' id='word_1_9' title='bbox 1625 346 1721 405; x_wconf 82' lang='grc'><strong>313</strong></span> 
     </span>
    </p>
   </div>
   <div class='ocr_carea' id='block_1_3' title="bbox 330 459 1721 2940">
    <p class='ocr_par' dir='ltr' id='par_1_3' title="bbox 330 459 1721 2940">
     <span class='ocr_line' id='line_1_5' title="bbox 331 459 1720 502; baseline -0.001 -10"><span class='ocrx_word' id='word_1_10' title='bbox 331 460 403 492; x_wconf 89' lang='lat' dir='ltr'><strong>sine</strong></span> <span class='ocrx_word' id='word_1_11' title='bbox 418 471 519 492; x_wconf 79' lang='lat' dir='ltr'><strong>causa</strong></span> <span class='ocrx_word' id='word_1_12' title='bbox 533 460 725 493; x_wconf 84' lang='lat' dir='ltr'><strong>racionabili</strong></span> <span class='ocrx_word' id='word_1_13' title='bbox 740 471 800 502; x_wconf 83' lang='lat' dir='ltr'><strong>per</strong></span> <span class='ocrx_word' id='word_1_14' title='bbox 814 471 875 492; x_wconf 88' lang='lat' dir='ltr'><strong>nos</strong></span> <span class='ocrx_word' id='word_1_15' title='bbox 889 463 952 492; x_wconf 85' lang='lat' dir='ltr'><strong>aut</strong></span> <span class='ocrx_word' id='word_1_16' title='bbox 967 460 1181 492; x_wconf 87' lang='lat' dir='ltr'><strong>Successores</strong></span> <span class='ocrx_word' id='word_1_17' title='bbox 1196 461 1330 491; x_wconf 86' lang='lat' dir='ltr'><strong>nostros</strong></span> <span class='ocrx_word' id='word_1_18' title='bbox 1346 459 1506 500; x_wconf 86' lang='lat' dir='ltr'><strong>primitus</strong></span> <span class='ocrx_word' id='word_1_19' title='bbox 1522 460 1720 501; x_wconf 86' lang='lat' dir='ltr'><strong>approbata,</strong></span> 
     </span>
     <span class='ocr_line' id='line_1_6' title="bbox 332 503 1719 546; baseline -0.001 -10"><span class='ocrx_word' id='word_1_20' title='bbox 332 504 587 546; x_wconf 76' lang='lat' dir='ltr'><strong>quomodolibet</strong></span> <span class='ocrx_word' id='word_1_21' title='bbox 602 505 783 536; x_wconf 81' lang='lat' dir='ltr'><strong>concedere</strong></span> <span class='ocrx_word' id='word_1_22' title='bbox 798 504 1158 545; x_wconf 69' lang='lat' dir='ltr'><strong>presumatis—Item,</strong></span> <span class='ocrx_word' id='word_1_23' title='bbox 1171 503 1366 542; x_wconf 89' lang='lat' dir='ltr'><strong>statuimus,</strong></span> <span class='ocrx_word' id='word_1_24' title='bbox 1380 507 1415 534; x_wconf 89' lang='lat' dir='ltr'><strong>et</strong></span> <span class='ocrx_word' id='word_1_25' title='bbox 1430 503 1616 535; x_wconf 84' lang='lat' dir='ltr'><strong>statuendo</strong></span> <span class='ocrx_word' id='word_1_26' title='bbox 1632 504 1719 535; x_wconf 90' lang='lat' dir='ltr'><strong>ordi-</strong></span> 
     </span>
     <span class='ocr_line' id='line_1_7' title="bbox 332 546 1719 590; baseline -0.001 -10"><span class='ocrx_word' id='word_1_27' title='bbox 332 558 464 587; x_wconf 81' lang='lat' dir='ltr'><strong>namus,</strong></span> <span class='ocrx_word' id='word_1_28' title='bbox 476 548 568 590; x_wconf 89' lang='lat' dir='ltr'><strong>quod</strong></span> <span class='ocrx_word' id='word_1_29' title='bbox 579 549 689 588; x_wconf 86' lang='lat' dir='ltr'><strong>Carte,</strong></span> <span class='ocrx_word' id='word_1_30' title='bbox 702 549 947 586; x_wconf 75' lang='lat' dir='ltr'><strong>Instrumenta,</strong></span> <span class='ocrx_word' id='word_1_31' title='bbox 963 547 1176 579; x_wconf 77' lang='lat' dir='ltr'><strong>Munimenta</strong></span> <span class='ocrx_word' id='word_1_32' title='bbox 1185 547 1268 578; x_wconf 90' lang='lat' dir='ltr'><strong>dicti</strong></span> <span class='ocrx_word' id='word_1_33' title='bbox 1280 546 1476 578; x_wconf 75' lang='lat' dir='ltr'><strong>Monastetii</strong></span> <span class='ocrx_word' id='word_1_34' title='bbox 1489 547 1719 587; x_wconf 80' lang='lat' dir='ltr'><strong>Thesaurarie,</strong></span> 
     </span>
     <span class='ocr_line' id='line_1_8' title="bbox 338 590 1721 633; baseline -0.001 -10"><span class='ocrx_word' id='word_1_35' title='bbox 338 594 376 624; x_wconf 87' lang='lat' dir='ltr'><strong>et</strong></span> <span class='ocrx_word' id='word_1_36' title='bbox 401 592 534 633; x_wconf 88' lang='lat' dir='ltr'><strong>signum</strong></span> <span class='ocrx_word' id='word_1_37' title='bbox 563 594 716 623; x_wconf 87' lang='lat' dir='ltr'><strong>vestrum</strong></span> <span class='ocrx_word' id='word_1_38' title='bbox 743 602 932 630; x_wconf 92' lang='lat' dir='ltr'><strong>commune,</strong></span> <span class='ocrx_word' id='word_1_39' title='bbox 961 594 1038 623; x_wconf 89' lang='lat' dir='ltr'><strong>tute</strong></span> <span class='ocrx_word' id='word_1_40' title='bbox 1067 591 1308 622; x_wconf 87' lang='lat' dir='ltr'><strong>custodiant-ur</strong></span> <span class='ocrx_word' id='word_1_41' title='bbox 1344 591 1408 622; x_wconf 88' lang='lat' dir='ltr'><strong>sub</strong></span> <span class='ocrx_word' id='word_1_42' title='bbox 1438 590 1550 622; x_wconf 89' lang='lat' dir='ltr'><strong>tribus</strong></span> <span class='ocrx_word' id='word_1_43' title='bbox 1581 591 1721 623; x_wconf 85' lang='lat' dir='ltr'><strong>diversis</strong></span> 
     </span>
     <span class='ocr_line' id='line_1_9' title="bbox 338 634 1720 676; baseline -0.001 -9"><span class='ocrx_word' id='word_1_44' title='bbox 338 635 488 667; x_wconf 79' lang='lat' dir='ltr'><strong>clavibus</strong></span> <span class='ocrx_word' id='word_1_45' title='bbox 517 638 554 667; x_wconf 91' lang='lat' dir='ltr'><strong>et</strong></span> <span class='ocrx_word' id='word_1_46' title='bbox 579 635 713 675; x_wconf 89' lang='lat' dir='ltr'><strong>seruris,</strong></span> <span class='ocrx_word' id='word_1_47' title='bbox 732 634 836 676; x_wconf 83' lang='lat' dir='ltr'><strong>juxta</strong></span> <span class='ocrx_word' id='word_1_48' title='bbox 861 635 1001 666; x_wconf 80' lang='lat' dir='ltr'><strong>modum</strong></span> <span class='ocrx_word' id='word_1_49' title='bbox 1027 634 1219 676; x_wconf 81' lang='lat' dir='ltr'><strong>antiquitus</strong></span> <span class='ocrx_word' id='word_1_50' title='bbox 1245 634 1460 666; x_wconf 80' lang='lat' dir='ltr'><strong>observatum</strong></span> <span class='ocrx_word' id='word_1_51' title='bbox 1480 645 1488 673; x_wconf 94' lang='lat'>;</span> <span class='ocrx_word' id='word_1_52' title='bbox 1514 645 1576 666; x_wconf 90' lang='lat' dir='ltr'><strong>nec</strong></span> <span class='ocrx_word' id='word_1_53' title='bbox 1601 635 1720 666; x_wconf 90' lang='lat' dir='ltr'><strong>eodem</strong></span> 
     </span>
     <span class='ocr_line' id='line_1_10' title="bbox 338 677 1720 722; baseline 0 -12"><span class='ocrx_word' id='word_1_54' title='bbox 338 679 433 720; x_wconf 79' lang='lat' dir='ltr'><strong>signo</strong></span> <span class='ocrx_word' id='word_1_55' title='bbox 448 681 562 711; x_wconf 86' lang='lat' dir='ltr'><strong>vestro</strong></span> <span class='ocrx_word' id='word_1_56' title='bbox 579 689 728 719; x_wconf 86' lang='lat' dir='ltr'><strong>unquam</strong></span> <span class='ocrx_word' id='word_1_57' title='bbox 745 678 872 719; x_wconf 85' lang='lat' dir='ltr'><strong>aliquid</strong></span> <span class='ocrx_word' id='word_1_58' title='bbox 888 678 1068 722; x_wconf 55' lang='lat' dir='ltr'><strong>sigilletur,</strong></span> <span class='ocrx_word' id='word_1_59' title='bbox 1085 678 1158 710; x_wconf 90' lang='lat' dir='ltr'><strong>sine</strong></span> <span class='ocrx_word' id='word_1_60' title='bbox 1174 677 1304 717; x_wconf 78' lang='lat' dir='ltr'><strong>vestris,</strong></span> <span class='ocrx_word' id='word_1_61' title='bbox 1328 681 1391 710; x_wconf 86' lang='lat' dir='ltr'><strong>aut</strong></span> <span class='ocrx_word' id='word_1_62' title='bbox 1413 681 1566 710; x_wconf 85' lang='lat' dir='ltr'><strong>vestrum</strong></span> <span class='ocrx_word' id='word_1_63' title='bbox 1583 678 1720 720; x_wconf 84' lang='lat' dir='ltr'><strong>majoris</strong></span> 
     </span>
     <span class='ocr_line' id='line_1_11' title="bbox 337 721 1720 764; baseline 0 -10"><span class='ocrx_word' id='word_1_64' title='bbox 337 726 375 754; x_wconf 92' lang='lat' dir='ltr'><strong>et</strong></span> <span class='ocrx_word' id='word_1_65' title='bbox 397 723 536 754; x_wconf 90' lang='lat' dir='ltr'><strong>sanioris</strong></span> <span class='ocrx_word' id='word_1_66' title='bbox 559 722 667 764; x_wconf 84' lang='lat' dir='ltr'><strong>partis</strong></span> <span class='ocrx_word' id='word_1_67' title='bbox 683 722 843 763; x_wconf 79' lang='lat' dir='ltr'>Capituli,</span> <span class='ocrx_word' id='word_1_68' title='bbox 862 722 1034 763; x_wconf 80' lang='lat' dir='ltr'><strong>presencia</strong></span> <span class='ocrx_word' id='word_1_69' title='bbox 1055 725 1092 754; x_wconf 91' lang='lat' dir='ltr'><strong>et</strong></span> <span class='ocrx_word' id='word_1_70' title='bbox 1115 721 1436 760; x_wconf 87' lang='lat' dir='ltr'><strong>consensu.—Item,</strong></span> <span class='ocrx_word' id='word_1_71' title='bbox 1456 722 1661 763; x_wconf 80' lang='lat' dir='ltr'><strong>precipimus</strong></span> <span class='ocrx_word' id='word_1_72' title='bbox 1683 725 1720 754; x_wconf 91' lang='lat' dir='ltr'><strong>et</strong></span> 
     </span>
     <span class='ocr_line' id='line_1_12' title="bbox 338 765 1719 807; baseline -0.001 -9"><span class='ocrx_word' id='word_1_73' title='bbox 338 767 538 798; x_wconf 79' lang='lat' dir='ltr'><strong>mandamus</strong></span> <span class='ocrx_word' id='word_1_74' title='bbox 554 767 716 807; x_wconf 77' lang='lat' dir='ltr'><strong>quatinus</strong></span> <span class='ocrx_word' id='word_1_75' title='bbox 731 769 803 798; x_wconf 84' lang='lat' dir='ltr'><strong>tam</strong></span> <span class='ocrx_word' id='word_1_76' title='bbox 819 776 888 804; x_wconf 87' lang='lat' dir='ltr'><strong>vos,</strong></span> <span class='ocrx_word' id='word_1_77' title='bbox 904 765 1026 804; x_wconf 77' lang='lat' dir='ltr'><strong>Abbas,</strong></span> <span class='ocrx_word' id='word_1_78' title='bbox 1037 776 1141 806; x_wconf 86' lang='lat' dir='ltr'><strong>quam</strong></span> <span class='ocrx_word' id='word_1_79' title='bbox 1154 766 1321 806; x_wconf 86' lang='lat' dir='ltr'><strong>Receptor</strong></span> <span class='ocrx_word' id='word_1_80' title='bbox 1330 768 1365 796; x_wconf 91' lang='lat' dir='ltr'><strong>et</strong></span> <span class='ocrx_word' id='word_1_81' title='bbox 1377 765 1533 805; x_wconf 83' lang='lat' dir='ltr'><strong>Sacrista,</strong></span> <span class='ocrx_word' id='word_1_82' title='bbox 1546 766 1719 806; x_wconf 78' lang='lat' dir='ltr'><strong>Cellarius,</strong></span> 
     </span>
     <span class='ocr_line' id='line_1_13' title="bbox 337 808 1720 850; baseline -0.001 -8"><span class='ocrx_word' id='word_1_83' title='bbox 337 820 375 842; x_wconf 84' lang='lat' dir='ltr'><strong>ac</strong></span> <span class='ocrx_word' id='word_1_84' title='bbox 390 810 495 842; x_wconf 87' lang='lat' dir='ltr'><strong>ceteri</strong></span> <span class='ocrx_word' id='word_1_85' title='bbox 510 813 661 842; x_wconf 87' lang='lat' dir='ltr'><strong>vestrum</strong></span> <span class='ocrx_word' id='word_1_86' title='bbox 677 808 713 841; x_wconf 86' lang='lat' dir='ltr'><strong>in</strong></span> <span class='ocrx_word' id='word_1_87' title='bbox 730 809 854 841; x_wconf 90' lang='lat' dir='ltr'><strong>Officiis</strong></span> <span class='ocrx_word' id='word_1_88' title='bbox 869 809 1059 848; x_wconf 90' lang='lat' dir='ltr'><strong>constituti,</strong></span> <span class='ocrx_word' id='word_1_89' title='bbox 1075 812 1273 850; x_wconf 90' lang='lat' dir='ltr'><strong>compotum</strong></span> <span class='ocrx_word' id='word_1_90' title='bbox 1288 808 1331 840; x_wconf 91' lang='lat' dir='ltr'><strong>de</strong></span> <span class='ocrx_word' id='word_1_91' title='bbox 1345 808 1593 841; x_wconf 79' lang='lat' dir='ltr'><strong>administratis</strong></span> <span class='ocrx_word' id='word_1_92' title='bbox 1608 820 1720 841; x_wconf 86' lang='lat' dir='ltr'><strong>eoram</strong></span> 
     </span>
     <span class='ocr_line' id='line_1_14' title="bbox 339 852 1719 894; baseline 0 -9"><span class='ocrx_word' id='word_1_93' title='bbox 339 856 413 885; x_wconf 87' lang='lat' dir='ltr'><strong>toto</strong></span> <span class='ocrx_word' id='word_1_94' title='bbox 429 854 609 886; x_wconf 86' lang='lat' dir='ltr'><strong>Conventu</strong></span> <span class='ocrx_word' id='word_1_95' title='bbox 625 853 678 885; x_wconf 87' lang='lat' dir='ltr'><strong>vel</strong></span> <span class='ocrx_word' id='word_1_96' title='bbox 695 852 816 894; x_wconf 80' lang='lat' dir='ltr'><strong>majori</strong></span> <span class='ocrx_word' id='word_1_97' title='bbox 831 855 936 894; x_wconf 71' lang='lat' dir='ltr'><strong>parte,</strong></span> <span class='ocrx_word' id='word_1_98' title='bbox 953 856 1014 884; x_wconf 81' lang='lat' dir='ltr'><strong>aut</strong></span> <span class='ocrx_word' id='word_1_99' title='bbox 1026 852 1230 893; x_wconf 78' lang='lat' dir='ltr'><strong>deputandis</strong></span> <span class='ocrx_word' id='word_1_100' title='bbox 1245 853 1288 883; x_wconf 86' lang='lat' dir='ltr'><strong>ab</strong></span> <span class='ocrx_word' id='word_1_101' title='bbox 1302 853 1429 890; x_wconf 86' lang='lat' dir='ltr'><strong>eodem,</strong></span> <span class='ocrx_word' id='word_1_102' title='bbox 1447 853 1598 885; x_wconf 85' lang='lat' dir='ltr'><strong>reddatis</strong></span> <span class='ocrx_word' id='word_1_103' title='bbox 1612 864 1719 885; x_wconf 90' lang='lat' dir='ltr'><strong>annu-</strong></span> 
     </span>
     <span class='ocr_line' id='line_1_15' title="bbox 336 896 1720 939; baseline -0.001 -11"><span class='ocrx_word' id='word_1_104' title='bbox 336 897 432 936; x_wconf 87' lang='lat' dir='ltr'><strong>atim,</strong></span> <span class='ocrx_word' id='word_1_105' title='bbox 447 897 548 939; x_wconf 79' lang='lat' dir='ltr'><strong>juxta</strong></span> <span class='ocrx_word' id='word_1_106' title='bbox 563 897 700 929; x_wconf 88' lang='lat' dir='ltr'><strong>Ordinis</strong></span> <span class='ocrx_word' id='word_1_107' title='bbox 722 897 828 928; x_wconf 81' lang='lat' dir='ltr'><strong>vestri</strong></span> <span class='ocrx_word' id='word_1_108' title='bbox 850 897 992 928; x_wconf 78' lang='lat' dir='ltr'><strong>Statuta</strong></span> <span class='ocrx_word' id='word_1_109' title='bbox 1014 899 1050 928; x_wconf 89' lang='lat' dir='ltr'><strong>et</strong></span> <span class='ocrx_word' id='word_1_110' title='bbox 1066 896 1307 928; x_wconf 76' lang='lat' dir='ltr'><strong>Observancias</strong></span> <span class='ocrx_word' id='word_1_111' title='bbox 1328 896 1520 937; x_wconf 84' lang='lat' dir='ltr'><strong>Regulares.</strong></span> <span class='ocrx_word' id='word_1_112' title='bbox 1568 897 1614 928; x_wconf 86' lang='lat' dir='ltr'><strong>Et</strong></span> <span class='ocrx_word' id='word_1_113' title='bbox 1628 897 1720 938; x_wconf 91' lang='lat' dir='ltr'><strong>quod</strong></span> 
     </span>
     <span class='ocr_line' id='line_1_16' title="bbox 337 939 1720 982; baseline 0 -10"><span class='ocrx_word' id='word_1_114' title='bbox 337 951 398 982; x_wconf 90' lang='lat' dir='ltr'><strong>per</strong></span> <span class='ocrx_word' id='word_1_115' title='bbox 412 951 471 972; x_wconf 87' lang='lat' dir='ltr'><strong>vos</strong></span> <span class='ocrx_word' id='word_1_116' title='bbox 485 941 641 982; x_wconf 86' lang='lat' dir='ltr'><strong>superius</strong></span> <span class='ocrx_word' id='word_1_117' title='bbox 656 940 848 972; x_wconf 89' lang='lat' dir='ltr'><strong>nominatos</strong></span> <span class='ocrx_word' id='word_1_118' title='bbox 863 940 906 971; x_wconf 92' lang='lat' dir='ltr'><strong>de</strong></span> <span class='ocrx_word' id='word_1_119' title='bbox 920 939 1077 977; x_wconf 83' lang='lat' dir='ltr'><strong>omnibus</strong></span> <span class='ocrx_word' id='word_1_120' title='bbox 1099 939 1195 971; x_wconf 89' lang='lat' dir='ltr'><strong>bonis</strong></span> <span class='ocrx_word' id='word_1_121' title='bbox 1217 939 1302 971; x_wconf 88' lang='lat' dir='ltr'><strong>dicti</strong></span> <span class='ocrx_word' id='word_1_122' title='bbox 1323 939 1527 979; x_wconf 80' lang='lat' dir='ltr'><strong>Monasterii,</strong></span> <span class='ocrx_word' id='word_1_123' title='bbox 1544 943 1615 972; x_wconf 89' lang='lat' dir='ltr'><strong>tam</strong></span> <span class='ocrx_word' id='word_1_124' title='bbox 1630 941 1720 972; x_wconf 88' lang='lat' dir='ltr'><strong>infra</strong></span> 
     </span>
     <span class='ocr_line' id='line_1_17' title="bbox 337 983 1720 1026; baseline 0 -10"><span class='ocrx_word' id='word_1_125' title='bbox 337 995 440 1025; x_wconf 83' lang='lat' dir='ltr'><strong>quam</strong></span> <span class='ocrx_word' id='word_1_126' title='bbox 455 989 562 1024; x_wconf 88' lang='lat' dir='ltr'><strong>extra,</strong></span> <span class='ocrx_word' id='word_1_127' title='bbox 578 984 676 1016; x_wconf 84' lang='lat' dir='ltr'><strong>fidele</strong></span> <span class='ocrx_word' id='word_1_128' title='bbox 699 983 934 1016; x_wconf 87' lang='lat' dir='ltr'><strong>Inventarium</strong></span> <span class='ocrx_word' id='word_1_129' title='bbox 955 983 1174 1024; x_wconf 80' lang='lat' dir='ltr'><strong>concipiatur,</strong></span> <span class='ocrx_word' id='word_1_130' title='bbox 1189 993 1228 1014; x_wconf 88' lang='lat' dir='ltr'><strong>ac</strong></span> <span class='ocrx_word' id='word_1_131' title='bbox 1250 983 1314 1014; x_wconf 89' lang='lat' dir='ltr'><strong>sub</strong></span> <span class='ocrx_word' id='word_1_132' title='bbox 1329 983 1420 1014; x_wconf 85' lang='lat' dir='ltr'><strong>salva</strong></span> <span class='ocrx_word' id='word_1_133' title='bbox 1435 984 1589 1015; x_wconf 88' lang='lat' dir='ltr'><strong>custodia</strong></span> <span class='ocrx_word' id='word_1_134' title='bbox 1603 989 1720 1026; x_wconf 88' lang='lat' dir='ltr'><strong>postea</strong></span> 
     </span>
     <span class='ocr_line' id='line_1_18' title="bbox 335 1026 1719 1068; baseline 0.001 -9"><span class='ocrx_word' id='word_1_135' title='bbox 335 1028 534 1060; x_wconf 82' lang='lat' dir='ltr'><strong>dimittatur</strong></span> <span class='ocrx_word' id='word_1_136' title='bbox 552 1038 561 1067; x_wconf 88' lang='lat'>;</span> <span class='ocrx_word' id='word_1_137' title='bbox 585 1031 625 1060; x_wconf 89' lang='lat' dir='ltr'><strong>ut</strong></span> <span class='ocrx_word' id='word_1_138' title='bbox 647 1028 690 1059; x_wconf 90' lang='lat' dir='ltr'><strong>de</strong></span> <span class='ocrx_word' id='word_1_139' title='bbox 711 1030 807 1059; x_wconf 87' lang='lat' dir='ltr'><strong>statu</strong></span> <span class='ocrx_word' id='word_1_140' title='bbox 823 1027 1020 1059; x_wconf 86' lang='lat' dir='ltr'><strong>Monasterii</strong></span> <span class='ocrx_word' id='word_1_141' title='bbox 1041 1026 1206 1059; x_wconf 81' lang='lat' dir='ltr'><strong>antedicti</strong></span> <span class='ocrx_word' id='word_1_142' title='bbox 1228 1027 1439 1068; x_wconf 87' lang='lat' dir='ltr'><strong>temporibus</strong></span> <span class='ocrx_word' id='word_1_143' title='bbox 1453 1027 1582 1059; x_wconf 80' lang='lat' dir='ltr'><strong>futuris</strong></span> <span class='ocrx_word' id='word_1_144' title='bbox 1596 1028 1719 1060; x_wconf 86' lang='lat' dir='ltr'><strong>clarius</strong></span> 
     </span>
     <span class='ocr_line' id='line_1_19' title="bbox 336 1070 1717 1113; baseline 0 -10"><span class='ocrx_word' id='word_1_145' title='bbox 336 1072 464 1113; x_wconf 86' lang='lat' dir='ltr'><strong>poterit</strong></span> <span class='ocrx_word' id='word_1_146' title='bbox 477 1071 795 1113; x_wconf 61' lang='lat' dir='ltr'><strong>apparere—Item,</strong></span> <span class='ocrx_word' id='word_1_147' title='bbox 811 1071 1006 1102; x_wconf 85' lang='lat' dir='ltr'><strong>ordinamus</strong></span> <span class='ocrx_word' id='word_1_148' title='bbox 1021 1070 1112 1112; x_wconf 90' lang='lat' dir='ltr'><strong>quod</strong></span> <span class='ocrx_word' id='word_1_149' title='bbox 1128 1070 1308 1102; x_wconf 86' lang='lat' dir='ltr'><strong>elemosine</strong></span> <span class='ocrx_word' id='word_1_150' title='bbox 1325 1070 1440 1102; x_wconf 83' lang='lat' dir='ltr'><strong>debite</strong></span> <span class='ocrx_word' id='word_1_151' title='bbox 1455 1075 1491 1103; x_wconf 91' lang='lat' dir='ltr'><strong>et</strong></span> <span class='ocrx_word' id='word_1_152' title='bbox 1506 1075 1667 1103; x_wconf 89' lang='lat' dir='ltr'><strong>consuete</strong></span> <span class='ocrx_word' id='word_1_153' title='bbox 1682 1072 1717 1103; x_wconf 92' lang='lat' dir='ltr'><strong>in</strong></span> 
     </span>
     <span class='ocr_line' id='line_1_20' title="bbox 335 1114 1719 1157; baseline 0 -10"><span class='ocrx_word' id='word_1_154' title='bbox 335 1115 409 1156; x_wconf 86' lang='lat' dir='ltr'><strong>ipso</strong></span> <span class='ocrx_word' id='word_1_155' title='bbox 426 1115 638 1155; x_wconf 79' lang='lat' dir='ltr'><strong>Monasterio,</strong></span> <span class='ocrx_word' id='word_1_156' title='bbox 654 1115 726 1146; x_wconf 90' lang='lat' dir='ltr'><strong>sine</strong></span> <span class='ocrx_word' id='word_1_157' title='bbox 741 1114 968 1146; x_wconf 84' lang='lat' dir='ltr'><strong>diminucione</strong></span> <span class='ocrx_word' id='word_1_158' title='bbox 983 1114 1105 1155; x_wconf 82' lang='lat' dir='ltr'><strong>aliqua,</strong></span> <span class='ocrx_word' id='word_1_159' title='bbox 1124 1114 1166 1145; x_wconf 89' lang='lat' dir='ltr'><strong>de</strong></span> <span class='ocrx_word' id='word_1_160' title='bbox 1182 1116 1293 1146; x_wconf 83' lang='lat' dir='ltr'><strong>cetero</strong></span> <span class='ocrx_word' id='word_1_161' title='bbox 1315 1117 1508 1155; x_wconf 79' lang='lat' dir='ltr'><strong>erogentur,</strong></span> <span class='ocrx_word' id='word_1_162' title='bbox 1525 1115 1719 1157; x_wconf 86' lang='lat' dir='ltr'><strong>infirmique</strong></span> 
     </span>
     <span class='ocr_line' id='line_1_21' title="bbox 336 1158 1718 1199; baseline 0.001 -9"><span class='ocrx_word' id='word_1_163' title='bbox 336 1162 373 1191; x_wconf 87' lang='lat' dir='ltr'><strong>et</strong></span> <span class='ocrx_word' id='word_1_164' title='bbox 387 1158 564 1190; x_wconf 86' lang='lat' dir='ltr'><strong>debiliores</strong></span> <span class='ocrx_word' id='word_1_165' title='bbox 579 1159 691 1199; x_wconf 82' lang='lat' dir='ltr'><strong>sepius</strong></span> <span class='ocrx_word' id='word_1_166' title='bbox 713 1158 898 1190; x_wconf 86' lang='lat' dir='ltr'><strong>visitentur</strong></span> <span class='ocrx_word' id='word_1_167' title='bbox 911 1161 948 1190; x_wconf 91' lang='lat' dir='ltr'><strong>et</strong></span> <span class='ocrx_word' id='word_1_168' title='bbox 969 1158 1125 1198; x_wconf 86' lang='lat' dir='ltr'><strong>congruis</strong></span> <span class='ocrx_word' id='word_1_169' title='bbox 1141 1158 1313 1189; x_wconf 81' lang='lat' dir='ltr'><strong>medicinis</strong></span> <span class='ocrx_word' id='word_1_170' title='bbox 1329 1161 1364 1189; x_wconf 90' lang='lat' dir='ltr'><strong>et</strong></span> <span class='ocrx_word' id='word_1_171' title='bbox 1379 1158 1512 1190; x_wconf 86' lang='lat' dir='ltr'><strong>cibariis</strong></span> <span class='ocrx_word' id='word_1_172' title='bbox 1526 1159 1718 1191; x_wconf 79' lang='lat' dir='ltr'><strong>salubribus</strong></span> 
     </span>
     <span class='ocr_line' id='line_1_22' title="bbox 338 1201 1716 1244; baseline 0 -10"><span class='ocrx_word' id='word_1_173' title='bbox 338 1203 717 1244; x_wconf 84' lang='lat' dir='ltr'><strong>procurentur.—Item,</strong></span> <span class='ocrx_word' id='word_1_174' title='bbox 733 1202 937 1243; x_wconf 84' lang='lat' dir='ltr'><strong>precipimus</strong></span> <span class='ocrx_word' id='word_1_175' title='bbox 960 1201 1061 1243; x_wconf 90' lang='lat' dir='ltr'><strong>quod,</strong></span> <span class='ocrx_word' id='word_1_176' title='bbox 1077 1201 1120 1233; x_wconf 92' lang='lat' dir='ltr'><strong>de</strong></span> <span class='ocrx_word' id='word_1_177' title='bbox 1142 1205 1264 1241; x_wconf 89' lang='lat' dir='ltr'><strong>cetero,</strong></span> <span class='ocrx_word' id='word_1_178' title='bbox 1287 1201 1429 1242; x_wconf 88' lang='lat' dir='ltr'><strong>juvenes</strong></span> <span class='ocrx_word' id='word_1_179' title='bbox 1451 1205 1487 1234; x_wconf 89' lang='lat' dir='ltr'><strong>et</strong></span> <span class='ocrx_word' id='word_1_180' title='bbox 1506 1203 1626 1234; x_wconf 84' lang='lat' dir='ltr'><strong>novicii</strong></span> <span class='ocrx_word' id='word_1_181' title='bbox 1649 1213 1716 1234; x_wconf 91' lang='lat' dir='ltr'><strong>non</strong></span> 
     </span>
     <span class='ocr_line' id='line_1_23' title="bbox 336 1245 1716 1286; baseline 0.001 -9"><span class='ocrx_word' id='word_1_182' title='bbox 336 1246 567 1278; x_wconf 79' lang='lat' dir='ltr'><strong>admittantur</strong></span> <span class='ocrx_word' id='word_1_183' title='bbox 591 1246 635 1277; x_wconf 89' lang='lat' dir='ltr'><strong>ad</strong></span> <span class='ocrx_word' id='word_1_184' title='bbox 660 1245 797 1286; x_wconf 80' lang='lat' dir='ltr'><strong>aliquod</strong></span> <span class='ocrx_word' id='word_1_185' title='bbox 828 1245 982 1277; x_wconf 87' lang='lat' dir='ltr'><strong>Officium</strong></span> <span class='ocrx_word' id='word_1_186' title='bbox 1014 1245 1242 1286; x_wconf 87' lang='lat' dir='ltr'><strong>Regularium,</strong></span> <span class='ocrx_word' id='word_1_187' title='bbox 1270 1245 1360 1276; x_wconf 85' lang='lat' dir='ltr'><strong>infra</strong></span> <span class='ocrx_word' id='word_1_188' title='bbox 1383 1245 1436 1277; x_wconf 91' lang='lat' dir='ltr'><strong>vel</strong></span> <span class='ocrx_word' id='word_1_189' title='bbox 1461 1250 1559 1277; x_wconf 79' lang='lat' dir='ltr'><strong>extra</strong></span> <span class='ocrx_word' id='word_1_190' title='bbox 1587 1247 1716 1278; x_wconf 79' lang='lat' dir='ltr'><strong>Monas-</strong></span> 
     </span>
     <span class='ocr_line' id='line_1_24' title="bbox 338 1288 1718 1331; baseline 0.001 -10"><span class='ocrx_word' id='word_1_191' title='bbox 338 1290 474 1328; x_wconf 88' lang='lat' dir='ltr'><strong>terium,</strong></span> <span class='ocrx_word' id='word_1_192' title='bbox 484 1299 660 1331; x_wconf 87' lang='lat' dir='ltr'><strong>quousque</strong></span> <span class='ocrx_word' id='word_1_193' title='bbox 672 1289 850 1320; x_wconf 85' lang='lat' dir='ltr'><strong>servicium</strong></span> <span class='ocrx_word' id='word_1_194' title='bbox 861 1288 1073 1320; x_wconf 81' lang='lat' dir='ltr'><strong>reddiderint</strong></span> <span class='ocrx_word' id='word_1_195' title='bbox 1084 1289 1117 1319; x_wconf 87' lang='lat' dir='ltr'><strong>in</strong></span> <span class='ocrx_word' id='word_1_196' title='bbox 1131 1288 1258 1320; x_wconf 88' lang='lat' dir='ltr'><strong>Ordine</strong></span> <span class='ocrx_word' id='word_1_197' title='bbox 1271 1292 1488 1327; x_wconf 82' lang='lat' dir='ltr'><strong>consuetum3</strong></span> <span class='ocrx_word' id='word_1_198' title='bbox 1504 1294 1558 1321; x_wconf 86' lang='lat' dir='ltr'><strong>set</strong></span> <span class='ocrx_word' id='word_1_199' title='bbox 1569 1290 1718 1322; x_wconf 83' lang='lat' dir='ltr'><strong>habeant</strong></span> 
     </span>
     <span class='ocr_line' id='line_1_25' title="bbox 337 1332 1718 1374; baseline 0 -9"><span class='ocrx_word' id='word_1_200' title='bbox 337 1343 415 1365; x_wconf 90' lang='lat' dir='ltr'><strong>suos</strong></span> <span class='ocrx_word' id='word_1_201' title='bbox 433 1333 619 1374; x_wconf 81' lang='lat' dir='ltr'><strong>Magistros,</strong></span> <span class='ocrx_word' id='word_1_202' title='bbox 636 1333 689 1364; x_wconf 94' lang='lat' dir='ltr'><strong>vel</strong></span> <span class='ocrx_word' id='word_1_203' title='bbox 710 1333 832 1364; x_wconf 84' lang='lat' dir='ltr'><strong>saltem</strong></span> <span class='ocrx_word' id='word_1_204' title='bbox 855 1342 973 1372; x_wconf 88' lang='lat' dir='ltr'><strong>unum,</strong></span> <span class='ocrx_word' id='word_1_205' title='bbox 996 1332 1039 1363; x_wconf 88' lang='lat' dir='ltr'><strong>ad</strong></span> <span class='ocrx_word' id='word_1_206' title='bbox 1062 1332 1136 1363; x_wconf 90' lang='lat' dir='ltr'><strong>illos</strong></span> <span class='ocrx_word' id='word_1_207' title='bbox 1157 1332 1407 1372; x_wconf 89' lang='lat' dir='ltr'><strong>instruendum,</strong></span> <span class='ocrx_word' id='word_1_208' title='bbox 1424 1333 1546 1365; x_wconf 82' lang='lat' dir='ltr'><strong>tamin</strong></span> <span class='ocrx_word' id='word_1_209' title='bbox 1562 1334 1718 1366; x_wconf 89' lang='lat' dir='ltr'><strong>Serviciis</strong></span> 
     </span>
     <span class='ocr_line' id='line_1_26' title="bbox 338 1375 1718 1418; baseline 0.001 -10"><span class='ocrx_word' id='word_1_210' title='bbox 338 1376 468 1408; x_wconf 73' lang='lat' dir='ltr'><strong>Divinis</strong></span> <span class='ocrx_word' id='word_1_211' title='bbox 483 1387 586 1418; x_wconf 80' lang='lat' dir='ltr'><strong>quam</strong></span> <span class='ocrx_word' id='word_1_212' title='bbox 602 1376 638 1408; x_wconf 91' lang='lat' dir='ltr'><strong>in</strong></span> <span class='ocrx_word' id='word_1_213' title='bbox 654 1376 876 1417; x_wconf 84' lang='lat' dir='ltr'><strong>Regularibus</strong></span> <span class='ocrx_word' id='word_1_214' title='bbox 892 1375 1094 1416; x_wconf 84' lang='lat' dir='ltr'><strong>Disciplinis.</strong></span> <span class='ocrx_word' id='word_1_215' title='bbox 1143 1377 1187 1407; x_wconf 80' lang='lat' dir='ltr'><strong>Et</strong></span> <span class='ocrx_word' id='word_1_216' title='bbox 1203 1376 1294 1416; x_wconf 91' lang='lat' dir='ltr'><strong>quod</strong></span> <span class='ocrx_word' id='word_1_217' title='bbox 1309 1376 1409 1415; x_wconf 89' lang='lat' dir='ltr'><strong>idem,</strong></span> <span class='ocrx_word' id='word_1_218' title='bbox 1425 1387 1464 1407; x_wconf 90' lang='lat' dir='ltr'><strong>ac</strong></span> <span class='ocrx_word' id='word_1_219' title='bbox 1479 1387 1594 1408; x_wconf 86' lang='lat' dir='ltr'><strong>omnes</strong></span> <span class='ocrx_word' id='word_1_220' title='bbox 1609 1377 1666 1408; x_wconf 86' lang='lat' dir='ltr'><strong>alii</strong></span> <span class='ocrx_word' id='word_1_221' title='bbox 1681 1381 1718 1409; x_wconf 89' lang='lat' dir='ltr'><strong>et</strong></span> 
     </span>
     <span class='ocr_line' id='line_1_27' title="bbox 335 1419 1718 1461; baseline 0.001 -10"><span class='ocrx_word' id='word_1_222' title='bbox 335 1420 460 1461; x_wconf 88' lang='lat' dir='ltr'><strong>singuli</strong></span> <span class='ocrx_word' id='word_1_223' title='bbox 477 1420 631 1452; x_wconf 82' lang='lat' dir='ltr'><strong>Monachi</strong></span> <span class='ocrx_word' id='word_1_224' title='bbox 647 1419 841 1451; x_wconf 84' lang='lat' dir='ltr'><strong>Monasterii</strong></span> <span class='ocrx_word' id='word_1_225' title='bbox 855 1419 1052 1460; x_wconf 83' lang='lat' dir='ltr'><strong>supradicti,</strong></span> <span class='ocrx_word' id='word_1_226' title='bbox 1069 1429 1088 1450; x_wconf 89' lang='lat' dir='ltr'><strong>a</strong></span> <span class='ocrx_word' id='word_1_227' title='bbox 1103 1419 1263 1451; x_wconf 89' lang='lat' dir='ltr'><strong>conviviis</strong></span> <span class='ocrx_word' id='word_1_228' title='bbox 1285 1419 1428 1460; x_wconf 88' lang='lat' dir='ltr'><strong>publicis</strong></span> <span class='ocrx_word' id='word_1_229' title='bbox 1450 1423 1486 1452; x_wconf 90' lang='lat' dir='ltr'><strong>et</strong></span> <span class='ocrx_word' id='word_1_230' title='bbox 1509 1421 1660 1461; x_wconf 78' lang='lat' dir='ltr'><strong>privatis,</strong></span> <span class='ocrx_word' id='word_1_231' title='bbox 1678 1431 1718 1453; x_wconf 86' lang='lat' dir='ltr'><strong>ac</strong></span> 
     </span>
     <span class='ocr_line' id='line_1_28' title="bbox 337 1462 1715 1505; baseline 0.001 -11"><span class='ocrx_word' id='word_1_232' title='bbox 337 1463 579 1505; x_wconf 81' lang='lat' dir='ltr'><strong>potacionibus,</strong></span> <span class='ocrx_word' id='word_1_233' title='bbox 595 1463 804 1504; x_wconf 84' lang='lat' dir='ltr'><strong>temporibus</strong></span> <span class='ocrx_word' id='word_1_234' title='bbox 820 1466 856 1495; x_wconf 90' lang='lat' dir='ltr'><strong>et</strong></span> <span class='ocrx_word' id='word_1_235' title='bbox 877 1463 958 1494; x_wconf 86' lang='lat' dir='ltr'><strong>locis</strong></span> <span class='ocrx_word' id='word_1_236' title='bbox 979 1462 1149 1502; x_wconf 89' lang='lat' dir='ltr'><strong>indebitis,</strong></span> <span class='ocrx_word' id='word_1_237' title='bbox 1166 1463 1324 1504; x_wconf 88' lang='lat' dir='ltr'><strong>precipue</strong></span> <span class='ocrx_word' id='word_1_238' title='bbox 1344 1466 1422 1504; x_wconf 89' lang='lat' dir='ltr'><strong>post</strong></span> <span class='ocrx_word' id='word_1_239' title='bbox 1437 1464 1715 1505; x_wconf 86' lang='lat' dir='ltr'><strong>Completorium,</strong></span> 
     </span>
     <span class='ocr_line' id='line_1_29' title="bbox 336 1506 1715 1546; baseline 0.001 -7"><span class='ocrx_word' id='word_1_240' title='bbox 336 1517 372 1539; x_wconf 90' lang='lat' dir='ltr'><strong>se</strong></span> <span class='ocrx_word' id='word_1_241' title='bbox 397 1507 601 1546; x_wconf 83' lang='lat' dir='ltr'><strong>abstineant,</strong></span> <span class='ocrx_word' id='word_1_242' title='bbox 625 1510 667 1539; x_wconf 90' lang='lat' dir='ltr'><strong>ut</strong></span> <span class='ocrx_word' id='word_1_243' title='bbox 689 1509 877 1545; x_wconf 56' lang='lat' dir='ltr'><strong>tenentum</strong></span> <span class='ocrx_word' id='word_1_244' title='bbox 903 1509 940 1537; x_wconf 93' lang='lat' dir='ltr'><strong>et</strong></span> <span class='ocrx_word' id='word_1_245' title='bbox 960 1517 1029 1538; x_wconf 88' lang='lat' dir='ltr'><strong>non</strong></span> <span class='ocrx_word' id='word_1_246' title='bbox 1051 1506 1203 1538; x_wconf 84' lang='lat' dir='ltr'><strong>revelent</strong></span> <span class='ocrx_word' id='word_1_247' title='bbox 1225 1507 1395 1538; x_wconf 82' lang='lat' dir='ltr'><strong>extraneis</strong></span> <span class='ocrx_word' id='word_1_248' title='bbox 1416 1510 1548 1539; x_wconf 84' lang='lat' dir='ltr'><strong>statum</strong></span> <span class='ocrx_word' id='word_1_249' title='bbox 1563 1518 1624 1540; x_wconf 89' lang='lat' dir='ltr'><strong>nec</strong></span> <span class='ocrx_word' id='word_1_250' title='bbox 1639 1519 1715 1540; x_wconf 90' lang='lat' dir='ltr'><strong>con-</strong></span> 
     </span>
     <span class='ocr_line' id='line_1_30' title="bbox 335 1549 1714 1591; baseline 0.001 -9"><span class='ocrx_word' id='word_1_251' title='bbox 335 1550 449 1582; x_wconf 87' lang='lat' dir='ltr'><strong>silium</strong></span> <span class='ocrx_word' id='word_1_252' title='bbox 466 1551 594 1582; x_wconf 88' lang='lat' dir='ltr'><strong>Domus</strong></span> <span class='ocrx_word' id='word_1_253' title='bbox 611 1561 619 1588; x_wconf 92' lang='lat'>;</span> <span class='ocrx_word' id='word_1_254' title='bbox 642 1561 703 1582; x_wconf 88' lang='lat' dir='ltr'><strong>nec</strong></span> <span class='ocrx_word' id='word_1_255' title='bbox 718 1550 861 1582; x_wconf 82' lang='lat' dir='ltr'><strong>mittant</strong></span> <span class='ocrx_word' id='word_1_256' title='bbox 882 1549 1010 1589; x_wconf 83' lang='lat' dir='ltr'><strong>literas,</strong></span> <span class='ocrx_word' id='word_1_257' title='bbox 1028 1553 1069 1582; x_wconf 92' lang='lat' dir='ltr'><strong>ut</strong></span> <span class='ocrx_word' id='word_1_258' title='bbox 1091 1550 1254 1589; x_wconf 79' lang='lat' dir='ltr'><strong>solebant,</strong></span> <span class='ocrx_word' id='word_1_259' title='bbox 1278 1550 1350 1582; x_wconf 88' lang='lat' dir='ltr'><strong>sine</strong></span> <span class='ocrx_word' id='word_1_260' title='bbox 1371 1561 1545 1590; x_wconf 89' lang='lat' dir='ltr'><strong>consensu,</strong></span> <span class='ocrx_word' id='word_1_261' title='bbox 1564 1552 1714 1591; x_wconf 83' lang='lat' dir='ltr'><strong>sciencia,</strong></span> 
     </span>
     <span class='ocr_line' id='line_1_31' title="bbox 334 1593 1715 1637; baseline 0.001 -11"><span class='ocrx_word' id='word_1_262' title='bbox 334 1597 371 1626; x_wconf 92' lang='lat' dir='ltr'><strong>et</strong></span> <span class='ocrx_word' id='word_1_263' title='bbox 385 1594 564 1626; x_wconf 85' lang='lat' dir='ltr'><strong>voluntate</strong></span> <span class='ocrx_word' id='word_1_264' title='bbox 579 1594 722 1625; x_wconf 85' lang='lat' dir='ltr'><strong>Abbatis</strong></span> <span class='ocrx_word' id='word_1_265' title='bbox 733 1594 786 1625; x_wconf 84' lang='lat' dir='ltr'><strong>vel</strong></span> <span class='ocrx_word' id='word_1_266' title='bbox 799 1593 932 1625; x_wconf 88' lang='lat' dir='ltr'><strong>Prioris.</strong></span> <span class='ocrx_word' id='word_1_267' title='bbox 962 1594 1008 1625; x_wconf 91' lang='lat' dir='ltr'><strong>Et</strong></span> <span class='ocrx_word' id='word_1_268' title='bbox 1019 1593 1111 1634; x_wconf 87' lang='lat' dir='ltr'><strong>quod</strong></span> <span class='ocrx_word' id='word_1_269' title='bbox 1122 1604 1232 1625; x_wconf 85' lang='lat' dir='ltr'><strong>eoram</strong></span> <span class='ocrx_word' id='word_1_270' title='bbox 1245 1594 1411 1634; x_wconf 86' lang='lat' dir='ltr'><strong>omnibus,</strong></span> <span class='ocrx_word' id='word_1_271' title='bbox 1424 1595 1543 1626; x_wconf 77' lang='lat' dir='ltr'><strong>tamin</strong></span> <span class='ocrx_word' id='word_1_272' title='bbox 1557 1596 1715 1637; x_wconf 77' lang='lat' dir='ltr'><strong>capitulo</strong></span> 
     </span>
     <span class='ocr_line' id='line_1_32' title="bbox 335 1637 1714 1679; baseline 0.001 -9"><span class='ocrx_word' id='word_1_273' title='bbox 335 1648 439 1679; x_wconf 88' lang='lat' dir='ltr'><strong>quam</strong></span> <span class='ocrx_word' id='word_1_274' title='bbox 453 1638 543 1677; x_wconf 88' lang='lat' dir='ltr'><strong>alibi,</strong></span> <span class='ocrx_word' id='word_1_275' title='bbox 559 1637 672 1679; x_wconf 87' lang='lat' dir='ltr'><strong>sepius</strong></span> <span class='ocrx_word' id='word_1_276' title='bbox 686 1637 844 1678; x_wconf 87' lang='lat' dir='ltr'><strong>legantur</strong></span> <span class='ocrx_word' id='word_1_277' title='bbox 861 1637 989 1678; x_wconf 83' lang='lat' dir='ltr'><strong>Regula</strong></span> <span class='ocrx_word' id='word_1_278' title='bbox 1003 1637 1120 1669; x_wconf 87' lang='lat' dir='ltr'><strong>Sancti</strong></span> <span class='ocrx_word' id='word_1_279' title='bbox 1135 1637 1312 1669; x_wconf 89' lang='lat' dir='ltr'><strong>Benedicti</strong></span> <span class='ocrx_word' id='word_1_280' title='bbox 1331 1640 1367 1669; x_wconf 92' lang='lat' dir='ltr'><strong>et</strong></span> <span class='ocrx_word' id='word_1_281' title='bbox 1384 1638 1656 1671; x_wconf 76' lang='lat' dir='ltr'><strong>constituciones</strong></span> <span class='ocrx_word' id='word_1_282' title='bbox 1671 1640 1714 1671; x_wconf 73' lang='lat' dir='ltr'><strong>ad</strong></span> 
     </span>
     <span class='ocr_line' id='line_1_33' title="bbox 336 1681 1715 1724; baseline 0.001 -11"><span class='ocrx_word' id='word_1_283' title='bbox 336 1681 400 1713; x_wconf 89' lang='lat' dir='ltr'><strong>hoc</strong></span> <span class='ocrx_word' id='word_1_284' title='bbox 414 1682 588 1722; x_wconf 83' lang='lat' dir='ltr'><strong>deputate,</strong></span> <span class='ocrx_word' id='word_1_285' title='bbox 604 1682 668 1712; x_wconf 91' lang='lat' dir='ltr'><strong>sub</strong></span> <span class='ocrx_word' id='word_1_286' title='bbox 683 1681 778 1722; x_wconf 87' lang='lat' dir='ltr'><strong>penis</strong></span> <span class='ocrx_word' id='word_1_287' title='bbox 793 1681 948 1722; x_wconf 89' lang='lat' dir='ltr'><strong>superius</strong></span> <span class='ocrx_word' id='word_1_288' title='bbox 970 1681 1281 1719; x_wconf 67' lang='lat' dir='ltr'><strong>limitans-Item,</strong></span> <span class='ocrx_word' id='word_1_289' title='bbox 1298 1681 1493 1714; x_wconf 84' lang='lat' dir='ltr'><strong>ordinamus</strong></span> <span class='ocrx_word' id='word_1_290' title='bbox 1511 1683 1603 1724; x_wconf 94' lang='lat' dir='ltr'><strong>quod</strong></span> <span class='ocrx_word' id='word_1_291' title='bbox 1619 1683 1715 1715; x_wconf 85' lang='lat' dir='ltr'><strong>Prior</strong></span> 
     </span>
     <span class='ocr_line' id='line_1_34' title="bbox 334 1724 1714 1764; baseline 0.001 -7"><span class='ocrx_word' id='word_1_292' title='bbox 334 1725 465 1757; x_wconf 87' lang='lat' dir='ltr'><strong>Domus</strong></span> <span class='ocrx_word' id='word_1_293' title='bbox 487 1725 647 1756; x_wconf 84' lang='lat' dir='ltr'><strong>Misteriis</strong></span> <span class='ocrx_word' id='word_1_294' title='bbox 671 1724 810 1764; x_wconf 88' lang='lat' dir='ltr'><strong>Divinis,</strong></span> <span class='ocrx_word' id='word_1_295' title='bbox 833 1735 872 1756; x_wconf 87' lang='lat' dir='ltr'><strong>ac</strong></span> <span class='ocrx_word' id='word_1_296' title='bbox 896 1724 1097 1763; x_wconf 89' lang='lat' dir='ltr'><strong>Conventui,</strong></span> <span class='ocrx_word' id='word_1_297' title='bbox 1121 1724 1240 1756; x_wconf 89' lang='lat' dir='ltr'><strong>diebus</strong></span> <span class='ocrx_word' id='word_1_298' title='bbox 1262 1735 1301 1756; x_wconf 82' lang='lat' dir='ltr'><strong>ac</strong></span> <span class='ocrx_word' id='word_1_299' title='bbox 1323 1725 1480 1757; x_wconf 89' lang='lat' dir='ltr'><strong>noctibus</strong></span> <span class='ocrx_word' id='word_1_300' title='bbox 1501 1726 1643 1758; x_wconf 86' lang='lat' dir='ltr'><strong>sollicite</strong></span> <span class='ocrx_word' id='word_1_301' title='bbox 1664 1727 1714 1759; x_wconf 90' lang='lat' dir='ltr'><strong>in-</strong></span> 
     </span>
     <span class='ocr_line' id='line_1_35' title="bbox 334 1768 1715 1809; baseline 0.001 -9"><span class='ocrx_word' id='word_1_302' title='bbox 334 1769 465 1806; x_wconf 77' lang='lat' dir='ltr'><strong>tendat,</strong></span> <span class='ocrx_word' id='word_1_303' title='bbox 484 1773 520 1800; x_wconf 88' lang='lat' dir='ltr'><strong>et</strong></span> <span class='ocrx_word' id='word_1_304' title='bbox 536 1779 602 1800; x_wconf 90' lang='lat' dir='ltr'><strong>non</strong></span> <span class='ocrx_word' id='word_1_305' title='bbox 619 1768 705 1800; x_wconf 81' lang='lat' dir='ltr'><strong>circa</strong></span> <span class='ocrx_word' id='word_1_306' title='bbox 719 1769 785 1799; x_wconf 88' lang='lat' dir='ltr'><strong>alia</strong></span> <span class='ocrx_word' id='word_1_307' title='bbox 799 1768 937 1809; x_wconf 86' lang='lat' dir='ltr'><strong>negocia</strong></span> <span class='ocrx_word' id='word_1_308' title='bbox 951 1768 1043 1800; x_wconf 87' lang='lat' dir='ltr'><strong>dicte</strong></span> <span class='ocrx_word' id='word_1_309' title='bbox 1062 1768 1190 1799; x_wconf 82' lang='lat' dir='ltr'><strong>Domus</strong></span> <span class='ocrx_word' id='word_1_310' title='bbox 1204 1778 1212 1806; x_wconf 79' lang='lat'><em>3</em></span> <span class='ocrx_word' id='word_1_311' title='bbox 1236 1771 1272 1800; x_wconf 89' lang='lat' dir='ltr'><strong>et</strong></span> <span class='ocrx_word' id='word_1_312' title='bbox 1295 1769 1397 1800; x_wconf 80' lang='lat' dir='ltr'><strong>faciat</strong></span> <span class='ocrx_word' id='word_1_313' title='bbox 1419 1769 1534 1800; x_wconf 89' lang='lat' dir='ltr'><strong>lumen</strong></span> <span class='ocrx_word' id='word_1_314' title='bbox 1558 1770 1600 1801; x_wconf 89' lang='lat' dir='ltr'><strong>de</strong></span> <span class='ocrx_word' id='word_1_315' title='bbox 1615 1774 1715 1802; x_wconf 89' lang='lat' dir='ltr'><strong>nocte</strong></span> 
     </span>
     <span class='ocr_line' id='line_1_36' title="bbox 334 1811 1715 1853; baseline 0.001 -9"><span class='ocrx_word' id='word_1_316' title='bbox 334 1812 369 1844; x_wconf 90' lang='lat' dir='ltr'><strong>in</strong></span> <span class='ocrx_word' id='word_1_317' title='bbox 392 1812 600 1844; x_wconf 89' lang='lat' dir='ltr'><strong>Dormitorio</strong></span> <span class='ocrx_word' id='word_1_318' title='bbox 623 1811 802 1853; x_wconf 81' lang='lat' dir='ltr'><strong>preparari.</strong></span> <span class='ocrx_word' id='word_1_319' title='bbox 851 1812 898 1843; x_wconf 87' lang='lat' dir='ltr'><strong>Et</strong></span> <span class='ocrx_word' id='word_1_320' title='bbox 920 1811 1010 1852; x_wconf 85' lang='lat' dir='ltr'><strong>qnod</strong></span> <span class='ocrx_word' id='word_1_321' title='bbox 1027 1811 1139 1843; x_wconf 89' lang='lat' dir='ltr'><strong>dictus</strong></span> <span class='ocrx_word' id='word_1_322' title='bbox 1154 1812 1278 1850; x_wconf 74' lang='lat' dir='ltr'><strong>Abbas,</strong></span> <span class='ocrx_word' id='word_1_323' title='bbox 1294 1822 1354 1844; x_wconf 88' lang='lat' dir='ltr'><strong>seu</strong></span> <span class='ocrx_word' id='word_1_324' title='bbox 1370 1812 1460 1844; x_wconf 92' lang='lat' dir='ltr'><strong>idem</strong></span> <span class='ocrx_word' id='word_1_325' title='bbox 1478 1813 1581 1853; x_wconf 88' lang='lat' dir='ltr'><strong>Prior,</strong></span> <span class='ocrx_word' id='word_1_326' title='bbox 1597 1814 1715 1846; x_wconf 86' lang='lat' dir='ltr'><strong>audiat</strong></span> 
     </span>
     <span class='ocr_line' id='line_1_37' title="bbox 335 1855 1714 1896; baseline 0.001 -9"><span class='ocrx_word' id='word_1_327' title='bbox 335 1856 568 1888; x_wconf 79' lang='lat' dir='ltr'><strong>Confessioues</strong></span> <span class='ocrx_word' id='word_1_328' title='bbox 600 1855 860 1892; x_wconf 80' lang='lat' dir='ltr'><strong>Monachorum;</strong></span> <span class='ocrx_word' id='word_1_329' title='bbox 906 1855 961 1887; x_wconf 86' lang='lat' dir='ltr'><strong>vel</strong></span> <span class='ocrx_word' id='word_1_330' title='bbox 990 1855 1178 1896; x_wconf 86' lang='lat' dir='ltr'><strong>deputetur</strong></span> <span class='ocrx_word' id='word_1_331' title='bbox 1213 1855 1335 1896; x_wconf 80' lang='lat' dir='ltr'><strong>aliquis</strong></span> <span class='ocrx_word' id='word_1_332' title='bbox 1371 1856 1512 1888; x_wconf 89' lang='lat' dir='ltr'><strong>idoneus</strong></span> <span class='ocrx_word' id='word_1_333' title='bbox 1549 1857 1593 1888; x_wconf 78' lang='lat' dir='ltr'><strong>ad</strong></span> <span class='ocrx_word' id='word_1_334' title='bbox 1628 1857 1714 1889; x_wconf 91' lang='lat' dir='ltr'><strong>illud</strong></span> 
     </span>
     <span class='ocr_line' id='line_1_38' title="bbox 337 1899 1716 1940; baseline 0.001 -9"><span class='ocrx_word' id='word_1_335' title='bbox 337 1899 484 1931; x_wconf 88' lang='lat' dir='ltr'><strong>officium</strong></span> <span class='ocrx_word' id='word_1_336' title='bbox 521 1909 582 1940; x_wconf 88' lang='lat' dir='ltr'><strong>per</strong></span> <span class='ocrx_word' id='word_1_337' title='bbox 615 1899 910 1938; x_wconf 90' lang='lat' dir='ltr'><strong>eosdem.—Item,</strong></span> <span class='ocrx_word' id='word_1_338' title='bbox 940 1909 1117 1930; x_wconf 89' lang='lat' dir='ltr'><strong>monemus</strong></span> <span class='ocrx_word' id='word_1_339' title='bbox 1146 1909 1262 1930; x_wconf 89' lang='lat' dir='ltr'><strong>omnes</strong></span> <span class='ocrx_word' id='word_1_340' title='bbox 1290 1901 1327 1930; x_wconf 87' lang='lat' dir='ltr'><strong>et</strong></span> <span class='ocrx_word' id='word_1_341' title='bbox 1356 1900 1505 1940; x_wconf 85' lang='lat' dir='ltr'><strong>singulos</strong></span> <span class='ocrx_word' id='word_1_342' title='bbox 1535 1901 1716 1933; x_wconf 85' lang='lat' dir='ltr'><strong>Monachos</strong></span> 
     </span>
     <span class='ocr_line' id='line_1_39' title="bbox 335 1942 1716 1984; baseline 0.002 -10"><span class='ocrx_word' id='word_1_343' title='bbox 335 1942 429 1980; x_wconf 75' lang='lat' dir='ltr'><strong>dicte</strong></span> <span class='ocrx_word' id='word_1_344' title='bbox 451 1943 580 1974; x_wconf 88' lang='lat' dir='ltr'><strong>Domus</strong></span> <span class='ocrx_word' id='word_1_345' title='bbox 605 1943 697 1984; x_wconf 90' lang='lat' dir='ltr'><strong>quod</strong></span> <span class='ocrx_word' id='word_1_346' title='bbox 722 1942 920 1974; x_wconf 88' lang='lat' dir='ltr'><strong>obedienter</strong></span> <span class='ocrx_word' id='word_1_347' title='bbox 945 1945 1086 1983; x_wconf 84' lang='lat' dir='ltr'><strong>pareant</strong></span> <span class='ocrx_word' id='word_1_348' title='bbox 1109 1943 1328 1983; x_wconf 87' lang='lat' dir='ltr'><strong>Superiorum</strong></span> <span class='ocrx_word' id='word_1_349' title='bbox 1351 1942 1453 1975; x_wconf 86' lang='lat' dir='ltr'><strong>licitis</strong></span> <span class='ocrx_word' id='word_1_350' title='bbox 1476 1944 1656 1983; x_wconf 85' lang='lat' dir='ltr'><strong>mandatis,</strong></span> <span class='ocrx_word' id='word_1_351' title='bbox 1679 1948 1716 1977; x_wconf 90' lang='lat' dir='ltr'><strong>et</strong></span> 
     </span>
     <span class='ocr_line' id='line_1_40' title="bbox 333 1986 1716 2030; baseline 0.002 -12"><span class='ocrx_word' id='word_1_352' title='bbox 333 1986 515 2027; x_wconf 86' lang='lat' dir='ltr'><strong>condignas</strong></span> <span class='ocrx_word' id='word_1_353' title='bbox 541 1997 602 2027; x_wconf 91' lang='lat' dir='ltr'><strong>pro</strong></span> <span class='ocrx_word' id='word_1_354' title='bbox 626 1986 756 2018; x_wconf 87' lang='lat' dir='ltr'><strong>meritis</strong></span> <span class='ocrx_word' id='word_1_355' title='bbox 785 1986 930 2018; x_wconf 86' lang='lat' dir='ltr'><strong>subeant</strong></span> <span class='ocrx_word' id='word_1_356' title='bbox 959 1986 1191 2017; x_wconf 85' lang='lat' dir='ltr'><strong>correcciones.</strong></span> <span class='ocrx_word' id='word_1_357' title='bbox 1250 1986 1481 2027; x_wconf 84' lang='lat' dir='ltr'><strong>Provideatur,</strong></span> <span class='ocrx_word' id='word_1_358' title='bbox 1509 1988 1624 2027; x_wconf 81' lang='lat' dir='ltr'><strong>eciam,</strong></span> <span class='ocrx_word' id='word_1_359' title='bbox 1656 1999 1716 2030; x_wconf 88' lang='lat' dir='ltr'><strong>per</strong></span> 
     </span>
     <span class='ocr_line' id='line_1_41' title="bbox 335 2029 1713 2071; baseline 0.001 -10"><span class='ocrx_word' id='word_1_360' title='bbox 335 2030 587 2062; x_wconf 86' lang='lat' dir='ltr'><strong>Gubernatores</strong></span> <span class='ocrx_word' id='word_1_361' title='bbox 612 2030 740 2061; x_wconf 91' lang='lat' dir='ltr'><strong>Domus</strong></span> <span class='ocrx_word' id='word_1_362' title='bbox 762 2030 805 2061; x_wconf 88' lang='lat' dir='ltr'><strong>de</strong></span> <span class='ocrx_word' id='word_1_363' title='bbox 826 2029 899 2061; x_wconf 87' lang='lat' dir='ltr'><strong>viro</strong></span> <span class='ocrx_word' id='word_1_364' title='bbox 920 2040 982 2070; x_wconf 89' lang='lat' dir='ltr'><strong>pro</strong></span> <span class='ocrx_word' id='word_1_365' title='bbox 1005 2029 1112 2061; x_wconf 90' lang='lat' dir='ltr'><strong>officio</strong></span> <span class='ocrx_word' id='word_1_366' title='bbox 1134 2029 1270 2069; x_wconf 85' lang='lat' dir='ltr'><strong>lotricis,</strong></span> <span class='ocrx_word' id='word_1_367' title='bbox 1293 2034 1330 2061; x_wconf 89' lang='lat' dir='ltr'><strong>et</strong></span> <span class='ocrx_word' id='word_1_368' title='bbox 1351 2030 1495 2062; x_wconf 85' lang='lat' dir='ltr'><strong>aliorum</strong></span> <span class='ocrx_word' id='word_1_369' title='bbox 1518 2032 1713 2071; x_wconf 87' lang='lat' dir='ltr'><strong>officiorum,</strong></span> 
     </span>
     <span class='ocr_line' id='line_1_42' title="bbox 334 2073 1716 2115; baseline 0.001 -10"><span class='ocrx_word' id='word_1_370' title='bbox 334 2073 383 2105; x_wconf 86' lang='lat' dir='ltr'><strong>ita</strong></span> <span class='ocrx_word' id='word_1_371' title='bbox 413 2074 504 2115; x_wconf 90' lang='lat' dir='ltr'><strong>quod</strong></span> <span class='ocrx_word' id='word_1_372' title='bbox 540 2073 699 2105; x_wconf 86' lang='lat' dir='ltr'><strong>mulieres</strong></span> <span class='ocrx_word' id='word_1_373' title='bbox 731 2083 800 2105; x_wconf 92' lang='lat' dir='ltr'><strong>non</strong></span> <span class='ocrx_word' id='word_1_374' title='bbox 833 2073 982 2104; x_wconf 81' lang='lat' dir='ltr'><strong>habeant</strong></span> <span class='ocrx_word' id='word_1_375' title='bbox 1015 2073 1193 2105; x_wconf 82' lang='lat' dir='ltr'><strong>materiam</strong></span> <span class='ocrx_word' id='word_1_376' title='bbox 1230 2073 1440 2114; x_wconf 81' lang='lat' dir='ltr'><strong>ingrediendi</strong></span> <span class='ocrx_word' id='word_1_377' title='bbox 1471 2075 1716 2107; x_wconf 86' lang='lat' dir='ltr'><strong>Monasterium</strong></span> 
     </span>
     <span class='ocr_line' id='line_1_43' title="bbox 334 2116 1714 2160; baseline 0.002 -12"><span class='ocrx_word' id='word_1_378' title='bbox 334 2117 724 2158; x_wconf 68' lang='lat' dir='ltr'><strong>supradictum—Item,</strong></span> <span class='ocrx_word' id='word_1_379' title='bbox 740 2116 941 2158; x_wconf 85' lang='lat' dir='ltr'><strong>provideant</strong></span> <span class='ocrx_word' id='word_1_380' title='bbox 955 2117 1102 2149; x_wconf 86' lang='lat' dir='ltr'><strong>Sacrista</strong></span> <span class='ocrx_word' id='word_1_381' title='bbox 1119 2116 1264 2148; x_wconf 83' lang='lat' dir='ltr'><strong>Ecclesie</strong></span> <span class='ocrx_word' id='word_1_382' title='bbox 1281 2121 1317 2148; x_wconf 89' lang='lat' dir='ltr'><strong>et</strong></span> <span class='ocrx_word' id='word_1_383' title='bbox 1333 2117 1584 2150; x_wconf 85' lang='lat' dir='ltr'><strong>Gubernatores</strong></span> <span class='ocrx_word' id='word_1_384' title='bbox 1599 2129 1714 2160; x_wconf 86' lang='lat' dir='ltr'><strong>supra-</strong></span> 
     </span>
     <span class='ocr_line' id='line_1_44' title="bbox 335 2160 1716 2202; baseline 0.002 -10"><span class='ocrx_word' id='word_1_385' title='bbox 335 2160 419 2192; x_wconf 88' lang='lat' dir='ltr'><strong>dicti</strong></span> <span class='ocrx_word' id='word_1_386' title='bbox 445 2161 536 2202; x_wconf 91' lang='lat' dir='ltr'><strong>quod</strong></span> <span class='ocrx_word' id='word_1_387' title='bbox 558 2160 636 2192; x_wconf 87' lang='lat' dir='ltr'><strong>libri</strong></span> <span class='ocrx_word' id='word_1_388' title='bbox 661 2161 697 2191; x_wconf 91' lang='lat' dir='ltr'><strong>in</strong></span> <span class='ocrx_word' id='word_1_389' title='bbox 723 2160 873 2191; x_wconf 83' lang='lat' dir='ltr'><strong>Libraria</strong></span> <span class='ocrx_word' id='word_1_390' title='bbox 901 2160 1094 2198; x_wconf 80' lang='lat' dir='ltr'><strong>existentes,</strong></span> <span class='ocrx_word' id='word_1_391' title='bbox 1118 2160 1339 2200; x_wconf 79' lang='lat' dir='ltr'><strong>Vestimenta,</strong></span> <span class='ocrx_word' id='word_1_392' title='bbox 1370 2164 1406 2192; x_wconf 87' lang='lat' dir='ltr'><strong>et</strong></span> <span class='ocrx_word' id='word_1_393' title='bbox 1434 2165 1547 2195; x_wconf 85' lang='lat' dir='ltr'><strong>cetera</strong></span> <span class='ocrx_word' id='word_1_394' title='bbox 1571 2163 1716 2195; x_wconf 86' lang='lat' dir='ltr'><strong>Ecclesie</strong></span> 
     </span>
     <span class='ocr_line' id='line_1_45' title="bbox 335 2203 1716 2246; baseline 0.002 -11"><span class='ocrx_word' id='word_1_395' title='bbox 335 2205 551 2242; x_wconf 82' lang='lat' dir='ltr'><strong>Ornamenta,</strong></span> <span class='ocrx_word' id='word_1_396' title='bbox 565 2214 695 2235; x_wconf 88' lang='lat' dir='ltr'><strong>necnon</strong></span> <span class='ocrx_word' id='word_1_397' title='bbox 717 2206 754 2236; x_wconf 89' lang='lat' dir='ltr'><strong>et</strong></span> <span class='ocrx_word' id='word_1_398' title='bbox 776 2203 897 2235; x_wconf 88' lang='lat' dir='ltr'><strong>domus</strong></span> <span class='ocrx_word' id='word_1_399' title='bbox 919 2204 1102 2235; x_wconf 86' lang='lat' dir='ltr'><strong>necessarie</strong></span> <span class='ocrx_word' id='word_1_400' title='bbox 1117 2204 1202 2236; x_wconf 91' lang='lat' dir='ltr'><strong>dicti</strong></span> <span class='ocrx_word' id='word_1_401' title='bbox 1218 2204 1423 2241; x_wconf 79' lang='lat' dir='ltr'><strong>Monasterii,</strong></span> <span class='ocrx_word' id='word_1_402' title='bbox 1440 2209 1609 2246; x_wconf 85' lang='lat' dir='ltr'><strong>quatenus</strong></span> <span class='ocrx_word' id='word_1_403' title='bbox 1628 2206 1716 2238; x_wconf 86' lang='lat' dir='ltr'><strong>bona</strong></span> 
     </span>
     <span class='ocr_line' id='line_1_46' title="bbox 334 2247 1714 2288; baseline 0.003 -10"><span class='ocrx_word' id='word_1_404' title='bbox 334 2247 487 2288; x_wconf 88' lang='lat' dir='ltr'><strong>ejusdem</strong></span> <span class='ocrx_word' id='word_1_405' title='bbox 511 2247 553 2278; x_wconf 82' lang='lat' dir='ltr'><strong>ad</strong></span> <span class='ocrx_word' id='word_1_406' title='bbox 575 2247 639 2279; x_wconf 91' lang='lat' dir='ltr'><strong>hoc</strong></span> <span class='ocrx_word' id='word_1_407' title='bbox 661 2248 811 2278; x_wconf 87' lang='lat' dir='ltr'><strong>sufficere</strong></span> <span class='ocrx_word' id='word_1_408' title='bbox 835 2250 1007 2288; x_wconf 87' lang='lat' dir='ltr'><strong>poterunt,</strong></span> <span class='ocrx_word' id='word_1_409' title='bbox 1031 2257 1111 2278; x_wconf 89' lang='lat' dir='ltr'><strong>cum</strong></span> <span class='ocrx_word' id='word_1_410' title='bbox 1132 2247 1254 2279; x_wconf 89' lang='lat' dir='ltr'><strong>ceteris</strong></span> <span class='ocrx_word' id='word_1_411' title='bbox 1280 2248 1449 2286; x_wconf 86' lang='lat' dir='ltr'><strong>oneribus,</strong></span> <span class='ocrx_word' id='word_1_412' title='bbox 1479 2249 1714 2283; x_wconf 89' lang='lat' dir='ltr'><strong>emendentur.</strong></span> 
     </span>
     <span class='ocr_line' id='line_1_47' title="bbox 336 2290 1716 2333; baseline 0.002 -11"><span class='ocrx_word' id='word_1_413' title='bbox 336 2291 553 2332; x_wconf 90' lang='lat' dir='ltr'><strong>Precipimus,</strong></span> <span class='ocrx_word' id='word_1_414' title='bbox 586 2291 734 2332; x_wconf 87' lang='lat' dir='ltr'><strong>insuper,</strong></span> <span class='ocrx_word' id='word_1_415' title='bbox 759 2290 980 2332; x_wconf 86' lang='lat' dir='ltr'><strong>injungimus,</strong></span> <span class='ocrx_word' id='word_1_416' title='bbox 1008 2294 1043 2322; x_wconf 85' lang='lat' dir='ltr'><strong>et</strong></span> <span class='ocrx_word' id='word_1_417' title='bbox 1070 2291 1272 2322; x_wconf 87' lang='lat' dir='ltr'><strong>mandamus</strong></span> <span class='ocrx_word' id='word_1_418' title='bbox 1299 2291 1460 2332; x_wconf 88' lang='lat' dir='ltr'><strong>quatinus</strong></span> <span class='ocrx_word' id='word_1_419' title='bbox 1483 2303 1567 2333; x_wconf 88' lang='lat' dir='ltr'><strong>opus</strong></span> <span class='ocrx_word' id='word_1_420' title='bbox 1590 2293 1716 2325; x_wconf 85' lang='lat' dir='ltr'><strong>fabrice</strong></span> 
     </span>
     <span class='ocr_line' id='line_1_48' title="bbox 335 2334 1716 2375; baseline 0.002 -10"><span class='ocrx_word' id='word_1_421' title='bbox 335 2334 550 2375; x_wconf 87' lang='lat' dir='ltr'><strong>Campanilis,</strong></span> <span class='ocrx_word' id='word_1_422' title='bbox 579 2334 651 2375; x_wconf 81' lang='lat' dir='ltr'><strong>jam</strong></span> <span class='ocrx_word' id='word_1_423' title='bbox 683 2335 867 2375; x_wconf 82' lang='lat' dir='ltr'><strong>inceptum,</strong></span> <span class='ocrx_word' id='word_1_424' title='bbox 901 2334 1122 2366; x_wconf 88' lang='lat' dir='ltr'><strong>continuetur</strong></span> <span class='ocrx_word' id='word_1_425' title='bbox 1155 2337 1191 2366; x_wconf 89' lang='lat' dir='ltr'><strong>et</strong></span> <span class='ocrx_word' id='word_1_426' title='bbox 1224 2334 1434 2375; x_wconf 88' lang='lat' dir='ltr'><strong>compleatur</strong></span> <span class='ocrx_word' id='word_1_427' title='bbox 1450 2345 1458 2374; x_wconf 82' lang='lat'><em>3</em></span> <span class='ocrx_word' id='word_1_428' title='bbox 1495 2346 1534 2367; x_wconf 89' lang='lat' dir='ltr'><strong>ac</strong></span> <span class='ocrx_word' id='word_1_429' title='bbox 1562 2337 1716 2368; x_wconf 73' lang='lat' dir='ltr'><strong>defectus</strong></span> 
     </span>
     <span class='ocr_line' id='line_1_49' title="bbox 334 2377 1715 2419; baseline 0.002 -10"><span class='ocrx_word' id='word_1_430' title='bbox 334 2378 370 2409; x_wconf 90' lang='lat' dir='ltr'><strong>in</strong></span> <span class='ocrx_word' id='word_1_431' title='bbox 392 2377 610 2417; x_wconf 86' lang='lat' dir='ltr'><strong>Dormitorio,</strong></span> <span class='ocrx_word' id='word_1_432' title='bbox 626 2378 826 2417; x_wconf 84' lang='lat' dir='ltr'><strong>Befectorio,</strong></span> <span class='ocrx_word' id='word_1_433' title='bbox 850 2381 886 2408; x_wconf 88' lang='lat' dir='ltr'><strong>et</strong></span> <span class='ocrx_word' id='word_1_434' title='bbox 909 2377 1066 2410; x_wconf 83' lang='lat' dir='ltr'><strong>Claustro</strong></span> <span class='ocrx_word' id='word_1_435' title='bbox 1087 2378 1305 2409; x_wconf 88' lang='lat' dir='ltr'><strong>imminentes</strong></span> <span class='ocrx_word' id='word_1_436' title='bbox 1327 2381 1538 2419; x_wconf 85' lang='lat' dir='ltr'><strong>reparentur,</strong></span> <span class='ocrx_word' id='word_1_437' title='bbox 1562 2390 1621 2411; x_wconf 87' lang='lat' dir='ltr'><strong>seu</strong></span> <span class='ocrx_word' id='word_1_438' title='bbox 1644 2380 1715 2412; x_wconf 89' lang='lat' dir='ltr'><strong>loca</strong></span> 
     </span>
     <span class='ocr_line' id='line_1_50' title="bbox 332 2421 1715 2465; baseline 0.002 -13"><span class='ocrx_word' id='word_1_439' title='bbox 332 2421 404 2462; x_wconf 86' lang='lat' dir='ltr'><strong>ipsa</strong></span> <span class='ocrx_word' id='word_1_440' title='bbox 419 2421 665 2460; x_wconf 85' lang='lat' dir='ltr'><strong>reedificentur,</strong></span> <span class='ocrx_word' id='word_1_441' title='bbox 681 2421 887 2462; x_wconf 90' lang='lat' dir='ltr'><strong>qnamcicius</strong></span> <span class='ocrx_word' id='word_1_442' title='bbox 910 2421 982 2452; x_wconf 88' lang='lat' dir='ltr'><strong>fieri</strong></span> <span class='ocrx_word' id='word_1_443' title='bbox 1004 2421 1140 2460; x_wconf 83' lang='lat' dir='ltr'><strong>poterit,</strong></span> <span class='ocrx_word' id='word_1_444' title='bbox 1163 2422 1553 2462; x_wconf 86' lang='lat' dir='ltr'><strong>competenter.—Item,</strong></span> <span class='ocrx_word' id='word_1_445' title='bbox 1569 2423 1715 2465; x_wconf 88' lang='lat' dir='ltr'><strong>injungi-</strong></span> 
     </span>
     <span class='ocr_line' id='line_1_51' title="bbox 332 2464 1716 2506; baseline 0.002 -10"><span class='ocrx_word' id='word_1_446' title='bbox 332 2475 410 2496; x_wconf 86' lang='lat' dir='ltr'><strong>mus</strong></span> <span class='ocrx_word' id='word_1_447' title='bbox 423 2464 550 2496; x_wconf 86' lang='lat' dir='ltr'><strong>eisdem</strong></span> <span class='ocrx_word' id='word_1_448' title='bbox 565 2465 714 2505; x_wconf 81' lang='lat' dir='ltr'><strong>personis</strong></span> <span class='ocrx_word' id='word_1_449' title='bbox 730 2468 770 2496; x_wconf 90' lang='lat' dir='ltr'><strong>ut</strong></span> <span class='ocrx_word' id='word_1_450' title='bbox 785 2464 911 2496; x_wconf 84' lang='lat' dir='ltr'><strong>faciant</strong></span> <span class='ocrx_word' id='word_1_451' title='bbox 926 2464 1037 2496; x_wconf 82' lang='lat' dir='ltr'><strong>hostia</strong></span> <span class='ocrx_word' id='word_1_452' title='bbox 1051 2465 1201 2497; x_wconf 81' lang='lat' dir='ltr'><strong>Clanstri</strong></span> <span class='ocrx_word' id='word_1_453' title='bbox 1215 2464 1306 2496; x_wconf 90' lang='lat' dir='ltr'><strong>horis</strong></span> <span class='ocrx_word' id='word_1_454' title='bbox 1320 2466 1591 2506; x_wconf 85' lang='lat' dir='ltr'><strong>competentibus</strong></span> <span class='ocrx_word' id='word_1_455' title='bbox 1613 2467 1716 2499; x_wconf 89' lang='lat' dir='ltr'><strong>firmi-</strong></span> 
     </span>
     <span class='ocr_line' id='line_1_52' title="bbox 333 2507 1715 2552; baseline 0.003 -13"><span class='ocrx_word' id='word_1_456' title='bbox 333 2511 387 2540; x_wconf 88' lang='lat' dir='ltr'><strong>ter</strong></span> <span class='ocrx_word' id='word_1_457' title='bbox 401 2507 512 2539; x_wconf 84' lang='lat' dir='ltr'><strong>claudi</strong></span> <span class='ocrx_word' id='word_1_458' title='bbox 527 2511 563 2540; x_wconf 90' lang='lat' dir='ltr'><strong>et</strong></span> <span class='ocrx_word' id='word_1_459' title='bbox 577 2508 690 2547; x_wconf 87' lang='lat' dir='ltr'><strong>serari,</strong></span> <span class='ocrx_word' id='word_1_460' title='bbox 715 2518 778 2540; x_wconf 91' lang='lat' dir='ltr'><strong>nec</strong></span> <span class='ocrx_word' id='word_1_461' title='bbox 799 2508 1003 2549; x_wconf 86' lang='lat' dir='ltr'><strong>permittant</strong></span> <span class='ocrx_word' id='word_1_462' title='bbox 1025 2511 1154 2540; x_wconf 90' lang='lat' dir='ltr'><strong>ceteros</strong></span> <span class='ocrx_word' id='word_1_463' title='bbox 1178 2508 1357 2539; x_wconf 82' lang='lat' dir='ltr'><strong>Monachos</strong></span> <span class='ocrx_word' id='word_1_464' title='bbox 1380 2509 1576 2541; x_wconf 83' lang='lat' dir='ltr'><strong>Monasterii</strong></span> <span class='ocrx_word' id='word_1_465' title='bbox 1597 2521 1715 2552; x_wconf 84' lang='lat' dir='ltr'><strong>supra-</strong></span> 
     </span>
     <span class='ocr_line' id='line_1_53' title="bbox 332 2548 1716 2595; baseline 0.002 -12"><span class='ocrx_word' id='word_1_466' title='bbox 332 2551 416 2583; x_wconf 89' lang='lat' dir='ltr'><strong>dicti</strong></span> <span class='ocrx_word' id='word_1_467' title='bbox 439 2551 576 2583; x_wconf 89' lang='lat' dir='ltr'><strong>mittere</strong></span> <span class='ocrx_word' id='word_1_468' title='bbox 591 2562 722 2592; x_wconf 81' lang='lat' dir='ltr'><strong>panem,</strong></span> <span class='ocrx_word' id='word_1_469' title='bbox 738 2548 922 2590; x_wconf 84' lang='lat' dir='ltr'><strong>ce’rvisiam,</strong></span> <span class='ocrx_word' id='word_1_470' title='bbox 938 2561 1063 2591; x_wconf 82' lang='lat' dir='ltr'><strong>carnes,</strong></span> <span class='ocrx_word' id='word_1_471' title='bbox 1080 2552 1194 2592; x_wconf 84' lang='lat' dir='ltr'><strong>pisces,</strong></span> <span class='ocrx_word' id='word_1_472' title='bbox 1211 2554 1274 2583; x_wconf 87' lang='lat' dir='ltr'><strong>aut</strong></span> <span class='ocrx_word' id='word_1_473' title='bbox 1295 2552 1359 2583; x_wconf 80' lang='lat' dir='ltr'><strong>alia</strong></span> <span class='ocrx_word' id='word_1_474' title='bbox 1380 2551 1540 2584; x_wconf 84' lang='lat' dir='ltr'><strong>victualia</strong></span> <span class='ocrx_word' id='word_1_475' title='bbox 1554 2564 1716 2595; x_wconf 85' lang='lat' dir='ltr'><strong>quecum-</strong></span> 
     </span>
     <span class='ocr_line' id='line_1_54' title="bbox 332 2595 1716 2638; baseline 0.002 -12"><span class='ocrx_word' id='word_1_476' title='bbox 332 2605 398 2635; x_wconf 90' lang='lat' dir='ltr'><strong>que</strong></span> <span class='ocrx_word' id='word_1_477' title='bbox 413 2597 511 2626; x_wconf 82' lang='lat' dir='ltr'><strong>extra</strong></span> <span class='ocrx_word' id='word_1_478' title='bbox 526 2595 779 2633; x_wconf 84' lang='lat' dir='ltr'><strong>Monasterium,</strong></span> <span class='ocrx_word' id='word_1_479' title='bbox 796 2595 884 2626; x_wconf 85' lang='lat' dir='ltr'><strong>sicut</strong></span> <span class='ocrx_word' id='word_1_480' title='bbox 907 2595 1071 2626; x_wconf 85' lang='lat' dir='ltr'><strong>hactenus</strong></span> <span class='ocrx_word' id='word_1_481' title='bbox 1094 2595 1166 2626; x_wconf 89' lang='lat' dir='ltr'><strong>fieri</strong></span> <span class='ocrx_word' id='word_1_482' title='bbox 1187 2595 1371 2634; x_wconf 89' lang='lat' dir='ltr'><strong>consuevit,</strong></span> <span class='ocrx_word' id='word_1_483' title='bbox 1387 2598 1440 2627; x_wconf 90' lang='lat' dir='ltr'><strong>set</strong></span> <span class='ocrx_word' id='word_1_484' title='bbox 1455 2596 1498 2627; x_wconf 93' lang='lat' dir='ltr'><strong>de</strong></span> <span class='ocrx_word' id='word_1_485' title='bbox 1515 2597 1716 2638; x_wconf 83' lang='lat' dir='ltr'><strong>fragmentis</strong></span> 
     </span>
     <span class='ocr_line' id='line_1_55' title="bbox 330 2638 1717 2682; baseline 0.003 -13"><span class='ocrx_word' id='word_1_486' title='bbox 330 2642 367 2669; x_wconf 90' lang='lat' dir='ltr'><strong>et</strong></span> <span class='ocrx_word' id='word_1_487' title='bbox 388 2638 641 2670; x_wconf 83' lang='lat' dir='ltr'><strong>remanentibus</strong></span> <span class='ocrx_word' id='word_1_488' title='bbox 655 2638 812 2679; x_wconf 85' lang='lat' dir='ltr'><strong>disponat</strong></span> <span class='ocrx_word' id='word_1_489' title='bbox 827 2638 1098 2677; x_wconf 76' lang='lat' dir='ltr'><strong>Elemosinsrius,</strong></span> <span class='ocrx_word' id='word_1_490' title='bbox 1114 2642 1217 2679; x_wconf 90' lang='lat' dir='ltr'><strong>prout</strong></span> <span class='ocrx_word' id='word_1_491' title='bbox 1231 2638 1274 2670; x_wconf 83' lang='lat' dir='ltr'><strong>ad</strong></span> <span class='ocrx_word' id='word_1_492' title='bbox 1289 2639 1436 2670; x_wconf 87' lang='lat' dir='ltr'><strong>officium</strong></span> <span class='ocrx_word' id='word_1_493' title='bbox 1451 2649 1551 2671; x_wconf 88' lang='lat' dir='ltr'><strong>suum</strong></span> <span class='ocrx_word' id='word_1_494' title='bbox 1567 2642 1717 2682; x_wconf 88' lang='lat' dir='ltr'><strong>pertinet</strong></span> 
     </span>
     <span class='ocr_line' id='line_1_56' title="bbox 330 2680 1714 2724; baseline 0.003 -12"><span class='ocrx_word' id='word_1_495' title='bbox 330 2684 367 2713; x_wconf 88' lang='lat' dir='ltr'><strong>et</strong></span> <span class='ocrx_word' id='word_1_496' title='bbox 379 2681 551 2713; x_wconf 86' lang='lat' dir='ltr'><strong>videbitur</strong></span> <span class='ocrx_word' id='word_1_497' title='bbox 564 2682 731 2722; x_wconf 78' lang='lat' dir='ltr'><strong>expedire.</strong></span> <span class='ocrx_word' id='word_1_498' title='bbox 755 2682 930 2723; x_wconf 86' lang='lat' dir='ltr'><strong>Quodque,</strong></span> <span class='ocrx_word' id='word_1_499' title='bbox 943 2682 1027 2714; x_wconf 87' lang='lat' dir='ltr'><strong>citra</strong></span> <span class='ocrx_word' id='word_1_500' title='bbox 1043 2682 1182 2713; x_wconf 85' lang='lat' dir='ltr'><strong>Festum</strong></span> <span class='ocrx_word' id='word_1_501' title='bbox 1198 2682 1330 2713; x_wconf 83' lang='lat' dir='ltr'><strong>Natalis</strong></span> <span class='ocrx_word' id='word_1_502' title='bbox 1341 2680 1480 2713; x_wconf 91' lang='lat' dir='ltr'><strong>Domini</strong></span> <span class='ocrx_word' id='word_1_503' title='bbox 1494 2684 1648 2724; x_wconf 85' lang='lat' dir='ltr'><strong>proximo</strong></span> <span class='ocrx_word' id='word_1_504' title='bbox 1662 2685 1714 2716; x_wconf 84' lang='lat' dir='ltr'><strong>fu-</strong></span> 
     </span>
     <span class='ocr_line' id='line_1_57' title="bbox 333 2724 1716 2766; baseline 0.002 -10"><span class='ocrx_word' id='word_1_505' title='bbox 333 2727 462 2763; x_wconf 87' lang='lat' dir='ltr'><strong>turum,</strong></span> <span class='ocrx_word' id='word_1_506' title='bbox 485 2724 528 2756; x_wconf 93' lang='lat' dir='ltr'><strong>de</strong></span> <span class='ocrx_word' id='word_1_507' title='bbox 554 2725 725 2756; x_wconf 84' lang='lat' dir='ltr'><strong>mansione</strong></span> <span class='ocrx_word' id='word_1_508' title='bbox 750 2725 958 2766; x_wconf 88' lang='lat' dir='ltr'><strong>competenti</strong></span> <span class='ocrx_word' id='word_1_509' title='bbox 983 2725 1203 2766; x_wconf 87' lang='lat' dir='ltr'><strong>provideatur</strong></span> <span class='ocrx_word' id='word_1_510' title='bbox 1226 2726 1394 2766; x_wconf 86' lang='lat' dir='ltr'><strong>Perpetuo</strong></span> <span class='ocrx_word' id='word_1_511' title='bbox 1417 2726 1548 2758; x_wconf 87' lang='lat' dir='ltr'><strong>Vicario</strong></span> <span class='ocrx_word' id='word_1_512' title='bbox 1570 2728 1716 2759; x_wconf 87' lang='lat' dir='ltr'><strong>Ecclesie</strong></span> 
     </span>
     <span class='ocr_line' id='line_1_58' title="bbox 334 2767 1715 2811; baseline 0.004 -12"><span class='ocrx_word' id='word_1_513' title='bbox 334 2767 535 2799; x_wconf 87' lang='lat' dir='ltr'><strong>Parochialis</strong></span> <span class='ocrx_word' id='word_1_514' title='bbox 545 2768 589 2799; x_wconf 87' lang='lat' dir='ltr'><strong>de</strong></span> <span class='ocrx_word' id='word_1_515' title='bbox 603 2768 802 2810; x_wconf 84' lang='lat' dir='ltr'><strong>Tavystoke,</strong></span> <span class='ocrx_word' id='word_1_516' title='bbox 819 2771 855 2800; x_wconf 88' lang='lat' dir='ltr'><strong>et</strong></span> <span class='ocrx_word' id='word_1_517' title='bbox 870 2769 975 2809; x_wconf 83' lang='lat' dir='ltr'><strong>ipsius</strong></span> <span class='ocrx_word' id='word_1_518' title='bbox 989 2769 1234 2800; x_wconf 88' lang='lat' dir='ltr'><strong>successoribus</strong></span> <span class='ocrx_word' id='word_1_519' title='bbox 1249 2769 1308 2810; x_wconf 87' lang='lat' dir='ltr'><strong>qui</strong></span> <span class='ocrx_word' id='word_1_520' title='bbox 1330 2779 1391 2809; x_wconf 89' lang='lat' dir='ltr'><strong>pro</strong></span> <span class='ocrx_word' id='word_1_521' title='bbox 1406 2771 1560 2810; x_wconf 88' lang='lat' dir='ltr'><strong>tempore</strong></span> <span class='ocrx_word' id='word_1_522' title='bbox 1575 2771 1715 2811; x_wconf 81' lang='lat' dir='ltr'><strong>fuerint,</strong></span> 
     </span>
     <span class='ocr_line' id='line_1_59' title="bbox 332 2811 1716 2856; baseline 0.003 -14"><span class='ocrx_word' id='word_1_523' title='bbox 332 2811 435 2851; x_wconf 81' lang='lat' dir='ltr'><strong>vobis,</strong></span> <span class='ocrx_word' id='word_1_524' title='bbox 451 2814 488 2843; x_wconf 90' lang='lat' dir='ltr'><strong>et</strong></span> <span class='ocrx_word' id='word_1_525' title='bbox 505 2811 708 2843; x_wconf 83' lang='lat' dir='ltr'><strong>Monasterio</strong></span> <span class='ocrx_word' id='word_1_526' title='bbox 722 2816 834 2843; x_wconf 84' lang='lat' dir='ltr'><strong>vestro</strong></span> <span class='ocrx_word' id='word_1_527' title='bbox 849 2822 988 2851; x_wconf 78' lang='lat' dir='ltr'><strong>annexa,</strong></span> <span class='ocrx_word' id='word_1_528' title='bbox 1005 2815 1101 2843; x_wconf 79' lang='lat' dir='ltr'><strong>extra</strong></span> <span class='ocrx_word' id='word_1_529' title='bbox 1116 2815 1212 2852; x_wconf 84' lang='lat' dir='ltr'><strong>septa</strong></span> <span class='ocrx_word' id='word_1_530' title='bbox 1230 2812 1423 2844; x_wconf 78' lang='lat' dir='ltr'><strong>Monasterii</strong></span> <span class='ocrx_word' id='word_1_531' title='bbox 1438 2823 1447 2850; x_wconf 91' lang='lat'>;</span> <span class='ocrx_word' id='word_1_532' title='bbox 1470 2813 1520 2845; x_wconf 89' lang='lat' dir='ltr'><strong>ita</strong></span> <span class='ocrx_word' id='word_1_533' title='bbox 1535 2815 1626 2855; x_wconf 91' lang='lat' dir='ltr'><strong>quod</strong></span> <span class='ocrx_word' id='word_1_534' title='bbox 1642 2825 1716 2856; x_wconf 55' lang='lat' dir='ltr'><strong>par5</strong></span> 
     </span>
     <span class='ocr_line' id='line_1_60' title="bbox 331 2854 1716 2896; baseline 0.004 -11"><span class='ocrx_word' id='word_1_535' title='bbox 331 2854 463 2886; x_wconf 80' lang='lat' dir='ltr'><strong>ochiani</strong></span> <span class='ocrx_word' id='word_1_536' title='bbox 484 2854 619 2894; x_wconf 86' lang='lat' dir='ltr'><strong>ibidem,</strong></span> <span class='ocrx_word' id='word_1_537' title='bbox 635 2855 679 2886; x_wconf 88' lang='lat' dir='ltr'><strong>de</strong></span> <span class='ocrx_word' id='word_1_538' title='bbox 693 2855 747 2887; x_wconf 90' lang='lat' dir='ltr'><strong>die</strong></span> <span class='ocrx_word' id='word_1_539' title='bbox 762 2858 798 2886; x_wconf 93' lang='lat' dir='ltr'><strong>et</strong></span> <span class='ocrx_word' id='word_1_540' title='bbox 813 2855 855 2886; x_wconf 90' lang='lat' dir='ltr'><strong>de</strong></span> <span class='ocrx_word' id='word_1_541' title='bbox 878 2858 987 2894; x_wconf 88' lang='lat' dir='ltr'><strong>nocte,</strong></span> <span class='ocrx_word' id='word_1_542' title='bbox 1013 2855 1056 2886; x_wconf 83' lang='lat' dir='ltr'><strong>ad</strong></span> <span class='ocrx_word' id='word_1_543' title='bbox 1079 2855 1191 2896; x_wconf 89' lang='lat' dir='ltr'><strong>ipsum</strong></span> <span class='ocrx_word' id='word_1_544' title='bbox 1207 2855 1388 2894; x_wconf 84' lang='lat' dir='ltr'><strong>Vicarium,</strong></span> <span class='ocrx_word' id='word_1_545' title='bbox 1409 2865 1467 2896; x_wconf 83' lang='lat' dir='ltr'><strong>pro</strong></span> <span class='ocrx_word' id='word_1_546' title='bbox 1490 2857 1716 2890; x_wconf 84' lang='lat' dir='ltr'><strong>Sacramentis</strong></span> 
     </span>
     <span class='ocr_line' id='line_1_61' title="bbox 331 2898 1717 2940; baseline 0.003 -11"><span class='ocrx_word' id='word_1_547' title='bbox 331 2901 368 2930; x_wconf 90' lang='lat' dir='ltr'><strong>et</strong></span> <span class='ocrx_word' id='word_1_548' title='bbox 391 2898 696 2930; x_wconf 87' lang='lat' dir='ltr'><strong>Sacramentalibus</strong></span> <span class='ocrx_word' id='word_1_549' title='bbox 726 2898 929 2940; x_wconf 88' lang='lat' dir='ltr'><strong>optinendis,</strong></span> <span class='ocrx_word' id='word_1_550' title='bbox 953 2901 1117 2940; x_wconf 85' lang='lat' dir='ltr'><strong>poterunt</strong></span> <span class='ocrx_word' id='word_1_551' title='bbox 1143 2898 1265 2930; x_wconf 83' lang='lat' dir='ltr'><strong>habere</strong></span> <span class='ocrx_word' id='word_1_552' title='bbox 1295 2899 1482 2939; x_wconf 87' lang='lat' dir='ltr'><strong>ingressum</strong></span> <span class='ocrx_word' id='word_1_553' title='bbox 1513 2900 1658 2933; x_wconf 87' lang='lat' dir='ltr'><strong>liberum</strong></span> <span class='ocrx_word' id='word_1_554' title='bbox 1681 2906 1717 2933; x_wconf 85' lang='lat' dir='ltr'><strong>et</strong></span> 
     </span>
    </p>
   </div>
   <div class='ocr_carea' id='block_1_4' title="bbox 180 2939 1715 2983">
    <p class='ocr_par' dir='ltr' id='par_1_4' title="bbox 180 2939 1715 2983">
     <span class='ocr_line' id='line_1_62' title="bbox 180 2939 1715 2983; baseline 0.003 -12"><span class='ocrx_word' id='word_1_555' title='bbox 180 2939 234 2967; x_wconf 68' lang='grc' dir='ltr'><strong>ἰοὶ.</strong></span> <span class='ocrx_word' id='word_1_556' title='bbox 246 2941 288 2967; x_wconf 76' lang='grc'><strong>41-</strong></span> <span class='ocrx_word' id='word_1_557' title='bbox 334 2951 516 2982; x_wconf 72' lang='lat' dir='ltr'><strong>egressum,</strong></span> <span class='ocrx_word' id='word_1_558' title='bbox 534 2941 600 2973; x_wconf 86' lang='lat' dir='ltr'><strong>sub</strong></span> <span class='ocrx_word' id='word_1_559' title='bbox 614 2952 700 2983; x_wconf 89' lang='lat' dir='ltr'><strong>pena</strong></span> <span class='ocrx_word' id='word_1_560' title='bbox 716 2942 742 2974; x_wconf 89' lang='lat' dir='ltr'>C</span> <span class='ocrx_word' id='word_1_561' title='bbox 753 2952 790 2982; x_wconf 69' lang='lat' dir='ltr'><strong>a,</strong></span> <span class='ocrx_word' id='word_1_562' title='bbox 806 2942 906 2973; x_wconf 85' lang='lat' dir='ltr'><strong>alicui</strong></span> <span class='ocrx_word' id='word_1_563' title='bbox 922 2942 1017 2982; x_wconf 88' lang='lat' dir='ltr'><strong>ponti</strong></span> <span class='ocrx_word' id='word_1_564' title='bbox 1029 2942 1314 2983; x_wconf 86' lang='lat' dir='ltr'><strong>applicandorum,</strong></span> <span class='ocrx_word' id='word_1_565' title='bbox 1329 2942 1430 2983; x_wconf 83' lang='lat' dir='ltr'><strong>juxta</strong></span> <span class='ocrx_word' id='word_1_566' title='bbox 1452 2947 1607 2976; x_wconf 89' lang='lat' dir='ltr'><strong>nostrum</strong></span> <span class='ocrx_word' id='word_1_567' title='bbox 1629 2945 1715 2976; x_wconf 89' lang='lat' dir='ltr'><strong>arbi-</strong></span> 
     </span>
    </p>
   </div>
   <div class='ocr_carea' id='block_1_5' title="bbox 0 2257 46 3256">
    <p class='ocr_par' dir='ltr' id='par_1_5' title="bbox 0 2257 46 3256">
     <span class='ocr_line' id='line_1_63' title="bbox 0 2257 46 3256; baseline 0 0"><span class='ocrx_word' id='word_1_568' title='bbox 0 2257 46 3256; x_wconf 95' lang='lat' dir='ltr'><strong> </strong></span> 
     </span>
    </p>
   </div>
   <div class='ocr_carea' id='block_1_6' title="bbox 335 2984 1715 3029">
    <p class='ocr_par' dir='ltr' id='par_1_6' title="bbox 335 2984 1715 3029">
     <span class='ocr_line' id='line_1_64' title="bbox 335 2984 1715 3029; baseline 0.003 -13"><span class='ocrx_word' id='word_1_569' title='bbox 335 2984 443 3017; x_wconf 90' lang='lat' dir='ltr'><strong>trium</strong></span> <span class='ocrx_word' id='word_1_570' title='bbox 457 2984 753 3027; x_wconf 76' lang='lat' dir='ltr'><strong>disponendorum,</strong></span> <span class='ocrx_word' id='word_1_571' title='bbox 771 2988 885 3017; x_wconf 85' lang='lat' dir='ltr'><strong>nostre</strong></span> <span class='ocrx_word' id='word_1_572' title='bbox 908 2986 1055 3018; x_wconf 83' lang='lat' dir='ltr'><strong>Dioeesis</strong></span> <span class='ocrx_word' id='word_1_573' title='bbox 1074 2985 1377 3027; x_wconf 65' lang='lat' dir='ltr'><strong>supradicte—Et,</strong></span> <span class='ocrx_word' id='word_1_574' title='bbox 1394 2988 1436 3019; x_wconf 85' lang='lat' dir='ltr'><strong>ut</strong></span> <span class='ocrx_word' id='word_1_575' title='bbox 1450 2986 1511 3019; x_wconf 88' lang='lat' dir='ltr'><strong>hec</strong></span> <span class='ocrx_word' id='word_1_576' title='bbox 1528 2988 1715 3029; x_wconf 80' lang='lat' dir='ltr'><strong>Ordinacio,</strong></span> 
     </span>
    </p>
   </div>
  </div>
 </body>
</html>
