1988 3256
296 324 391 368 268

293 439 368 466 A.D.

293 472 369 500 1372.

297 507 357 534 Vol.
374 507 398 534 1.

497 335 597 367 THE
633 335 877 370 REGISTER
912 337 971 369 OF
1007 334 1186 369 BISHOP
1220 334 1628 369 BRANTYNGHAM.

444 440 537 479 cesis,
554 443 590 472 et
604 440 678 472 aliis
693 440 732 472 ad
750 441 890 473 eandem
907 439 1088 473 Ecclesiam
1105 439 1347 480 spectantibus,
1371 442 1412 471 ut
1436 440 1708 481 pretendebatur,
1724 440 1829 473 incor-

445 487 623 524 rectcrum,
648 488 683 516 et
706 484 914 526 aliquamdiu
939 483 1133 515 vertebatur
1155 484 1244 514 inter
1266 482 1450 515 Dominum
1476 484 1662 516 Walterum
1685 484 1830 527 Almaly‚

446 528 622 559 Rectorem
638 528 728 560 dicte
744 528 890 560 Ecclesie
905 529 947 559 de
963 527 1233 566 Northmoltone,
1251 527 1385 558 Partem
1402 527 1567 567 actricem,
1583 538 1625 559 ex
1640 530 1735 569 parte
1752 539 1830 568 una,

447 574 483 603 et
498 572 666 603 Abbatem
682 574 717 603 et
734 572 948 603 Conventum
973 570 1167 603 Monasterii
1190 571 1231 601 de
1256 570 1456 611 Lilleshulle,
1474 571 1608 603 Ordinis
1631 572 1746 604 Sancti
1761 571 1829 604 Au-

445 615 584 655 gustini,
609 615 845 647 Coventrensis
867 618 903 647 et
927 614 1168 647 Lichfeldensis
1192 614 1348 653 Diocesis‚
1376 616 1507 646 Partem
1531 626 1630 655 ream,
1654 626 1695 647 ex
1715 615 1830 655 altera,

445 659 551 690 fuerit
565 662 601 690 et
616 659 670 697 sit,
688 670 746 700 per
763 659 1032 700 Appellacionem
1049 658 1218 690 dictorum
1235 658 1377 689 Abbatis
1392 661 1427 690 et
1443 658 1647 698 Conventus,
1664 659 1707 690 ad
1723 659 1830 700 prefa-

446 705 517 734 tam
549 703 685 735 Curiam
718 702 867 743 legitime
897 703 1066 742 devoluta,
1097 701 1409 742 decreverimusque
1441 712 1501 743 pro
1535 712 1688 743 processu
1725 702 1832 734 cause

446 746 637 787 principalis
676 746 874 787 hujusmodi
906 745 1207 778 transmittendum
1239 745 1320 785 fore,
1354 745 1489 786 justicia
1519 746 1684 778 suadente
1698 756 1706 784 3
1738 746 1832 777 vobis

447 789 535 821 dicte
552 790 654 822 Curie
669 790 879 828 auctoritate,
897 800 974 821 cum
991 801 1028 821 ea
1044 800 1111 831 qua
1126 789 1223 821 decet
1244 789 1432 820 reverencia.
1454 789 1597 821 firmiter
1611 789 1831 831 injungendo,

446 833 646 865 mandamus
670 833 832 874 quatinus
855 836 970 866 totum
994 834 1190 865 Processum
1213 832 1302 864 inter
1323 833 1431 864 dictos
1456 833 1570 864 Partes
1593 843 1703 864 coram
1729 833 1832 873 vobis,

445 880 506 908 aut
523 876 761 908 Commissario
778 879 900 916 vestro,
917 877 1210 918 qualitercumque
1232 876 1386 907 habitum
1403 876 1437 907 in
1454 875 1515 908 hac
1531 880 1635 917 parte,
1652 877 1743 908 dicto
1769 877 1832 908 Do-

445 921 537 952 mino
554 921 694 953 Officiali
710 924 745 952 et
760 921 867 960 nobis,
887 924 948 952 aut
963 921 1019 952 alii
1035 921 1124 952 dicte
1142 920 1241 951 Curie
1260 919 1456 960 presidenti,
1473 921 1515 951 ad
1532 920 1713 952 Ecclesiam
1730 921 1833 952 Beate

446 964 550 995 Marie
565 965 607 995 de
623 964 777 996 Arcubus
794 964 1054 1004 Londoniarum,
1072 963 1224 1005 proximo
1236 963 1290 995 die
1301 963 1323 995 J
1328 963 1453 994 uridico
1469 967 1545 1004 post
1558 964 1697 995 Festum
1710 964 1833 996 Sancte

446 1008 548 1047 Fidis,
565 1008 720 1049 Virginis,
738 1008 890 1049 proximo
905 1009 1072 1048 futurum,
1088 1007 1153 1039 sub
1168 1006 1275 1048 sig'illo
1295 1010 1408 1038 vestro
1432 1007 1573 1038 fideliter
1589 1007 1832 1040 transmittatis

444 1052 624 1084 inclusum.
671 1052 722 1082 De
745 1052 873 1091 diebus,
890 1062 979 1091 vero,
998 1051 1199 1092 recepcionis
1223 1050 1446 1089 Presencium,
1463 1054 1498 1082 et
1513 1051 1596 1092 quid
1610 1051 1645 1082 in
1663 1051 1833 1092 premissis

444 1095 609 1127 duxeritis
632 1095 834 1135 faciendum,
858 1095 989 1127 dictum
1012 1095 1196 1127 Dominum
1221 1094 1416 1132 Officialem,
1439 1104 1509 1133 nos,
1532 1097 1594 1126 aut
1615 1094 1719 1125 alium
1743 1095 1833 1127 dicte

445 1139 547 1170 Curie
564 1139 804 1178 Presidentem,
821 1139 921 1170 dictis
937 1139 991 1170 die
1006 1142 1042 1170 et
1059 1139 1130 1170 loco
1146 1138 1335 1169 certificetis
1353 1148 1409 1178 per
1427 1138 1556 1169 Literas
1573 1141 1699 1169 vestras
1715 1141 1831 1179 paten-

444 1186 504 1222 tes,
543 1182 664 1214 harum
703 1183 822 1214 seriem
859 1182 1254 1214 continentes.-—Datum
1295 1181 1487 1220 Londoniis,
1525 1181 1591 1222 vij⁰
1628 1181 1711 1213 Idus
1749 1182 1770 1214 J
1774 1182 1833 1214 ulii

442 1226 476 1266 [9
493 1227 514 1258 J
518 1224 603 1267 uly]‚
621 1226 704 1258 A.D.
724 1227 784 1257 M0.
805 1226 935 1258 CCCmo
950 1224 1235 1267 lxxijdoe-Cujus
1250 1224 1419 1256 occasione
1443 1223 1606 1264 Mandati,
1623 1227 1737 1258 totum
1753 1225 1831 1257 Pro-

444 1280 572 1301 cessum
590 1271 632 1301 de
648 1280 716 1310 quo
731 1281 833 1311 supra
847 1270 888 1301 fit
905 1270 1043 1308 mencio,
1063 1279 1173 1301 coram
1190 1268 1286 1300 nobis
1301 1271 1337 1299 et
1352 1268 1580 1300 Predecessori
1595 1271 1711 1300 nostro
1727 1268 1831 1301 inme-

445 1314 537 1345 diato
554 1313 722 1352 habitum,
740 1316 774 1344 et
789 1313 823 1344 in
841 1314 994 1354 Registro
1017 1316 1132 1344 nostro
1154 1315 1366 1353 compertum
1389 1311 1455 1351 [the
1477 1311 1580 1343 words
1596 1312 1615 1327 “
1627 1315 1663 1343 et
1677 1312 1831 1354 ejusdem

442 1357 590 1399 presenti
614 1357 855 1388 Certificatorio
877 1367 1007 1388 annexo
1020 1357 1038 1370 ”
1062 1356 1142 1388 have
1163 1356 1237 1387 been
1258 1357 1367 1388 struck
1388 1359 1445 1387 out
1467 1354 1561 1397 hereJ,
1579 1355 1672 1387 vobis
1687 1356 1830 1389 remitti·

443 1411 529 1440 mUS‚
546 1400 609 1432 sub
625 1400 733 1441 sigillo
749 1404 863 1432 nostro
879 1401 1021 1432 firmiter
1035 1400 1214 1432 inclusum.

290 1446 351 1476 [fol-
399 1445 612 1476 —Prooessus
625 1443 775 1476 remisws
793 1444 891 1476 Ouo-ie
908 1442 1194 1483 Cautum-iem,—

290 1479 366 1510 27b.]

446 1489 623 1519 Processus
639 1487 771 1519 habitos
787 1487 820 1519 in
840 1488 948 1520 Causa
963 1487 1185 1528 reparacionis
1201 1486 1289 1517 inter
1300 1486 1416 1517 Partes
1432 1485 1598 1526 predictas
1609 1487 1703 1519 vobis
1719 1491 1825 1519 trans·

444 1531 622 1570 mittimus,
639 1531 674 1563 in
690 1531 781 1562 hunc
804 1531 1159 1572 modum,—1nprimis
1182 1529 1416 1561 mandavimus
1431 1529 1621 1561 Venerabili
1638 1531 1742 1570 Patri,
1761 1532 1827 1563 Do-

443 1575 535 1606 mino
551 1575 776 1606 Lichfeldensi
794 1575 966 1616 Episcopo,
984 1574 1223 1606 vicissitudinis
1239 1576 1393 1614 optentu,
1409 1573 1452 1604 ad
1467 1573 1642 1605 citandum
1657 1574 1825 1607 Abbatem

442 1619 643 1660 predictum,
662 1618 726 1650 sub
741 1618 802 1649 hac
817 1618 1182 1657 forma‚—Venerabi]i,
1199 1620 1276 1655 etc„
1292 1617 1448 1656 Roberto,
1473 1617 1535 1648 Dei
1557 1617 1665 1659 gracia
1681 1618 1826 1651 Covent-

442 1663 530 1694 rensi
546 1666 580 1694 et
598 1662 820 1693 Lichfeldensi
839 1662 1011 1702 Episcopo,
1028 1665 1101 1701 etc.,
1119 1666 1155 1692 uc
1171 1663 1207 1692 in
1220 1662 1360 1701 presenti
1375 1665 1529 1701 quaterno
1540 1664 1689 1702 superius
1695 1662 1827 1703 plenius

440 1708 632 1738 continetur.
682 1706 757 1745 Qui,
774 1706 922 1747 quidem,
939 1705 1145 1737 Venerabilis
1169 1705 1268 1735 Pater
1283 1714 1343 1735 nos
1359 1704 1555 1735 certificavit
1570 1716 1628 1746 per
1642 1715 1720 1737 suas
1735 1706 1825 1738 Lite-

440 1760 502 1789 ras,
519 1750 553 1780 in
571 1749 661 1780 hunc
677 1750 859 1789 modum,-
873 1749 1077 1787 Reverendo,
1101 1752 1174 1787 etc„
1199 1748 1338 1785 Thome,
1352 1747 1417 1779 Dei
1432 1748 1538 1788 gracia
1553 1749 1733 1780 Exoniensi
1749 1750 1824 1790 Epi-

440 1804 547 1834 scopo,
565 1793 742 1831 Robertus,
760 1798 832 1832 etc„
849 1793 1004 1832 salutem,
1021 1795 1056 1824 et
1071 1793 1196 1823 sincere
1211 1791 1401 1823 dileccionis
1418 1792 1617 1824 continuum
1641 1792 1825 1825 incremen-

441 1837 704 1868 tum—Literas
721 1841 847 1867 vestras
863 1836 917 1877 xj⁰
932 1836 986 1867 die
1002 1835 1125 1867 mensis
1143 1835 1222 1867 Maii
1245 1835 1366 1866 ultimo
1389 1835 1541 1875 preteriti
1556 1836 1751 1877 recepimus,
1775 1840 1823 1868 te-

440 1891 554 1911 norem
572 1880 631 1921 qui
646 1880 800 1921 sequitur
823 1878 1287 1919 continentes‚—Vene1·abili,
1304 1882 1376 1917 etc„
1394 1878 1531 1918 Thome,
1547 1880 1747 1920 etc.,—Nos,
1763 1880 1822 1921 igi-

442 1927 509 1963 tur,
532 1924 575 1954 ad
601 1924 759 1964 premissa
783 1924 968 1964 peragenda
984 1923 1019 1954 in
1033 1923 1118 1964 juris
1141 1922 1330 1953 subsidium
1348 1921 1463 1962 parati,
1481 1923 1628 1963 prefatos
1644 1923 1822 1965 Abbatem,

441 1967 657 2008 personaliter
673 1977 739 1998 non
764 1967 940 1998 inventum
965 1967 997 1997 in
1028 1966 1171 1997 Ecclesia
1194 1965 1416 1998 Conventuali
1442 1966 1633 1997 Monasterii
1649 1967 1690 1997 de
1707 1967 1822 1999 Lilles-

441 2011 532 2042 hulle
549 2010 698 2051 predicti,
716 2014 750 2041 et
767 2010 973 2050 Capitulum,
993 2009 1207 2050 personaliter
1222 2009 1400 2040 inventum
1416 2009 1449 2039 in
1467 2009 1581 2040 eadem
1606 2010 1762 2050 Ecclesia,
1778 2011 1821 2042 ci-

442 2054 506 2085 tari
522 2054 672 2093 fecimus,
689 2054 789 2094 quod,
803 2054 857 2084 die
870 2058 904 2085 et
915 2053 985 2084 loco
998 2053 1208 2094 supradictis,
1222 2062 1332 2083 coram
1346 2052 1448 2091 vobis,
1465 2056 1525 2084 aut
1537 2057 1648 2084 vestro
1660 2053 1822 2086 Commis-

441 2098 536 2136 sario,
553 2108 620 2128 uno
636 2097 688 2128 vel
704 2097 867 2138 pluribus,
885 2100 1107 2136 compareant,
1125 2096 1248 2127 facturi
1263 2098 1299 2126 et
1314 2095 1480 2136 recepturi
1496 2096 1585 2137 quod
1603 2101 1699 2128 tenor
1715 2097 1822 2130 dicta-

440 2151 516 2173 rum
538 2141 722 2172 Literarum
740 2141 844 2180 exigit
859 2144 895 2171 et
910 2140 1058 2181 requirit.
1109 2139 1350 2170 Pateruitatexn
1368 2143 1515 2170 vestram
1531 2141 1745 2172 reverendam
1763 2141 1822 2173 diu

441 2188 615 2216 conservet
629 2185 663 2215 in
677 2184 842 2225 prosperis
858 2184 1036 2215 clemencia
1047 2183 1237 2215 Conditor-is
1252 2184 1464 2215 cunctorum!
1491 2183 1617 2214 Datum
1630 2184 1722 2225 apud
1733 2185 1822 2227 Hey-

441 2228 546 2266 wode,
564 2228 671 2259 Nonis
693 2228 711 2259 J
719 2228 788 2258 unii
811 2227 845 2269 [5
869 2228 890 2260 J
895 2228 986 2267 uneJ,
1012 2228 1095 2259 A.D.
1121 2227 1182 2258 Mo.
1208 2227 1339 2258 CCCm⁰
1354 2226 1600 2267 septuagesimo
1616 2229 1772 2267 secundo,
1789 2231 1825 2260 et

443 2272 709 2303 Consecracionis
725 2275 837 2302 nostre
849 2270 1152 2302 duodecima—Ac
1164 2270 1406 2311 subsequenter
1418 2270 1505 2301 vices
1515 2274 1645 2302 nostras
1657 2271 1823 2303 commisi-

443 2325 518 2346 mus
536 2319 575 2346 ut
590 2315 846 2354 infrascribitur,
864 2315 897 2346 in
920 2315 1010 2346 hunc
1026 2313 1377 2352 modum-Thomas,
1395 2317 1467 2352 etc,
1485 2313 1654 2354 Magistris
1678 2315 1824 2347 Henrico

442 2359 544 2400 Pyke,
563 2359 709 2389 Waltero
722 2359 763 2389 de
776 2359 962 2398 Bauutone,
980 2361 1015 2389 et
1030 2358 1175 2389 Domino
1190 2357 1336 2388 Johanni
1360 2357 1452 2397 Seys,
1469 2357 1558 2388 dicte
1581 2358 1727 2390 Ecclesie
1750 2369 1821 2390 nos-

439 2406 491 2433 tre
507 2402 692 2441 Canonicis,
709 2402 862 2441 salutem,
879 2401 1076 2434 θαι-«Θυῖα
1093 2411 1199 2441 nuper
1217 2399 1403 2431 Venerabili
1424 2400 1458 2431 iu
1485 2400 1620 2432 Christo
1637 2402 1738 2442 Patri,
1758 2402 1823 2434 Do-

441 2446 532 2477 mino
550 2447 705 2485 Roberto,
723 2444 785 2476 Dei
801 2445 909 2486 gracia
928 2444 1147 2476 Coventrensi
1169 2447 1205 2475 et
1229 2443 1453 2475 Liehfeldensi
1469 2444 1643 2486 Episcopo,
1658 2445 1823 2487 scripseri-

442 2500 519 2520 mus
546 2489 716 2530 quatinus,
740 2489 804 2520 sub
827 2492 946 2520 mutue
968 2487 1211 2520 vicissitudinis
1233 2490 1377 2528 optentu
1400 2490 1436 2518 et
1458 2487 1493 2518 in
1515 2487 1602 2527 juris
1624 2489 1825 2529 subsidium,

441 2532 608 2564 Abbatem
625 2536 660 2564 et
675 2533 888 2564 Conventum
906 2533 948 2563 de
965 2531 1167 2570 Lilleshulle,
1180 2541 1239 2562 sue
1252 2530 1413 2569 Diocesis,
1426 2531 1528 2562 citare
1540 2531 1664 2563 faceret
1676 2542 1826 2574 peremp-

444 2576 539 2614 torie,
567 2577 608 2607 ad
636 2576 835 2607 instanciam
865 2575 1002 2607 Domini
1031 2575 1168 2606 Walteri
1193 2574 1234 2605 de
1261 2574 1404 2615 Almaly,
1434 2574 1585 2606 Rectoris
1618 2575 1763 2607 Ecclesie
1785 2576 1828 2608 de

442 2619 714 2659 Northmoltone,
731 2619 821 2660 quod
838 2622 1053 2660 compareant
1068 2628 1178 2650 coram
1195 2617 1299 2654 nobis,
1317 2622 1473 2649 nostrove
1497 2617 1742 2659 Commissario,
1760 2629 1830 2651 uno

443 2673 502 2694 seu
520 2663 682 2704 pluribus,
706 2663 739 2693 in
767 2663 911 2694 Ecclesia
934 2667 1048 2693 nostra
1072 2661 1263 2693 Cathedrali
1286 2661 1424 2700 Exonie,
1442 2661 1592 2702 proximo
1608 2662 1662 2694 die
1677 2662 1829 2695 Juridico

445 2710 521 2747 post
538 2707 675 2738 Festum
694 2705 810 2738 Sancti
833 2706 994 2746 Bai-nabe,
1011 2704 1173 2745 Apostoli,
1197 2704 1288 2735 dicto
1311 2704 1457 2735 Domino
1477 2705 1622 2736 Waloero
1637 2706 1829 2747 responsuri

444 2760 546 2791 super
572 2750 774 2781 defectubus
796 2749 830 2780 in
856 2749 1019 2788 Cancello,
1044 2748 1162 2787 Libris,
1185 2751 1221 2779 et
1243 2747 1316 2779 aliis
1344 2748 1568 2788 Ornamentis,
1592 2749 1770 2789 domubus,
1794 2752 1830 2781 et

446 2793 608 2824 clausuris
625 2793 775 2834 ejusdem
795 2792 948 2832 Ecclesie,
965 2795 1068 2834 prout
1082 2792 1116 2822 in
1134 2791 1373 2828 Certificatorio
1390 2791 1472 2823 dicti
1489 2791 1693 2824 Venerabilis
1711 2792 1828 2833 Patris,

445 2836 541 2867 nobis
556 2836 635 2867 inde
650 2836 787 2875 directo,
804 2846 842 2868 ac
859 2836 951 2867 vobis
967 2846 1025 2877 per
1040 2845 1100 2866 nos
1115 2834 1321 2874 transmisso,
1338 2834 1470 2875 plenius
1485 2835 1679 2867 continetur
1694 2845 1703 2875 ;
1726 2836 1829 2876 vobis,

445 2881 486 2911 de
502 2889 646 2921 quorum
670 2879 985 2921 circumspeccionis,
1002 2882 1075 2918 etc„
1092 2877 1300 2919 conjunctim
1315 2881 1351 2909 et
1366 2877 1510 2918 divisim,
1527 2879 1772 2911 committimus
1795 2882 1831 2912 et

447 2923 646 2954 mandamus
672 2923 842 2964 quatinus,
871 2922 941 2954 vice
964 2925 1088 2961 nostra,
1111 2921 1182 2953 viso
1205 2926 1240 2952 et
1263 2921 1435 2953 intellecto
1458 2922 1549 2954 dicto
1574 2922 1828 2963 Certificatorio,
