1988 3256
307 362 404 406 422

307 472 383 499 A.D.

307 508 382 535 1380.

306 540 371 567 Vol.
393 541 404 567 1

299 2828 349 2855 fol.

295 2861 358 2889 80b.

533 373 635 407 THE
659 373 906 409 REGISTER
931 374 991 408 OF
1015 374 1195 410 BISHOP
1218 373 1626 410 BRANTYNGHAM.

452 474 662 523 auctoritate
674 487 683 516 ;
711 479 900 519 exemptos,
922 486 1016 517 vero,
1039 479 1074 509 et
1094 476 1334 519 privilegiatos
1353 477 1564 511 auctoritate
1582 475 1705 518 Regia,
1727 473 1860 507 solicite

451 516 600 566 faciatis,
630 529 762 561 vosque
785 530 902 552 omnes
929 522 965 552 et
991 519 1120 562 singuli
1145 519 1272 562 quibus
1299 531 1440 563 presens
1466 523 1625 552 nostrum
1650 518 1875 554 Mandatum,

453 560 646 610 dirigimus,
666 562 812 603 prefatis
832 562 952 596 diebus
970 567 1007 596 et
1023 563 1120 603 locis,
1141 574 1256 596 coram
1276 562 1495 597 Secularibus
1514 567 1550 596 et
1567 560 1799 604 Regularibus
1817 570 1858 594 ac

454 603 531 637 alus
549 605 710 638 Personis
727 606 981 639 Ecclesiasticis
999 607 1220 649 supradictis,
1241 607 1429 639 secundum
1446 610 1579 639 statum
1595 610 1631 639 et
1648 604 1862 647 exigenciam

453 651 609 681 vestrum
635 649 822 691 cujuslibet
847 650 968 684 taliter
992 650 1194 684 exhibentes
1221 650 1314 693 quod
1340 650 1384 683 ad
1410 650 1578 692 premissa
1603 649 1680 682 sitis
1705 647 1860 690 prompti

454 695 489 741 et
504 693 630 734 parati,
649 693 827 736 dispositis
843 694 887 727 ad
902 694 965 727 hec
981 694 1273 737 gubernatoribus
1289 698 1324 727 et
1341 693 1544 727 ductoribus
1560 694 1596 725 in
1613 692 1759 735 singulis
1773 690 1860 724 locis

452 746 499 785 in·
518 736 677 769 Devonia
701 737 859 779 predicta
885 739 921 770 in
949 737 1075 781 quibus
1102 749 1239 771 necesse
1267 739 1374 771 fuerit
1400 741 1437 771 et
1462 736 1641 770 videbitur
1668 734 1851 777 expedire3

453 780 574 812 sclturi
591 781 684 822 quod
700 781 814 814 dictus
831 782 1002 815 Dominus
1017 786 1135 815 noster
1149 782 1226 815 Rex
1241 782 1387 815 diversis
1404 780 1590 822 Militibus,
1610 791 1650 812 ac
1668 779 1745 812 aliis
1760 778 1860 811 laicis

453 822 607 873 etligeis
625 825 696 857 suis
715 825 944 859 existentibus
963 827 999 858 in
1019 826 1088 859 illis
1107 825 1284 865 Partibus,
1308 825 1448 867 scripsit
1468 824 1587 857 eadem
1607 823 1650 856 de
1669 832 1783 861 causa,
1804 824 1856 861 ut,

453 865 584 915 Divina
606 868 724 910 gracia
746 869 952 911 precedente
976 880 1016 902 ac
1040 870 1149 902 eciam
1172 869 1378 912 opitulante,
1406 879 1538 901 necnon
1563 878 1645 900 sano
1671 866 1813 899 consilio
1838 876 1860 898 a

449 910 534 959 viris
546 911 582 942 in
595 911 699 944 armis
723 911 835 945 doctis
847 916 882 945 et
893 913 1044 955 expertis
1057 916 1211 954 accepte,
1230 923 1294 954 pro
1305 911 1502 944 defensione
1524 909 1723 951 hujusmodi
1740 911 1861 941 contra

451 954 609 987 inimicos
625 955 799 996 predictos
815 955 858 989 ab
875 956 1046 989 universis
1062 957 1211 990 Prelatis
1226 961 1261 990 et
1277 956 1377 990 Clero
1395 956 1557 997 dictoque
1574 954 1724 987 Domino
1740 956 1859 986 nostro

453 997 559 1039 Rege,
581 1009 621 1030 ac
639 998 750 1041 Regni
770 1000 823 1032 sui
841 998 967 1042 Anglie
986 999 1131 1042 Populo,
1153 1011 1196 1033 ex
1213 1001 1307 1033 facto
1327 1003 1445 1033 vestro
1462 999 1610 1032 valeatis
1626 997 1751 1030 merito
1769 1005 1858 1028 com-

451 1042 606 1074 mendari
625 1045 730 1085 atque
747 1042 894 1083 laudari,
915 1054 978 1086 pro
995 1045 1147 1076 tuicione
1166 1047 1201 1076 et
1219 1043 1414 1076 salvacione
1433 1043 1588 1085 ipsorum
1607 1052 1647 1074 ac
1666 1039 1860 1082 Anglicane

451 1085 604 1118 Ecclesie
619 1090 818 1128 memorate,
838 1091 874 1121 et
887 1088 922 1120 in
939 1088 1175 1120 confusionem
1192 1087 1409 1119 inimicorum
1426 1084 1671 1127 predictorum.
1718 1083 1775 1117 Ad
1792 1093 1860 1126 que

453 1129 589 1163 facilius
611 1133 648 1162 et
667 1129 810 1163 liberius
831 1130 1000 1173 facienda,
1025 1130 1245 1170 excercenda,
1268 1134 1303 1163 et
1325 1129 1550 1172 expedienda,
1573 1127 1685 1168 vobis,
1710 1127 1751 1160 de
1774 1137 1856 1169 quo-

451 1183 530 1204 rum
551 1173 872 1215 circumspeccione,
898 1177 978 1213 etc„
1004 1174 1233 1206 communiter
1255 1177 1292 1206 et
1313 1173 1464 1213 divisim,
1489 1173 1582 1205 vices
1606 1174 1742 1204 nostras
1765 1180 1854 1202 com-

449 1216 623 1249 mittimus
649 1219 686 1249 et
711 1215 901 1261 plenariam
912 1220 1132 1259 potestatem.
1160 1216 1342 1255 Nolumus,
1358 1219 1484 1255 autem,
1499 1225 1561 1247 nec
1573 1214 1783 1247 intendimus
1794 1223 1858 1255 per

450 1260 630 1301 premissa,
661 1259 853 1302 privilegiis
883 1263 1123 1303 exemptorum
1153 1264 1188 1293 et
1217 1259 1518 1302 privilegiatorum
1548 1269 1612 1300 pro
1641 1256 1858 1300 temporibus

452 1303 580 1336 futuris
604 1303 640 1335 in
663 1302 780 1345 aliquo
805 1303 979 1346 derogare.
1029 1303 1065 1336 Si
1090 1313 1188 1345 quoS,
1213 1313 1307 1343 vero,
1335 1302 1606 1335 contradictores
1631 1301 1688 1334 vel
1713 1299 1859 1333 rebelles

447 1346 650 1379 inveneritis
668 1347 706 1378 in
724 1347 912 1388 premissis,
935 1346 977 1378 de
995 1345 1192 1379 nominibus
1211 1350 1247 1378 et
1267 1344 1528 1388 cognominibus
1548 1344 1734 1376 eorundem
1753 1342 1853 1376 nobis

451 1394 609 1423 constare
645 1390 796 1423 fideliter
832 1389 983 1423 faciatis.
1031 1389 1133 1429 Quid,
1166 1393 1294 1431 autem,
1326 1389 1480 1422 feceritis
1508 1389 1544 1421 in
1573 1387 1750 1431 premissis
1779 1397 1854 1426 nos,

450 1432 652 1509 illm-using&
671 1434 817 1509 iliegocio
840 1433 1012 1476 expedito,
1039 1433 1236 1466 certificetis
1259 1443 1322 1475 per
1343 1435 1490 1473 vestras,
1516 1431 1747 1464 etc.—-Dated
1767 1430 1857 1463 Lon—

475 1487 530 1517 on,
652 1488 681 1509 ri
698 1501 706 1509 .
1610 1485 1629 1499 κ

407 1519 509 1561 Item,
529 1488 657 1554 eisdeilii
676 1521 732 1554 die
750 1524 785 1554 et
802 1520 889 1560 loco,
911 1520 1087 1554 emanavit
1105 1519 1283 1553 consimile
1299 1518 1519 1559 Mandatum,
1541 1518 1711 1552 directum
1728 1516 1856 1551 Priori-

449 1563 514 1598 bus
532 1564 796 1606 Launcestonie,
818 1565 1012 1605 Bodminie,
1034 1568 1069 1597 et
1088 1562 1385 1606 Tywardraythe3
1412 1572 1555 1603 necnon,
1578 1561 1749 1604 Magistro
1767 1561 1856 1594 Tho-

449 1619 506 1641 me
531 1607 654 1651 Bevyl,
684 1611 720 1641 et
747 1608 906 1641 Dominis
932 1607 1085 1642 Johanni
1124 1606 1322 1640 Nanscunel
1350 1618 1390 1640 ac
1417 1605 1571 1639 Johanni
1607 1605 1782 1644 Duraunt,
1813 1603 1856 1637 de

450 1652 707 1694 Poundestoke‚
741 1651 909 1694 Maugani
937 1652 987 1693 [in
1016 1651 1159 1694 Pydre],
1189 1655 1226 1684 et
1255 1651 1298 1684 de
1324 1649 1588 1693 Lanreythowe‚
1621 1648 1856 1681 Ecclesiarum

450 1695 707 1729 Parochialium
729 1694 949 1737 Rectoribus,
974 1706 1038 1739 pro
1062 1694 1247 1730 cornubia.

411 1749 875 1799 Letters-Dimissory,—

407 1802 765 1890 Tlssssais).Newtone,
794 1802 945 1845 literate,
975 1801 1052 1835 “ad
1079 1811 1198 1835 omnes
1225 1801 1380 1834 Minores
1409 1799 1555 1834 Ordines
1567 1799 1585 1814 ’³
1616 1798 1783 1842 (London,
1814 1799 1854 1831 11

410 1901 616 1952 Irregular
636 1899 963 1948 Ministratio11s3
992 1898 1253 1950 Dispensacio
1281 1913 1371 1938 cum
1393 1897 1608 1949 presbitero
1635 1897 1848 1936 celebrante

464 1954 511 1992 in
530 1954 680 1993 minori
698 1960 862 2000 etate,—

407 2008 508 2050 Item,
548 2007 688 2049 ibidem,
719 2008 851 2041 decimo
890 2007 1013 2050 quinto
1041 2006 1107 2048 die,
1137 2006 1308 2040 Dominus
1347 2006 1564 2049 dispensavit
1601 2015 1680 2038 cum
1716 2004 1854 2047 Rogero

450 2051 568 2092 Hulle,
596 2051 801 2094 presbitero,
831 2061 936 2093 super
961 2049 1219 2093 irregularitate
1244 2053 1424 2083 contracta
1449 2059 1512 2092 per
1537 2048 1695 2090 eundem,
1724 2058 1788 2091 pro
1814 2057 1856 2080 eo

451 2095 545 2138 quod
572 2096 665 2128 infra
692 2098 821 2129 etatem
847 2093 1041 2137 legitimam
1070 2094 1113 2127 ad
1142 2093 1264 2126 Sacros
1294 2092 1441 2126 Ordines
1468 2092 1663 2134 promoveri
1691 2102 1728 2124 se
1755 2091 1851 2130 fecit,

449 2144 486 2172 et
507 2140 543 2172 in
567 2140 637 2173 suis
661 2139 832 2182 susceptis
854 2137 1044 2172 Ordinibus
1066 2137 1291 2177 ministravit,
1317 2140 1353 2169 et
1376 2135 1462 2169 alias
1484 2136 1673 2168 immiscuit
1696 2146 1732 2168 se
1755 2134 1854 2168 Divi-

449 2183 525 2223 nis;
560 2193 641 2224 non,
670 2186 799 2224 tamen,
830 2182 867 2214 in
897 2185 1146 2224 contemptum,
1178 2184 1269 2219 etc.;
1306 2180 1526 2219 auctoritate,
1556 2179 1730 2219 videlicet,
1761 2179 1854 2212 Lite-

449 2237 566 2260 rarum
587 2226 777 2269 Augustini
800 2225 841 2259 de
864 2225 1029 2266 Linzano,
1054 2225 1245 2257 Licenciati
1266 2225 1303 2257 in
1325 2224 1494 2263 Decretis,
1521 2222 1686 2257 Canonici
1707 2221 1854 2257 SaIerni-

448 2271 535 2312 tani,
559 2270 701 2303 Domini
722 2269 818 2312 Pape
839 2267 1028 2310 Capeliani,
1053 2267 1116 2301 sub
1140 2267 1222 2300 data
1244 2267 1364 2308 Rome,
1390 2267 1483 2309 apud
1506 2267 1672 2300 Sanctum
1695 2267 1851 2307 Fen-mn,

449 2315 487 2356 iij
512 2314 632 2347 Nonas
653 2312 846 2354 Februarii,
870 2311 1101 2345 Pontificatus
1123 2311 1265 2344 Domini
1286 2310 1421 2345 Urbani
1443 2311 1539 2352 Pape
1562 2311 1658 2344 Sexti
1678 2309 1781 2343 Anno
1803 2320 1853 2343 se-

450 2358 562 2391 cundo
585 2359 620 2400 [3
644 2356 742 2399 Feb„
768 2357 945 2397 1379-80];
974 2356 1134 2397 injuncta
1157 2353 1223 2387 sibi
1246 2364 1311 2397 pro
1333 2354 1437 2388 modo
1459 2354 1559 2397 culpe
1583 2353 1780 2396 penitencia.
1801 2363 1853 2387 sa—

448 2401 577 2441 lutari;
601 2400 774 2440 videlicet,
795 2399 887 2442 quod
904 2402 1081 2432 remaneat
1098 2398 1221 2431 amodo
1239 2407 1425 2439 suspensus
1441 2408 1550 2440 usque
1568 2399 1712 2432 Festum
1730 2399 1854 2432 Pente·
1884 2409 1894 2416 ·

449 2449 560 2479 costes
581 2445 739 2488 proximo
760 2444 931 2482 futurum,
955 2453 995 2475 ac
1015 2445 1139 2484 postea
1159 2441 1309 2475 celebret
1330 2445 1435 2484 prout
1457 2441 1522 2475 sibi
1543 2442 1723 2484 placuerit.
1771 2441 1852 2474 Pr&

451 2486 606 2522 sentibus
628 2492 724 2529 tunc,
749 2486 890 2527 ibidem,
917 2486 1099 2529 Magistris
1121 2486 1178 2519 W.
1205 2486 1294 2519 Bide
1316 2490 1352 2519 et
1374 2486 1420 2519 H.
1448 2485 1631 2527 Hiclynge.

409 2543 467 2581 St.
483 2543 659 2582 Gerrans
680 2540 838 2595 [Sancti
857 2539 1043 2587 Gerendi,
1058 2538 1165 2593 MS]
1180 2553 1190 2587 3
1211 2539 1275 2577 Sir
1290 2539 1491 2578 Matthew
1506 2538 1708 2590 Bodrygy,
1724 2539 1846 2587 R,-

404 2597 549 2630 Licence
564 2597 601 2629 of
615 2595 872 2629 non-residence
886 2595 941 2627 for
953 2605 976 2627 a
989 2605 1083 2637 year,
1101 2594 1191 2626 from
1207 2596 1250 2626 30
1265 2593 1360 2636 Sept.
1379 2597 1463 2626 next
1479 2593 1646 2635 (London,
1664 2596 1708 2626 20
1722 2592 1848 2636 April).

446 2640 592 2679 —Item‚
607 2639 735 2673 eisdem
755 2638 810 2672 die
830 2642 866 2672 et
883 2638 971 2678 loco,
989 2637 1164 2670 emanavit
1175 2636 1383 2670 Mandatum
1403 2648 1467 2679 pro
1487 2640 1589 2679 parte
1606 2637 1693 2671 dicti
1703 2637 1850 2679 Mathei,

449 2684 618 2717 directum
638 2681 787 2716 Officiali
805 2681 997 2715 Peculiaris
1014 2680 1278 2714 Jurisdiccionis
1298 2681 1333 2713 in
1354 2679 1540 2722 cornubia,
1563 2681 1607 2714 ad
1626 2680 1852 2714 relaxandum

449 2728 673 2770 sequestrum
695 2724 780 2759 alias
802 2725 839 2757 in
860 2721 1044 2766 fructibus,
1068 2727 1149 2765 ete,
1174 2723 1331 2765 ejusdem
1353 2723 1505 2758 Ecclesie
1527 2724 1773 2767 interpositum
1795 2734 1850 2757 oc·

449 2772 585 2804 casione
606 2780 676 2802 non
699 2768 899 2809 residemie,
924 2771 1004 2808 etc„
1031 2771 1067 2801 et
1088 2767 1133 2800 ad
1155 2766 1404 2810 publicandum
1427 2767 1689 2807 mancionem,
1716 2771 1782 2800 etc.

413 2823 719 2877 Berry-Narbor
733 2821 1019 2876 [Eurymi-ber,
1037 2821 1121 2859 MS.
1131 2819 1169 2870 Ἰς
1185 2821 1250 2859 Sir
1261 2821 1432 2860 Thomas
1447 2821 1497 2860 de
1510 2821 1846 2869 Dentone,·R.,—

404 2879 549 2911 Licence
566 2878 603 2910 of
620 2876 890 2916 non-residence,
910 2876 928 2890 “
942 2875 1036 2915 dum,
1056 2878 1184 2915 tamen,
1205 2876 1343 2908 steterit
1360 2876 1394 2907 in
1413 2874 1587 2917 obsequiis
1605 2875 1746 2909 Domini
1764 2875 1848 2909 Wil-

448 2921 540 2954 lelmi
564 2921 605 2953 de
627 2919 792 2959 Sleforde,
815 2919 947 2952 Decani
968 2917 1092 2951 Libere
1113 2917 1250 2960 Capelle
1271 2917 1378 2960 Regie
1402 2918 1520 2951 Sancti
1542 2918 1710 2960 Stephani
1730 2920 1843 2953 West-

447 2963 738 3005 monasteriensis,
768 2966 859 3003 etc.;
893 2971 956 3005 per
982 2961 1159 2994 biennium
1188 2961 1390 2994 duraturam
1406 2961 1424 2975 ”
1456 2962 1560 3004 (same
1589 2962 1844 3006 date).—Item,
