1988 3256
663 319 1025 365 1NST1TUT10NS,
1063 321 1168 357 ΕΤο.
1628 314 1687 358 61

147 421 223 483 ἰὶέέῧ·
255 425 355 465 Item,
371 436 412 458 an
431 426 553 458 Vicarii
569 427 611 458 (18
625 427 810 460 residencia
824 427 977 459 facienda
991 427 1189 469 juraverint.

148 476 223 517 Vol..
257 469 308 501 De
323 470 511 502 Minoribus
527 471 693 503 Beneficia
708 472 923 503 habentibus.

152 524 195 551 11.

255 513 356 552 Item,
375 514 418 545 de
435 514 644 546 Beneficiatis
660 526 727 546 non
744 515 908 547 ordinatis
923 515 1012 547 infra
1028 526 1168 548 annum.

257 557 356 597 Item,
372 558 415 590 de
431 558 636 591 habentibus
651 569 742 591 nunc
758 560 811 591 vel
826 559 921 600 prius
936 559 1035 600 plura
1051 560 1225 592 Beneficia.

256 601 355 642 Item,
372 602 414 633 de
430 602 628 643 symoniace
643 603 807 635 ordinatis
822 603 875 634 vel
891 603 1064 644 promotis.

257 645 354 686 Item,
371 646 413 677 de
430 646 614 678 Ordinibus
629 647 840 687 singulorum
858 647 1101 687 ordinatorum,
1118 651 1154 679 et
1170 658 1189 679 a
1205 651 1358 690 tempore
1373 659 1453 690 quo,
1473 651 1508 680 et
1523 659 1543 680 a
1558 648 1691 691 quibus.

255 690 356 729 Item,
372 690 414 721 de
429 700 523 721 arma
539 691 763 731 portantibus.

254 735 355 774 Item,
371 733 414 765 de
430 734 613 775 noctivagis
628 738 664 766 et
678 734 909 767 contenciosis.

258 779 360 817 Item,
378 778 420 809 de
435 777 580 810 ebriosis.

255 823 358 861 Item,
376 822 420 853 de
435 822 603 854 Tabernas
619 824 655 854 et
669 822 734 854 alia
749 822 821 854 loca
836 825 993 864 suspecta
1008 822 1223 855 adeuntibus.

256 867 355 906 Item,
371 866 414 897 de
431 866 655 897 venatoribus.

257 910 356 950 Item,
372 910 415 941 de
430 910 706 950 negociatoribus.

255 954 354 993 Item,
371 953 414 985 de
429 953 492 985 hiis
507 954 566 995 qni
582 953 788 985 secularibus
803 953 958 994 negociis,
975 953 1133 994 precipue
1156 953 1215 985 nbi
1239 957 1406 986 tractatur
1427 955 1594 997 judicium
1618 967 1691 989 san-

298 997 421 1038 guinis,
438 1008 474 1028 se
490 997 694 1030 immiscent.

256 1041 355 1081 Item,
372 1041 414 1072 de
429 1041 668 1082 recipientibus
684 1041 859 1082 pensiones
876 1040 919 1072 ab
935 1040 1100 1073 Ecclesiis.

255 1086 356 1124 Item,
373 1085 416 1116 de
431 1085 671 1126 recipientibus
685 1085 720 1116 in
736 1085 852 1116 alienis
868 1084 1038 1116 Parochiis
1053 1084 1200 1116 decimas
1218 1086 1431 1126 parochiales.

256 1129 357 1168 Item,
375 1129 417 1160 de
434 1129 510 1160 filiis
526 1129 789 1170 presbiterorum
804 1129 1063 1160 succedentibus
1077 1128 1112 1160 in
1130 1129 1303 1161 Beneficiis
1320 1131 1478 1171 paternis.

255 1173 355 1212 Item,
371 1173 414 1204 de
429 1173 603 1214 illegitime
618 1173 782 1204 ordinatis
799 1173 851 1204 vel
867 1172 1081 1204 beneficiatis.

255 1216 354 1257 Item,
371 1217 414 1248 de
430 1217 629 1248 Rectoribus
646 1216 754 1257 palam
771 1217 824 1248 vel
841 1216 971 1248 occulte
987 1216 1149 1248 uxoratis.

256 1260 354 1300 Item,
367 1261 409 1291 de
423 1260 681 1300 Archidiaconis,
694 1271 810 1292 eorum
828 1260 1043 1299 Officialibus,
1054 1263 1090 1291 et
1105 1260 1257 1300 Decanis,
1274 1271 1315 1292 an
1332 1262 1500 1304 recipiunt
1517 1263 1692 1304 pecuniam

300 1315 360 1346 pro
382 1304 505 1336 delicto
521 1304 664 1343 notorio,
682 1307 718 1335 et
733 1304 878 1345 qualiter
893 1304 1016 1335 delicta
1031 1304 1214 1345 corrigunt.

257 1348 356 1388 Item,
372 1359 414 1379 an
432 1348 600 1380 Ordinarii
618 1348 760 1390 predicti
775 1348 922 1379 subditis
938 1347 1008 1379 suis
1024 1348 1093 1379 sint
1108 1348 1248 1380 onerosi.

257 1392 356 1431 Item,
383 1402 425 1423 an
452 1392 688 1423 Archidiaconi
713 1391 878 1432 recipiant
908 1391 1180 1433 procuracionem
1206 1393 1451 1425 inmoderatam
1478 1404 1498 1424 a
1524 1393 1596 1425 loco
1623 1405 1691 1426 non

303 1436 452 1468 visitate.

255 1479 356 1519 Item,
372 1489 414 1510 an
430 1478 550 1510 Ballivi
566 1489 683 1511 eorum
698 1479 768 1510 sint
783 1478 884 1510 nimis
900 1478 1039 1510 onerosi.

256 1523 355 1563 Item,
372 1523 415 1554 de
430 1522 581 1554 vestibus
596 1522 869 1564 presbiterorum.

257 1567 358 1606 Item,
376 1567 418 1598 de
434 1566 619 1608 Sacrilegis,
632 1567 674 1597 de
689 1566 870 1608 suspensis,
886 1567 929 1598 de
944 1566 1254 1607 excommunicatis,
1274 1567 1317 1598 de
1332 1566 1523 1600 interdictis
1529 1578 1538 1608 ;
1554 1569 1596 1600 de
1619 1579 1692 1611 per-

315 1621 407 1643 urus.

256 1621 356 1694 Itgm,
372 1655 415 1685 de
428 1654 465 1686 in
476 1653 558 1685 locis
572 1653 762 1685 interdictis
778 1653 1036 1685 celebrantibus.

257 1698 357 1737 Item,
376 1708 419 1729 an
435 1697 528 1729 laicis
543 1698 646 1729 detur
661 1698 807 1729 Ecclesia
823 1697 866 1729 ad
882 1697 1024 1734 firmam,
1046 1697 1098 1729 vel
1113 1699 1202 1728 terra
1220 1697 1373 1730 Ecclesie.

259 1741 358 1782 Item,
374 1742 418 1774 de
432 1752 500 1773 non
515 1741 762 1778 residentibus;
780 1742 823 1773 de
838 1741 1094 1773 dimittentibus
1112 1741 1292 1773 Ecclesiam
1310 1743 1351 1773 ad
1368 1741 1474 1775 firma.

256 1785 356 1826 Item,
372 1796 414 1817 an
430 1785 536 1826 aliqui
552 1785 738 1826 presbiteri,
755 1786 912 1817 Rectores
927 1785 980 1816 vel
996 1785 1114 1825 clerici,
1129 1786 1163 1816 in
1180 1785 1289 1817 Sacris
1304 1785 1489 1818 Ordinibus
1503 1788 1693 1828 constituti,

300 1839 430 1861 comam
445 1829 608 1861 nutriunt
623 1829 675 1860 vel
693 1832 772 1861 tena
788 1829 858 1869 (sic)
877 1831 1026 1860 utantur.

258 1873 358 1914 Item,
373 1874 416 1904 de
430 1873 656 1905 alienantibus
671 1872 758 1904 bona
775 1872 931 1905 Ecclesie.

258 1917 357 1957 Item,
374 1917 417 1949 de
432 1917 566 1949 Divinis
582 1916 716 1957 Officiis,
733 1927 775 1948 an
792 1917 856 1948 rite
871 1916 966 1948 fiant.

255 1961 355 2000 Item,
372 1961 516 2002 qualiter
529 1961 717 1992 sacerdotes
732 1971 810 1992 cum
827 1959 1020 1992 Eukaristia
1034 1959 1208 1992 incedunt.

256 2004 357 2044 Item,
373 2005 416 2036 (18
431 2004 604 2036 adulteris.

258 2048 358 2088 Item,
375 2049 418 2080 de
433 2047 642 2080 incestuosis.

256 2091 356 2132 Item,
372 2092 415 2123 de
429 2091 683 2132 concubinariis,
699 2091 946 2133 cujuscumque
961 2090 1165 2122 condicionis
1181 2090 1340 2124 existant.

257 2135 358 2175 Item,
376 2136 419 2167 de
433 2135 630 2167 tenentibus
644 2135 788 2177 lupanar
802 2135 854 2167 vel
871 2135 1075 2166 lenocinium
1092 2135 1397 2167 committentibus.

256 2179 355 2220 Item,
371 2180 415 2211 de
430 2179 601 2211 usurariis.

257 2222 358 2263 Item,
374 2223 416 2255 de
431 2222 652 2254 violatoribus
666 2222 797 2264 jurium
813 2225 848 2254 et
862 2222 1062 2254 libertatum
1079 2221 1225 2254 Ecclesie
1240 2225 1276 2255 et
1291 2233 1330 2255 ea
1346 2225 1604 2266 usurpantibus.
1620 2257 1623 2259 ,

257 2266 356 2307 Item,
372 2267 415 2298 de
430 2266 612 2298 diffamatis
627 2277 729 2307 super
743 2276 958 2307 quocumque
972 2265 1112 2298 crimine
1127 2266 1160 2297 in
1178 2266 1310 2298 delicto.

255 2310 355 2350 Item,
371 2311 414 2342 de
429 2309 708 2342 contrahentibus
724 2310 933 2342 clandestina
949 2309 1175 2341 matrimonia.

258 2353 357 2394 Item,
373 2354 415 2386 de
431 2354 496 2386 hiis
511 2354 571 2395 qui
586 2353 785 2395 hujusmodi
799 2353 990 2386 contractui
1004 2352 1247 2385 interfuerunt.

255 2397 358 2437 Item,
375 2398 418 2429 de
433 2397 520 2429 male
535 2397 795 2429 decimantibus.

256 2440 357 2481 Item,
372 2441 416 2472 de
437 2441 667 2473 oblacionibus
683 2440 735 2472 vel
756 2440 891 2482 juribus
915 2440 1138 2472 Ecclesiarum
1162 2439 1404 2481 parochialium
1419 2441 1544 2474 delicta
1558 2443 1690 2475 subtra-

299 2484 468 2517 bentibus.

255 2526 355 2567 Item,
378 2529 421 2560 de
442 2527 642 2567 redditibus,
666 2527 774 2566 terris,
799 2527 851 2558 vel
874 2525 949 2558 aliis
972 2526 1077 2566 bonis,
1101 2536 1162 2568 pro
1187 2527 1437 2560 sustentacione
1463 2528 1603 2561 luminis
1629 2534 1691 2563 aut

299 2571 437 2603 alterius
453 2571 562 2603 Officii
577 2571 612 2602 in
630 2571 776 2603 Ecclesia
791 2570 855 2602 Dei
870 2570 1059 2610 assignatis.

254 2613 354 2654 Item,
370 2615 413 2646 de
434 2615 603 2648 Cantariis
618 2614 671 2646 vel
686 2614 759 2646 aliis
774 2614 997 2646 servitutibus
1012 2614 1047 2645 in
1069 2613 1216 2645 Ecclesia
1235 2613 1406 2654 faciendis,
1423 2618 1484 2647 aut
1499 2615 1690 2649 elemosinis

298 2658 423 2690 debitis
438 2659 491 2690 vel
506 2668 573 2690 non
589 2668 726 2699 quoquo
737 2658 838 2689 modo
853 2657 1045 2689 subtractis.

254 2701 353 2742 Item,
369 2702 412 2733 de
427 2702 691 2743 impedientibus
707 2701 894 2734 servicium
912 2700 1127 2732 Dominicum
1143 2700 1179 2731 in
1195 2700 1352 2734 Ecclesia.

255 2745 354 2785 Item,
371 2745 413 2777 de
432 2745 665 2787 parochianam
682 2745 865 2776 Ecclesiam
881 2754 948 2775 non
965 2743 1271 2784 frequentantibus.

254 2788 353 2828 Item,
370 2789 413 2820 de
427 2788 746 2820 administrantibus
760 2788 795 2819 in
811 2788 920 2819 aliena
937 2787 1097 2820 Parochia
1112 2786 1184 2818 sine
1200 2787 1361 2820 Liceneia.

253 2831 354 2871 Item,
370 2832 412 2863 de
427 2832 632 2864 habentibus
649 2831 813 2870 Oratoria,
830 2834 866 2862 et-
882 2840 950 2872 quo
964 2830 1050 2871 jure.

255 2875 356 2914 Item,
374 2875 418 2907 de
432 2875 630 2907 tenentibus
645 2874 750 2906 scolas
766 2874 983 2906 adulterinas.

254 2918 353 2959 Item,
370 2919 413 2950 de
427 2919 618 2951 defectibus
635 2918 859 2950 Ecclesiarum
876 2921 911 2948 et
927 2917 1212 2949 ornamentorum
1228 2918 1421 2959 earundem,
1437 2922 1499 2951 etc.
