1988 3256
307 338 402 386 358

302 451 340 478 Α
343 452 379 480 D.

302 486 379 513 137⁵.

303 520 368 547 Vol.
386 520 410 547 1.

531 349 631 384 THE
655 348 903 384 REGISTER
927 347 988 383 OF
1013 346 1193 383 BISHOP
1217 346 1623 385 BRANTYNGHAM.

455 453 640 492 confovere,
664 455 700 484 et
726 452 840 492 eciam,
865 462 943 484 cum
966 454 1104 493 tempus
1129 452 1286 493 exegerit,
1310 451 1414 485 libere
1440 462 1618 492 amovere3
1646 452 1844 491 multorum,

457 497 634 539 siquidem,
658 496 886 528 insinuacione
909 496 950 527 ad
974 499 1129 527 nostrum
1156 495 1310 536 pervenit
1335 496 1491 528 auditum
1515 497 1605 538 quod
1628 495 1846 537 quamplures

459 541 566 573 nostri
589 540 728 578 subditi,
745 543 907 581 tanquam
931 539 991 571 filii
1014 539 1192 577 degeneres
1215 543 1332 571 contra
1356 540 1472 571 Patres
1494 540 1691 581 Spirituales
1714 538 1845 571 notorie

455 585 678 625 insurgentes,
695 583 827 615 diabolo
850 583 1024 623 suadente,
1048 583 1313 614 Ecclesiasticam
1336 583 1554 623 Libertatem,
1577 593 1707 615 necnon
1730 582 1843 614 lauda-

456 628 539 660 biles
571 626 840 659 Constituciones
872 626 1037 667 predictas
1067 629 1226 666 evertere,
1258 626 1461 668 clericosque
1491 627 1640 667 viciosos,
1666 630 1702 658 et
1727 628 1846 658 contra

455 672 625 710 nectores,
648 671 806 710 Vicarios,
829 674 865 701 et
889 670 1084 711 Capellanos
1108 670 1316 701 Parochiales
1340 670 1488 710 rebelles,
1516 681 1645 702 necnon
1669 669 1711 701 ad
1734 679 1844 702 excer-

455 715 561 747 cenda
577 714 774 756 hujusmodi
797 713 903 746 officia
925 713 1148 754 laudabiliter,
1165 718 1266 754 prout
1289 714 1395 753 decet,
1411 714 1524 746 minus
1546 714 1702 755 ydoneos,
1719 717 1846 752 tenere,

455 759 630 798 sustinere,
658 762 694 789 et
723 758 837 790 fovere
860 758 968 788 indies
999 768 1067 788 non
1097 757 1277 797 desistunt,
1303 758 1338 788 in
1365 768 1502 789 suarum
1529 757 1716 789 animarum
1743 767 1845 797 grave

455 802 653 844 periculum,
681 802 919 842 dictorumque
943 801 1137 839 Raetorum,
1162 804 1236 839 ete„
1264 801 1486 842 prejudicium
1517 811 1585 832 non
1616 801 1786 832 modicum
1809 804 1845 832 et

454 856 644 887 gravamen,
676 849 710 877 et
741 845 843 877 eciam
875 845 1016 876 aliorum
1048 844 1175 877 Christi
1205 845 1356 876 fidelium
1387 845 1610 886 perniciosum
1637 844 1842 885 exemplum.

454 890 624 928 volentes,
648 889 762 929 igitur,
778 888 878 930 juxta
901 888 1008 920 Officii
1031 888 1137 920 nostri
1160 888 1324 928 debitum,
1350 888 1622 920 Constituciones
1644 887 1843 929 hujusmodi

455 933 650 972 laudabiles,
668 943 734 974 que
750 943 809 973 per
825 932 1062 973 necligenciam
1078 935 1160 963 sunt
1182 932 1311 971 omisse,
1329 932 1363 963 in
1387 932 1567 973 pristinum
1592 935 1721 964 statum
1745 931 1842 962 redu—

453 988 536 1016 cere,
553 987 591 1008 ac
613 977 702 1017 ipsas
724 975 871 1007 illibatas
892 975 928 1006 in
952 979 1124 1016 posterum
1148 975 1324 1015 observari,
1348 986 1408 1016 pro
1432 975 1678 1017 tranquillitate
1702 985 1740 1006 ac
1763 984 1844 1015 pace

452 1021 542 1052 inter
566 1021 732 1059 Rectores,
756 1023 830 1059 etc„
854 1030 892 1050 ac
913 1019 1127 1060 parochianos
1150 1022 1340 1050 nostrarum
1358 1019 1514 1051 Civitatis
1529 1022 1564 1050 et
1580 1018 1728 1051 Diocesis
1749 1021 1843 1049 ante-

453 1064 621 1096 dictarum
649 1063 821 1102 habendis,
846 1072 974 1094 necnon
996 1062 1177 1094 discordias
1201 1062 1291 1094 inter
1316 1063 1405 1103 ipsos
1433 1062 1643 1103 temporibus
1668 1061 1843 1093 retroactis

452 1111 579 1139 temere
589 1108 767 1139 suscitatas
779 1107 914 1138 inantea
924 1106 1039 1137 sedare
1055 1106 1242 1146 salubriter,
1256 1106 1484 1145 proutdecet;
1501 1106 1604 1145 vobis,
1617 1105 1844 1137 communiter

454 1155 490 1183 et
512 1151 656 1190 divisim,
679 1150 935 1190 committimus,
959 1153 1037 1188 etc.‚
1053 1149 1216 1191 quatinus
1242 1149 1440 1191 hujusmodi
1465 1150 1666 1181 Mandatum
1687 1152 1842 1180 nostrum

453 1198 490 1226 et
506 1194 580 1236 ejus
597 1194 780 1226 effectum
771 1204 804 1225 in
822 1194 939 1234 lingua
963 1193 1078 1234 patrie,
1096 1193 1224 1224 Diebus
1242 1193 1427 1224 Dominicis
1442 1196 1478 1225 et
1494 1193 1565 1224 aliis
1583 1192 1736 1232 Festivis,
1752 1192 1842 1223 intra

453 1239 632 1270 Missarum
656 1237 849 1278 solempnia,
875 1242 952 1276 post
974 1236 1200 1286 recepcionem
1226 1236 1439 1268 Presencinm
1462 1236 1575 1268 debite
1599 1235 1786 1277 publicetis,
1809 1238 1846 1267 et

453 1282 604 1323 publicet
618 1281 762 1322 quilibet
778 1286 942 1320 vestrum,
960 1280 1041 1312 Iocis
1060 1280 1217 1320 congruis
1239 1283 1275 1312 et
1297 1280 1508 1321 temporibus
1530 1280 1717 1320 oportunis.
1764 1279 1843 1310 Pre-

453 1325 571 1357 sertim
602 1325 759 1356 volumus
790 1325 882 1374 quod
914 1335 981 1363 vos,
1007 1323 1256 1362 Archidiacone,
1285 1324 1354 1354 sive
1382 1327 1492 1356 vester
1517 1323 1685 1363 officialis,
1711 1322 1843 1354 dictum

454 1369 654 1400 Mandatum
682 1371 837 1400 nostrum
865 1368 900 1398 in
928 1367 1069 1408 singulis
1097 1367 1263 1408 Capitulis
1287 1378 1346 1408 per
1371 1378 1429 1399 vos
1453 1367 1607 1408 proximo
1637 1366 1843 1398 celebrandis

452 1413 585 1454 publice
601 1423 639 1443 ac
654 1412 872 1453 solempniter
887 1411 1072 1452 exponatis,
1088 1421 1147 1442 seu
1163 1411 1293 1442 faciatis
1309 1411 1430 1452 exponi
1446 1421 1600 1452 congrue,
1617 1413 1720 1452 prout
1735 1410 1841 1441 decet.

452 1455 628 1496 Moneatis,
644 1455 758 1495 eciam,
776 1458 812 1487 et
828 1455 1004 1486 efficaciter
1023 1455 1191 1486 inducatis
1207 1465 1322 1486 omnes
1345 1458 1381 1485 et
1402 1454 1552 1495 singulos
1575 1453 1791 1495 parochianos
1806 1456 1843 1484 et

450 1500 605 1531 subditos
621 1502 754 1531 nostros
772 1499 1071 1530 Archidiaconatus
1088 1498 1240 1539 predicti,
1256 1508 1299 1529 ne
1315 1498 1390 1538 quis
1413 1498 1563 1539 ipsorum
1579 1498 1622 1530 de
1645 1496 1843 1539 hujusmodi

450 1543 565 1575 officiis
589 1546 763 1584 presumat
785 1543 827 1574 de
850 1546 960 1573 cetero
983 1542 1212 1574 intromittere
1233 1552 1369 1583 quoquo
1394 1542 1502 1579 modo,
1519 1542 1583 1574 sub
1599 1552 1685 1582 pena
1701 1541 1842 1573 Senten-

450 1587 500 1618 cie
521 1586 658 1628 Majoris
682 1585 1058 1625 Excommunicaeionis,
1081 1595 1182 1626 quam
1207 1585 1241 1616 in
1265 1585 1563 1624 contravenientes,
1588 1588 1624 1617 et
1646 1583 1843 1634 hujusmodi

452 1631 612 1662 Mandato
635 1635 750 1661 nostro
776 1630 1021 1661 contumaciter
1043 1639 1158 1670 parere
1181 1639 1248 1660 non
1272 1632 1438 1668 curantes,
1456 1629 1666 1660 intendimus
1689 1638 1755 1659 non
1779 1627 1840 1659 im-

452 1674 573 1705 merito
600 1673 1075 1714 fulminane.1nqui1entes,
1102 1672 1349 1712 nichilominus,
1377 1673 1419 1704 de
1448 1672 1641 1704 nominibus
1667 1671 1842 1703 rebellium

451 1721 487 1749 et
509 1717 727 1758 culpabilium
755 1717 789 1748 in
814 1716 876 1748 hac
900 1720 1021 1757 parte·
1013 1740 1021 1755 ‚
1045 1719 1089 1756 et,
1113 1716 1142 1748 si
1164 1727 1249 1757 quos
1272 1717 1357 1747 tales
1379 1716 1584 1754 inveneritis,
1608 1716 1698 1757 ipsos
1720 1714 1842 1755 citetis,

452 1762 589 1792 citarive
611 1761 744 1793 faciatis
767 1760 1000 1801 peremptorie,
1024 1759 1116 1801 quod
1138 1763 1354 1800 compareant
1380 1770 1491 1791 coram
1519 1759 1625 1798 nobis,
1650 1759 1703 1790 vel
1725 1762 1841 1790 nostro

453 1805 688 1837 Commissario
719 1804 753 1835 iu
786 1804 847 1835 hac
886 1807 989 1844 parte,
1024 1803 1228 1844 ubicumque
1266 1803 1431 1835 fuerimus
1468 1804 1503 1834 in
1542 1806 1657 1834 nostra
1695 1802 1842 1845 Civitate

451 1848 505 1879 vel
524 1848 662 1888 Diocesi,
681 1847 832 1889 proximo
859 1848 914 1878 die
934 1847 955 1879 J
961 1847 1087 1878 uridico
1114 1851 1190 1888 post
1217 1846 1422 1887 quindenam
1451 1846 1632 1879 Citacionis
1657 1850 1766 1877 vestre
1791 1845 1841 1877 in·

452 1892 598 1923 mediate
625 1894 796 1932 sequente,
824 1891 867 1922 ad
896 1891 1150 1931 proponendum
1176 1900 1291 1921 causas
1316 1890 1542 1929 racionabiles,
1567 1890 1595 1922 si
1618 1900 1702 1931 quas
1725 1899 1785 1930 pro
1807 1899 1843 1920 se

451 1935 606 1974 habeant,
635 1945 740 1976 quare
765 1945 824 1975 pro
856 1934 1087 1966 Ecclesiastice
1117 1934 1299 1965 Libertatis
1330 1934 1511 1965 violacione
1538 1933 1704 1966 canonice
1729 1932 1843 1974 puniri

451 1989 518 2010 non
542 1978 697 2018 debeant,
721 1988 851 2009 necnon
875 1977 955 2018 ipsis
977 1988 1044 2019 quo
1067 1978 1109 2009 ad
1126 1978 1286 2018 premissa
1302 1980 1504 2018 perpetuum
1527 1977 1644 2018 inponi
1666 1976 1841 2008 sileneium

451 2033 510 2063 per
537 2022 730 2054 Decretum.
778 2022 828 2052 De
851 2021 915 2060 die,
933 2032 1019 2060 vero,
1037 2020 1248 2062 recepcionis,
1265 2031 1393 2052 necnon
1422 2021 1504 2061 quid
1532 2020 1679 2052 feceritis
1706 2020 1742 2051 in
1769 2030 1841 2061 pre·

453 2065 572 2105 missis,
597 2076 664 2105 vos,
688 2064 930 2096 Archidiacone
953 2065 1111 2106 predicte,
1130 2067 1282 2096 vesterve
1304 2064 1472 2104 Officialis,
1496 2075 1567 2103 nos,
1591 2064 1675 2096 citra
1699 2063 1843 2095 Octabas

454 2109 579 2140 Pasche
602 2109 756 2150 proximo
770 2107 840 2150 J'am
865 2108 1007 2148 futuras,
1023 2108 1183 2140 distincte
1209 2111 1244 2139 et
1266 2112 1382 2149 aperte
1408 2107 1607 2147 certificetis,
1623 2107 1843 2139 etc.—Dated

453 2155 490 2185 at
505 2152 601 2191 Clist,
618 2153 659 2186 27
675 2152 800 2184 March.

301 2222 389 2283 Agru·
411 2223 715 2274 Archdeaconry
734 2224 775 2261 of
794 2223 962 2271 Exeter,
990 2222 1143 2261 Licence
1163 2229 1200 2261 to
1219 2223 1462 2269 celebrate,-

300 2854 351 2881 fol.

301 2888 364 2916 δοῖ).

410 2279 509 2318 Item,
537 2279 627 2319 apud
655 2278 750 2317 Clist,
781 2281 897 2308 octava
921 2277 975 2308 die
998 2277 1121 2308 mensis
1145 2277 1279 2318 Aprilis,
1304 2277 1471 2308 Dominus
1493 2277 1657 2309 concessit
1681 2276 1842 2318 Magistro

454 2322 562 2353 Radul
566 2321 633 2363 pho
665 2321 837 2362 Pylatone,
861 2321 1001 2353 officiali
1023 2320 1259 2352 Archidiaconi
1283 2321 1418 2360 Exonie,
1445 2320 1630 2352 Licenciam
1653 2320 1843 2352 celebrandi

453 2332 588 2404 Divinap‚
610 2365 662 2396 vel
685 2365 829 2396 faciendi
851 2364 1010 2396 celebrari
1033 2365 1067 2395 in
1091 2364 1262 2405 presencia
1283 2374 1352 2403 sua,
1370 2364 1458 2395 infra
1480 2364 1592 2396 locum
1614 2364 1684 2396 sive
1710 2364 1840 2396 habita-

452 2409 582 2440 cionem
597 2408 831 2440 Archidiaconi
846 2407 1031 2449 supradicti
1046 2418 1054 2447 ;
1077 2407 1240 2449 quamdiu
1258 2408 1403 2439 Domino
1419 2407 1582 2449 placuerit
1597 2408 1807 2440 duraturam.

411 2472 868 2523 Letters-Dimissory,-

411 2526 562 2568 Stephen
586 2526 764 2567 Boghinor,
780 2527 823 2558 de
846 2525 967 2565 Cridie,
992 2525 1142 2565 accolite,
1163 2526 1233 2558 “ad
1250 2537 1365 2558 omnes
1389 2526 1506 2558 Sacros
1529 2526 1670 2559 Ordines
1684 2525 1703 2539 ”
1725 2525 1839 2566 (Clist,

452 2570 472 2603 9
487 2570 608 2612 April).

410 2642 603 2692 Oratory3
631 2640 786 2679 Licence
805 2647 842 2678 to
862 2640 1106 2687 celebrate,—

411 2695 510 2734 Item,
527 2695 661 2734 ibidem,
680 2693 857 2726 undecimo
873 2694 936 2732 die,
954 2694 1142 2726 Willelmus
1163 2694 1254 2726 Stele
1277 2697 1312 2726 et
1334 2694 1490 2726 -lohanna
1512 2704 1597 2726 uxor
1619 2693 1692 2735 ejus
1715 2693 1839 2725 habue-

454 2742 537 2770 runt
571 2739 753 2770 Licenciam
784 2738 1115 2769 faciendioelebrari
1145 2738 1277 2777 Divina,
1301 2738 1335 2769 in
1367 2737 1536 2779 presencia
1565 2737 1750 2769 eorundem
1778 2747 1839 2769 seu

452 2792 569 2814 eorum
592 2781 754 2822 alterius3
778 2781 940 2823 quamdiu
963 2781 1110 2813 Domino
1133 2781 1296 2823 placuerit
1317 2781 1526 2813 duraturam.

411 2854 744 2902 Aveton-Giffard,
767 2855 831 2893 Sir
849 2854 1025 2893 William
1044 2855 1067 2894 J
1074 2855 1160 2902 ude,
1182 2855 1299 2902 R„—

408 2910 547 2942 Licence
570 2909 605 2941 of
627 2909 887 2948 non-resideuce,
904 2909 1040 2951 “nsque
1063 2909 1106 2941 ad
1129 2909 1269 2941 Festum
1295 2909 1410 2941 Sancti
1433 2908 1612 2948 Michaelis,
1636 2918 1725 2940 anno
1747 2918 1839 2940 revo-

453 2954 527 2985 luto
541 2954 559 2967 ’'
577 2952 698 2995 (Clyst,
715 2953 756 2984 24
773 2952 893 2993 April).
