1988 3256
434 353 725 389 REGISTRUM
761 355 1221 390 COMMUNE—ANNO
1262 347 1357 392 11⁰.
1572 344 1664 389 431

125 453 202 481 A.D.
267 456 412 489 tor-itate
431 460 552 490 nostra
573 458 747 491 ordinaria
770 462 888 492 tenore
912 459 1133 493 Presencium
1159 460 1373 493 declaramus
1397 463 1432 493 et
1457 459 1672 492 decernimus

124 489 217 549 {733⁰}
267 509 448 532 numerum
475 503 738 543 quaternarium
764 503 806 536 de
833 503 963 537 Ordine
989 504 1165 537 Minorum
1191 507 1227 536 et
1252 507 1391 536 tantum
1418 512 1599 551 numerum
1627 502 1669 534 de

222 543 228 550 “
269 541 398 576 Ordine
414 543 677 578 Predicatorum
692 546 982 587 Mendicancium,
1015 548 1051 580 in
1066 546 1212 590 singulis
1227 546 1390 580 videlicet
1404 545 1670 578 Arch1diacona-

263 584 360 619 tibus
379 587 545 629 predictis
565 599 673 621 unum
695 589 738 621 de
759 588 888 623 Ordine
909 590 1085 622 Minorum
1107 595 1142 624 et
1163 590 1270 622 alium
1293 590 1335 622 de
1356 589 1486 622 Ordine
1508 589 1668 621 Predica-

270 632 397 671 torum,
426 641 495 663 una
521 642 600 664 cum
625 631 702 665 aliis
729 631 870 666 Curatis
897 632 1128 674 Secularibus,
1156 632 1286 666 ibidem
1312 644 1413 675 posse
1441 632 1607 671 sufficere,
1638 634 1675 663 et

265 673 419 706 sufficere
437 673 571 715 debere,
592 675 636 707 ad
653 675 854 717 hujusmodi
873 676 1111 709 Confessiones
1128 677 1316 709 audiendas
1334 680 1370 709 et
1387 675 1557 708 salutares
1570 675 1669 708 Peni-

267 717 400 749 tencias
425 717 670 752 confitentibus
694 719 931 761 imponendas,
959 724 994 753 et
1019 721 1135 762 ipsum
1158 730 1340 752 numerum
1364 724 1514 759 tantum,
1542 723 1578 752 et
1602 730 1672 751 non

270 758 374 801 ultra,
394 760 438 792 ad
456 760 517 793 hec
535 761 608 794 fore
625 767 844 804 assumptum
860 762 916 795 vel
933 762 1176 795 assumendum
1192 774 1256 805 pro
1273 767 1350 796 tota
1368 767 1489 796 nostra
1506 764 1643 806 Diocesi
1656 775 1665 802 ;

267 807 404 836 attenta
419 804 623 846 diligencius
639 806 748 847 ipsius
765 805 855 838 Cleri
872 810 906 839 et
921 806 1042 848 populi
1057 807 1235 848 paucitate
1248 819 1256 846 3
1281 817 1360 838 cum
1375 807 1502 839 scimus
1517 810 1672 840 nostram

271 846 445 879 Diocesim
461 848 586 889 majori
603 858 746 881 numero
763 859 867 891 quam
885 850 1103 891 premittitur
1118 850 1154 881 in
1171 849 1237 881 hac
1255 853 1355 891 parte
1372 849 1568 882 nullatenus
1587 850 1673 882 indi-

270 900 360 932 gere.
410 891 462 923 De
481 890 547 934 die,
570 902 662 932 vero,
684 892 895 934 recepcionis
913 892 1147 934 Presencium,
1169 896 1205 925 et
1224 891 1396 934 quomodo
1415 902 1556 934 presens
1576 893 1673 926 Man-

271 934 392 966 datum
418 938 576 967 nostrum
603 935 740 968 fueritis
769 936 916 975 executi,
947 946 1022 975 nos,
1053 936 1143 968 citra
1170 936 1314 969 Festum
1343 937 1461 970 Sancti
1491 936 1673 969 Michaelis

267 977 473 1020 predictum,
495 978 705 1019 certificetis,
727 980 956 1012 etc.—Dated
976 979 1131 1020 London,
1153 982 1175 1011 4
1194 979 1290 1022 July.

229 1032 470 1083 Marystowe
485 1046 496 1080 3
524 1033 584 1070 De
603 1032 846 1082 inquirendo
864 1047 983 1082 super
1000 1034 1322 1082 repa<1·acione‚—

221 1085 322 1127 Item,
343 1084 484 1127 ibidem,
505 1087 627 1129 quinto
644 1086 700 1119 die
717 1086 816 1127 Julii,
837 1087 1040 1119 mandatum
1059 1087 1128 1120 fuit
1146 1086 1400 1119 Archidiacono
1419 1086 1592 1125 Tottonie‚
1613 1087 1669 1120 vel

273 1130 350 1171 ejus
373 1128 532 1170 officiali,
560 1130 605 1163 ad
628 1130 871 1173 inquirendum
896 1140 1000 1172 super
1023 1130 1244 1172 reparacione
1270 1129 1429 1163 facienda
1451 1131 1489 1163 in
1514 1130 1671 1164 domibus

270 1173 423 1206 Ecclesie
441 1174 484 1207 de
502 1174 616 1207 Stowe
635 1174 760 1207 Sancte
778 1174 901 1206 Marie.

233 1233 431 1284 Chagford
449 1249 460 1283 ς
491 1235 639 1274 Contra
658 1248 795 1272 manus
813 1235 998 1272 violentas
1017 1234 1213 1271 inicientes
1231 1216 1273 1270 iiz
1296 1234 1481 1272 Thomam
1499 1235 1664 1286 Crydye,

286 1289 332 1326 de
353 1288 682 1339 Chayyqforde,--

234 1342 390 1383 Thomas,
406 1346 482 1383 ete,
499 1343 734 1375 Archidiaeoni
750 1343 857 1374 nostri
872 1342 1030 1374 Tottonie
1047 1342 1186 1374 officiali
1202 1352 1239 1374 ac
1254 1342 1389 1374 Rectori
1406 1343 1551 1376 Ecclesie
1566 1345 1664 1377 Paro-

277 1386 393 1418 cbialis
414 1387 457 1418 de
481 1386 719 1427 Chaggeforde,
743 1387 898 1426 salutem,
914 1386 1111 1418 etta—Cum
1134 1396 1249 1417 omnes
1265 1389 1300 1417 et
1315 1386 1447 1426 singuli,
1464 1388 1568 1420 eciam
1592 1389 1667 1421 laici

277 1430 312 1461 in
328 1430 438 1470 laicos,
455 1441 576 1462 manus
591 1430 766 1462 inicientes
782 1433 908 1462 temere
930 1429 1105 1468 violentas,
1124 1429 1213 1461 infra
1228 1430 1391 1461 Ecclesias
1414 1431 1467 1462 vel
1491 1432 1665 1465 Cimiteria

277 1477 469 1505 nostrarum
487 1473 642 1506 Civitatis
658 1477 693 1504 et
708 1474 865 1513 Diocesis,
883 1484 941 1515 per
957 1473 1227 1506 Constituciones
1251 1473 1437 1514 Synodales
1460 1475 1545 1506 latas
1568 1476 1602 1508 in
1626 1487 1664 1508 ea

278 1521 374 1558 parte
390 1518 527 1559 provide
550 1521 586 1548 et
607 1517 777 1557 admissas,
801 1517 881 1556 sint,
917 1518 989 1558 ipso
1011 1517 1110 1556 facto,
1137 1517 1273 1558 Majoris
1297 1517 1665 1552 Excommunicacionis

277 1560 412 1592 vinculo
435 1561 596 1600 innodati,
620 1561 779 1602 quodque
802 1561 956 1592 nonnulli
978 1560 1168 1600 iniquitatis
1204 1560 1274 1599 filii,
1304 1571 1448 1602 quorum
1472 1563 1608 1595 nomina
1631 1567 1667 1596 et

278 1604 475 1644 cognomina
505 1604 600 1636 nobis
630 1604 766 1645 penitus
788 1604 995 1645 ignorantur,
1023 1604 1188 1635 Thomam
1214 1604 1357 1645 Crydye,
1381 1604 1590 1638 servientem
1613 1618 1663 1639 ar-

278 1657 411 1680 morum
442 1648 579 1680 Domini
605 1648 713 1679 nostri
743 1648 852 1689 Regis,
874 1648 962 1679 infra
993 1647 1207 1679 cimiterium
1231 1647 1375 1679 Ecclesie
1398 1649 1600 1681 Parocbialis
1622 1651 1665 1682 de

280 1691 510 1733 Chaggeforde
526 1691 684 1733 predicte,
696 1701 802 1733 usque
814 1702 880 1723 non
893 1691 1057 1722 modicam
1070 1691 1241 1732 sanguinis
1253 1691 1457 1732 effusionem,
1475 1695 1515 1724 ut
1531 1693 1665 1733 dicitur,

278 1735 425 1773 graviter
439 1736 662 1767 vulnerarunt
679 1746 687 1774 ;
703 1736 794 1766 unde
809 1746 876 1766 non
893 1739 946 1766 est
960 1734 1116 1773 dubium,
1131 1735 1158 1765 si
1174 1735 1221 1766 ita
1237 1735 1292 1772 sit,
1305 1735 1435 1766 dictum
1450 1736 1663 1773 Cimiterium

278 1779 349 1810 fore
365 1779 544 1820 pollutum,
561 1782 597 1811 et
619 1789 639 1810 a
653 1779 826 1820 sepultura
849 1779 883 1810 in
901 1779 1017 1810 eodem
1041 1778 1150 1809 fienda
1173 1788 1350 1820 quousque
1374 1779 1663 1813 Reconciliacionis

279 1822 477 1854 beneficium
504 1822 692 1854 obtinuerit
716 1833 736 1853 a
762 1825 857 1863 parte
882 1821 970 1863 juris
1001 1822 1136 1863 penitus
1158 1825 1417 1863 sequestratum,
1448 1824 1664 1866 prefatosque

127 1862 175 1890 sol.
190 1863 232 1891 84·
277 1866 479 1906 injuriantes
494 1866 528 1898 in
545 1866 708 1907 Majorem
725 1865 1092 1898 Excommunicacionis
1108 1866 1333 1904 Sentenciam,
1352 1866 1424 1907 ipso
1436 1867 1536 1907 facto,
1547 1868 1662 1910 damp-

279 1910 439 1942 nabiliter
453 1910 618 1942 incidisse.
668 1910 828 1949 Quocirca
844 1909 948 1948 vobis,
962 1909 1171 1950 conjunctim
1187 1914 1222 1940 et
1238 1909 1382 1949 divisim,
1406 1911 1662 1952 committimus,

277 1956 352 1992 ete,
391 1954 563 1995 quatinus,
594 1964 695 1995 super
725 1953 895 1994 premissis
925 1953 1121 1993 diligencius
1158 1953 1377 1993 inquirentes,
1408 1954 1437 1985 si
1466 1954 1664 1996 hujusmodi

278 1997 474 2028 violenciam
490 1999 589 2029 modo
605 2007 672 2039 quo
688 1997 901 2038 premittitur
915 1996 1128 2037 reppereritis
1144 1995 1214 2027 fore
1229 1997 1362 2035 factam,
1374 1997 1544 2038 prefatum
1562 1999 1663 2031 Cimi-

278 2040 402 2072 terium
425 2041 604 2082 pollutum,
622 2044 662 2072 ut
682 2042 858 2082 prefertur,
876 2040 1027 2079 existere,
1051 2040 1227 2081 dictosque
1249 2040 1466 2072 vulnerantes
1488 2045 1523 2073 et
1546 2042 1662 2083 injuri-

277 2087 372 2116 antes
387 2084 434 2116 sic
449 2085 753 2116 excommunicatos
768 2084 871 2115 fuisse
886 2087 922 2115 et
938 2094 1018 2119 esse,
1037 2094 1113 2114 cum
1128 2084 1220 2115 omni
1235 2084 1471 2124 solempnitate
1487 2085 1609 2126 debita,
1629 2087 1663 2119 in

278 2127 424 2159 Ecclesia
438 2128 621 2160 Parochiali
633 2129 674 2160 de
691 2127 920 2168 Chaggeforde
934 2127 1071 2168 prefata,
1084 2127 1291 2168 singulisque
1305 2128 1460 2160 Ecclesiis
1472 2129 1664 2162 Deeanatus

279 2171 323 2202 de
338 2171 500 2212 Mortone,
517 2172 550 2203 in
568 2182 636 2213 quo
651 2172 741 2203 dicta
764 2171 910 2203 Ecclesia
926 2172 969 2202 de
985 2170 1215 2211 Chaggeforde
1237 2171 1364 2202 situata
1387 2172 1510 2212 existit,
1535 2173 1664 2206 Diebus

280 2214 464 2247 Dominicis
480 2219 515 2246 et
531 2215 683 2254 Festivis,
700 2215 789 2247 intra
803 2215 979 2246 missarum
991 2214 1174 2255 solempnia
1184 2214 1363 2255 publicetis
1378 2218 1414 2247 et
1430 2216 1639 2248 denuncietis
1653 2228 1662 2256 ;

278 2268 298 2289 a
313 2259 572 2290 denunciaeione
583 2258 779 2300 hujusmodi
795 2269 861 2290 non
873 2261 1040 2289 cessantes
1052 2268 1227 2299 quousque
1238 2258 1329 2289 aliud
1342 2269 1361 2289 a
1372 2259 1468 2290 nobis
1478 2259 1663 2292 habueritis

279 2301 312 2333 iu
329 2302 506 2334 mandatis.
555 2301 591 2333 Si
607 2313 700 2343 quos,
718 2312 804 2340 ver-0,
821 2301 1040 2333 reclamantes
1055 2301 1251 2332 inveneritis
1265 2301 1300 2333 in
1325 2302 1387 2333 hae
1411 2306 1517 2343 parte,
1542 2304 1663 2344 citetis,

279 2355 338 2376 seu
354 2346 450 2377 citari
467 2345 605 2385 faciatis,
621 2345 855 2386 peremptorie,
879 2345 1022 2384 eosdem,
1039 2345 1129 2385 quod
1153 2349 1367 2385 compareant
1389 2356 1500 2378 coram
1524 2347 1665 2379 officiali

279 2392 393 2420 nostro
410 2389 598 2430 Principali,
615 2389 679 2428 vel,
697 2389 731 2420 in
748 2389 822 2430 ejus
837 2389 998 2427 absencia,
1017 2388 1123 2419 nostri
1136 2389 1332 2420 Consistorii
1346 2389 1543 2421 Exoniensis
1557 2391 1662 2422 Presi-

278 2432 392 2471 dente,
410 2433 444 2464 in
465 2433 606 2464 Ecclesia
622 2435 736 2464 nostra
751 2432 941 2471 Exonieusi,
958 2432 1070 2473 aliquo
1085 2434 1176 2463 certo
1191 2432 1246 2462 die
1262 2433 1491 2464 Consistoriali
1502 2444 1603 2475 quem
1617 2435 1664 2466 eis

281 2476 432 2508 videritis
448 2476 688 2517 prefigendum,
705 2486 838 2507 causam
850 2475 1098 2507 reclarnscionis
1111 2485 1170 2506 sue
1184 2475 1219 2506 in
1231 2475 1340 2506 forma.
1348 2476 1434 2517 juris
1450 2478 1663 2518 proposituri,

280 2522 324 2557 et,
335 2520 363 2550 si
374 2530 506 2551 necesse
517 2520 629 2557 fuerit,
643 2519 862 2560 personaliter
871 2519 1028 2560 juraturi,
1042 2519 1258 2559 ulteriusque,
1272 2523 1332 2551 etc.
1371 2520 1416 2551 Et
1425 2521 1507 2561 quid
1518 2521 1665 2554 feceritis

280 2563 314 2594 in
332 2563 500 2603 premissis
515 2563 703 2595 certificetis
719 2563 848 2594 dictum
866 2562 1048 2595 Officialem
1063 2566 1124 2593 aut
1141 2562 1382 2602 Presideutem,
1395 2563 1592 2604 hujusmodi
1608 2566 1663 2597 die

280 2609 316 2637 et
332 2607 412 2646 loco,
430 2617 495 2638 una
518 2617 595 2638 cum
618 2606 816 2648 hujusmodi
839 2606 1017 2638 citatorum
1042 2605 1236 2637 nominibus
1259 2609 1294 2637 et
1317 2607 1582 2647 cognominibus,
1606 2620 1665 2650 per

283 2649 412 2681 Literas
428 2653 564 2689 vestras,
581 2650 804 2682 etc.—Dated
821 2650 971 2688 London,
990 2650 1008 2680 5
1025 2649 1045 2680 J
1049 2649 1081 2680 ul
1086 2659 1116 2690 y.

236 2704 566 2754 Testamentary3
593 2705 801 2743 Relaaeacz'o
829 2705 1021 2753 sequestri
1048 2703 1092 2741 in
1121 2704 1226 2742 bonis
1263 2704 1444 2743 Willelmi
1474 2705 1662 2754 Gilherde,

290 2758 473 2806 defuncti,
493 2760 677 2806 intestati,
698 2766 732 2796 et
750 2759 1016 2808 acquietancia
1024 2759 1235 2807 finalis,—

237 2811 392 2850 Thomas,
418 2816 492 2850 etc„
516 2812 677 2853 Magistro
699 2813 846 2845 ,Iohanni
870 2813 912 2843 de
939 2812 1155 2850 Northwode,
1186 2812 1326 2844 Officiali
1350 2816 1463 2844 nostre
1487 2814 1679 2847 Peculinris

282 2855 534 2887 Jurisdiccionis
555 2856 590 2887 in
613 2856 772 2895 Devonia,
795 2856 950 2895 salutem,
973 2855 1170 2894 ete—Quia
1192 2866 1252 2887 nos
1275 2856 1495 2897 Sequestrum
1512 2858 1546 2889 in
1571 2859 1666 2890 bonis

280 2899 451 2939 quondam
467 2899 626 2931 willelmi
641 2899 822 2940 Gylberde‚
836 2899 998 2938 defuncti,
1016 2909 1075 2940 per
1090 2909 1146 2930 vos
1159 2899 1407 2940 interpositum,
1424 2903 1548 2941 tamen,
1564 2903 1666 2934 certis

280 2953 322 2975 ex
347 2942 455 2975 causis
489 2946 522 2974 et
549 2942 707 2986 legitimis
736 2953 797 2976 nos
821 2943 862 2975 ad
889 2943 951 2974 hoc
978 2943 1201 2983 moventibus,
1234 2943 1468 2984 relaxavimus,
1494 2945 1663 2978 Adminis-
