1988 3256
411 363 701 399 Rsfflsrsun
748 359 1204 399 commune—Anno
1243 354 1333 398 14⁰.
1543 354 1639 399 533

254 468 421 507 Poutone,
438 469 526 500 alias
542 469 714 508 Nansant,
731 469 768 500 in
785 468 972 507 Coi-aubia,
988 471 1025 500 et
1041 468 1210 507 Dionisia,
1234 467 1311 509 ejus
1327 477 1424 507 uxor,
1441 467 1642 499 habuerunt

254 513 450 544 Licenciam
467 514 512 544 ad
527 513 729 545 faciendum
753 513 922 545 celebrari
945 513 1083 552 Divina,
1100 522 1164 553 per
1185 512 1399 553 presbiteros
1421 512 1586 553 ydoneos,
1602 513 1640 544 in

252 567 315 588 sua
330 558 386 588 vel
402 558 558 598 ipsorum
574 558 720 589 alterius
736 558 927 598 presencia,
943 567 1024 588 eum
1043 567 1185 589 necesse
1201 556 1320 596 fuerit,
1337 556 1493 597 exceptis
1509 557 1641 588 Diebus

251 601 444 633 Dominicis
467 604 504 633 et
520 602 682 641 Festivis,
698 602 825 643 quibus
848 601 894 633 ad
917 602 1111 633 Ecclesiam
1135 611 1235 632 suam
1260 601 1445 632 Matricem
1468 601 1640 633 Dominus

249 646 361 677 voluit
383 656 443 677 eos
466 647 699 686 personaliter
720 646 896 685 accedere,
913 646 981 677 nisi
1004 648 1149 686 propter
1170 645 1397 676 infimitates
1416 655 1478 676 seu
1493 645 1639 686 impedi-

249 692 370 721 menta
385 691 544 731 legitima
559 691 642 722 illuc
657 691 817 722 laborare
837 701 908 722 non
931 693 1095 731 possent3
1120 700 1184 731 per
1206 700 1316 720 unum
1340 699 1472 721 annum
1496 689 1639 721 duratu-

249 744 345 772 ram;
368 745 449 766 cum
472 735 537 766 tali
561 735 809 774 clausula,—Si
832 735 921 775 quis,
952 738 1082 773 autem,
1106 734 1290 775 presbiter,
1315 734 1353 764 in
1375 734 1472 765 dicta
1498 734 1641 775 Capella

249 779 440 818 celebrans,
464 780 532 811 hiis
556 780 686 811 nostris
710 779 839 810 Literis
862 779 899 810 in
923 779 1040 820 aliquo
1071 778 1342 817 contravenerit,
1366 778 1482 819 ipsum
1513 788 1640 819 penam

250 823 495 864 Suspensionis
519 834 541 855 a
556 824 794 855 celebracione
817 824 1026 855 Divinorum
1048 823 1227 855 incurrere
1241 823 1404 854 volumus
1420 823 1496 864 ipso
1512 823 1619 855 facto.

203 877 238 914 A
259 877 637 928 Marriage-Licence
650 891 661 925 3
694 878 874 916 Licencia·
886 891 963 926 pro
982 878 1135 926 nupciis
1153 877 1452 923 celebrandis,—

206 932 367 971 Thomas,
384 936 461 971 etc,
478 934 629 964 Domino
646 933 799 964 Henrico
817 933 942 971 Grene,
958 932 1099 964 Vicario
1115 933 1290 973 Perpetuo
1307 932 1461 964 Ecclesie
1478 932 1640 964 Parochi-

250 977 315 1008 alis
331 977 374 1008 de
392 978 710 1018 Chitelhamptone,
728 977 889 1016 salutem,
900 977 1062 1008 etc—Ut
1078 976 1343 1008 matrimonium
1360 977 1454 1008 inter
1469 976 1640 1008 Thomam

253 1021 511 1061 Brighteleghe,
529 1022 621 1053 dicte
643 1024 762 1053 nostre
781 1021 946 1060 Diocesis‚
963 1022 999 1052 et
1017 1021 1208 1052 Cristinam
1226 1021 1366 1060 Corum,
1382 1021 1543 1062 ejusdem
1558 1022 1639 1053 Dio-

251 1066 350 1104 cesis,
374 1068 413 1096 ut
438 1067 577 1105 dicitur,
601 1066 758 1106 legitime
781 1068 1013 1104 contractum,
1038 1076 1101 1106 per
1124 1068 1170 1104 te,
1195 1065 1251 1096 vel
1277 1065 1386 1096 alium
1411 1065 1638 1106 Capellanum

250 1110 436 1150 ydoneum,
450 1111 701 1151 solempnizare
711 1111 748 1141 in
764 1110 859 1142 dicta
872 1110 1038 1149 Ecclesia,
1051 1120 1113 1141 seu
1124 1110 1162 1140 in
1175 1109 1318 1150 Capella
1332 1110 1388 1141 vel
1398 1110 1466 1141 alio
1479 1110 1640 1142 Oratorio

250 1153 408 1193 honesto,
440 1165 481 1186 ac
511 1155 629 1186 omnia
655 1165 722 1195 que
747 1155 792 1186 ad
816 1154 1018 1195 hujusmodi
1042 1154 1260 1185 matrimonii
1287 1154 1639 1194 solempnizacionem

249 1199 429 1238 pertinent
445 1209 612 1239 peragere
628 1200 756 1237 valeas,
773 1199 899 1230 bannis
915 1198 1010 1230 inter
1024 1198 1165 1230 eosdem
1182 1198 1219 1229 in
1242 1198 1333 1230 facie
1350 1198 1504 1230 Ecclesie
1520 1199 1639 1239 primi-

250 1245 308 1274 tus
318 1243 386 1274 rite
396 1243 510 1282 editis,
522 1247 561 1274 ut
573 1246 628 1275 est
640 1244 764 1282 moris;
781 1243 875 1282 dum,
889 1245 1020 1281 tamen,
1032 1243 1169 1274 nullum
1185 1242 1477 1283 impedimentum
1491 1243 1640 1274 Canoni-

250 1297 330 1318 cum
354 1287 531 1319 obstiterit
555 1288 592 1318 in
616 1288 681 1319 hac
704 1290 816 1328 parte,
839 1287 915 1325 tibi,
938 1289 975 1319 et
1000 1287 1188 1328 Capellano
1211 1287 1424 1327 hujusmodi,
1442 1287 1639 1319 Licenciam

250 1334 370 1363 tenore
404 1332 628 1364 Presencium
659 1332 883 1363 concedimus
914 1331 1112 1372 specialem,
1143 1331 1373 1363 etc.—Dated
1399 1333 1436 1363 at
1462 1332 1572 1373 Clyst,
1596 1333 1641 1363 20

249 1375 361 1416 April.

203 1428 286 1467 The
307 1429 587 1480 Archbishop's
602 1430 828 1468 Visitation
845 1443 855 1477 ;
887 1430 1122 1468 Mandatum
1140 1444 1186 1468 ne
1205 1430 1292 1479 quis
1310 1430 1468 1479 auferat
1487 1431 1639 1469 Iustiu-

258 1491 386 1522 menta
404 1485 528 1533 affioea
546 1486 589 1522 in
607 1486 704 1523 ostio
726 1485 886 1523 Ecclesia
907 1484 1157 1523 Catkedralis
1176 1484 1393 1530 Excute,—

206 1538 367 1577 Thomas,
389 1542 467 1578 etc,
484 1540 646 1571 omnibus
669 1542 705 1571 et
728 1540 875 1580 singulis
899 1539 1050 1571 subditis
1072 1539 1213 1578 nostris,
1237 1539 1488 1581 cujuscumque
1513 1543 1638 1579 status,

249 1583 389 1622 gradus,
407 1584 630 1623 condicionis,
655 1584 922 1625 preeminencie,
947 1586 1009 1614 aut
1032 1594 1136 1615 sexus
1158 1584 1322 1623 existant,
1347 1585 1508 1623 salutem,
1525 1588 1639 1616 etc.—

248 1627 330 1666 Vos,
347 1638 469 1659 omnes
484 1631 520 1660 et
544 1629 711 1669 singulos,
727 1639 863 1660 necnon
879 1638 1116 1669 quoscumque
1139 1628 1226 1659 alios
1242 1628 1337 1659 infra
1352 1631 1492 1660 nostras
1508 1629 1637 1661 Civita-

217 1679 232 1692 ·
249 1674 320 1702 tem
338 1672 394 1703 vel
411 1673 585 1704 Diocesim
602 1673 749 1704 ubilibet
766 1673 988 1711 constitutos,
1005 1672 1129 1713 primo,
1146 1672 1309 1711 secundo,
1326 1676 1362 1704 et
1378 1673 1488 1704 tercio
1504 1683 1545 1705 ac
1561 1684 1636 1715 per-

249 1716 419 1756 emptorie
435 1717 646 1757 requirimus
662 1719 697 1748 et
714 1727 917 1755 monemus;
941 1717 1050 1756 vobis,
1068 1717 1190 1755 eciam,
1207 1720 1244 1748 et
1266 1717 1336 1748 illis
1359 1717 1569 1757 inhibemus,
1586 1728 1637 1757 ac,

249 1760 407 1792 districte
418 1762 650 1801 precipiendo,
663 1762 882 1800 mandamus,
899 1771 943 1792 ne
958 1761 1036 1802 quis
1051 1763 1209 1792 vestrum
1225 1763 1287 1792 aut
1302 1761 1443 1792 illorum
1458 1762 1640 1802 presencia

251 1804 494 1836 Instrumenta
508 1806 658 1846 publica,
675 1806 718 1836 de
734 1808 771 1837 et
787 1815 893 1846 super
907 1805 1156 1846 Appellacione
1171 1815 1193 1836 a
1205 1806 1469 1846 gravaminibus
1485 1806 1585 1838 nobis
1602 1810 1638 1838 et

249 1849 399 1880 subditis
416 1850 545 1881 nostris
561 1860 624 1890 per
647 1850 891 1881 Reverendum
914 1849 950 1880 in
967 1849 1108 1881 Christo
1132 1850 1284 1889 Patrem,
1301 1850 1492 1881 Dominum
1509 1851 1636 1882 Willel-

249 1903 356 1932 mum,
380 1894 609 1934 permissione
633 1895 761 1925 Divina
785 1894 1076 1925 Cantuariensem
1099 1893 1422 1935 Archiepiscopum‚
1438 1897 1516 1934 etc„
1541 1895 1638 1927 salva

249 1938 450 1969 reverencia
472 1939 538 1969 sibi
562 1939 690 1977 debita,
706 1938 838 1979 injuste
861 1939 979 1977 illatis,
995 1949 1038 1969 ex
1061 1940 1161 1979 parte
1177 1940 1299 1969 nostra
1320 1939 1540 1979 interposita,
1557 1950 1636 1971 con-

248 1981 352 2020 fecta,
369 1985 406 2013 et
421 1983 457 2012 in
474 1983 539 2014 hoc
556 1983 671 2014 hostio
686 1983 800 2021 affixa,
812 1983 962 2022 auferre,
974 1982 1100 2022 delere,
1110 1982 1314 2023 infringere,
1325 1983 1466 2022 violare,
1483 1986 1545 2015 aut
1560 1984 1637 2025 ipsa

249 2028 311 2057 aut
326 2026 389 2058 has
414 2026 550 2058 Literas
573 2030 711 2059 nostras
735 2027 890 2058 indebite
914 2029 1067 2058 tractare
1090 2029 1282 2067 presumat,
1299 2027 1364 2058 sub
1383 2038 1474 2068 pena
1490 2028 1634 2059 Excom-

248 2070 499 2102 municacionis
514 2071 667 2112 Majoris,
677 2082 782 2112 quam
794 2071 831 2102 in
841 2081 1077 2112 quoscumque
1090 2071 1127 2102 in
1138 2071 1204 2102 hac
1217 2074 1317 2112 parte
1330 2072 1636 2104 contravenientes

247 2114 395 2147 ferimus
411 2115 448 2146 in
464 2115 531 2147 hiis
548 2115 705 2157 Scriptis.
753 2116 789 2147 Si
812 2116 882 2156 qui,
906 2118 1037 2154 tamen,
1053 2115 1186 2147 fuerint
1210 2116 1270 2156 qui
1293 2116 1330 2147 in
1353 2116 1418 2147 hac
1441 2119 1542 2157 parte
1559 2127 1634 2158 pre-

249 2159 392 2190 tendere
409 2160 549 2191 valeant
565 2160 745 2200 interesse,
756 2164 792 2191 et
805 2160 941 2200 copiam
957 2159 1148 2191 eorundem
1165 2160 1294 2191 habere
1306 2160 1517 2199 desiderant,
1530 2161 1635 2194 facie-

249 2213 337 2241 mus,
354 2213 417 2244 pro
433 2204 508 2235 loco
524 2208 561 2236 et
575 2207 733 2245 tempore
749 2205 794 2236 ad
804 2205 870 2236 hoc
885 2204 1049 2244 congruis
1065 2206 1101 2235 et
1116 2205 1309 2245 oportunis,
1327 2205 1462 2245 copiam
1478 2205 1635 2246 ipsorum

249 2246 442 2278 ministrari
465 2249 608 2287 eisdem,
631 2251 738 2290 prout
759 2249 848 2290 juris
871 2248 982 2279 fuerit
1003 2250 1040 2279 et
1063 2249 1385 2280 racionis—Dated
1408 2251 1446 2280 at
1466 2249 1575 2290 Clyst,
1593 2251 1635 2280 22

248 2291 358 2331 April.

204 2350 351 2388 'l'otues
386 2351 549 2402 Priory;
579 2352 815 2390 Mandatum
837 2366 913 2400 pro
942 2352 1080 2390 Priore
1111 2328 1294 2398 Tot-tome,
1316 2365 1394 2401 pro
1424 2352 1630 2400 Calicibus,

237 2411 299 2441 etc.
309 2428 371 2446 ‚—

203 2458 364 2497 Thomas,
381 2461 457 2497 etc„
476 2461 614 2492 Decano
631 2460 803 2499 Tottonie‚
820 2470 861 2491 ac
877 2461 1024 2501 singulis
1037 2460 1235 2501 Capellanis
1247 2460 1284 2492 in
1297 2454 1454 2493 Ecclesia
1470 2462 1631 2494 Parochi·

246 2503 292 2534 uli
310 2503 472 2535 Tottonic
488 2505 646 2544 predicte
669 2505 797 2536 Divina
820 2504 1088 2543 celebrantibus,
1113 2505 1273 2544 salutem,
1290 2506 1492 2538 etc—Cum
1508 2517 1630 2538 omnes

247 2550 283 2578 ct
307 2547 435 2587 singuli
460 2548 571 2588 Regni
595 2549 722 2589 Anglie
744 2549 866 2587 incole,
891 2550 927 2580 et
950 2549 1137 2589 presertim
1161 2549 1424 2581 Cantuariensis
1447 2551 1630 2583 Provincie

247 2591 389 2630 subditi,
405 2592 464 2632 qui
490 2593 533 2624 de
549 2593 720 2632 domibus,
737 2593 912 2631 maneriis,
929 2593 1096 2633 grangiis,
1113 2595 1175 2624 aut
1190 2593 1276 2625 locis
1287 2594 1375 2632 aliis,
1388 2594 1433 2625 ad
1448 2594 1628 2635 Archiepi-

247 2645 378 2676 scop08,
396 2636 595 2677 Episcopos,
612 2637 667 2668 vel
683 2637 770 2668 alias
785 2637 956 2669 Personas
974 2637 1246 2676 Ecclesiasticas,
1263 2647 1325 2669 seu
1340 2638 1386 2669 ad
1400 2639 1495 2679 ipsas
1512 2640 1627 2671 Eccle-

247 2679 317 2710 sias
332 2680 600 2720 pertinentibus,
624 2681 809 2722 quicquam
832 2684 952 2722 preter
975 2683 1010 2712 et
1033 2683 1157 2712 contra
1172 2682 1390 2713 voluntatem
1405 2685 1468 2714 aut
1483 2684 1627 2724 permis-

246 2723 379 2754 sionem
396 2724 635 2763 Dominorum,
652 2726 708 2756 vel
723 2736 842 2757 eorum
860 2726 919 2766 qui
936 2727 1018 2756 sunt
1033 2725 1235 2765 hujusmodi
1251 2736 1368 2757 rerum
1385 2728 1554 2759 custodiis
1569 2729 1626 2759 de-

246 2768 371 2807 putati,
387 2768 601 2807 abstrahere,
613 2769 795 2808 abducere,
809 2780 1023 2808 consumere,
1035 2770 1090 2800 vel
1104 2771 1322 2802 contrectare
1338 2773 1625 2812 presumpserint,

244 2811 454 2851 abstrahire,
472 2814 638 2851 consumi,
655 2814 710 2844 vel
726 2814 937 2846 contrectari
952 2813 1112 2852 feceriut,
1126 2823 1187 2845 seu
1203 2814 1403 2855 hujusmodi
1417 2815 1624 2847 abstraccio-

243 2866 334 2893 nem,
350 2858 667 2898 consumpcionem,
683 2860 744 2889 aut
761 2858 1087 2896 contrectacionem,
1103 2858 1244 2889 nomine
1261 2868 1323 2890 suo
1339 2862 1400 2890 aut
1411 2869 1431 2890 a
1443 2859 1624 2891 familiari-

243 2899 307 2930 bus
323 2900 395 2931 suis
410 2900 552 2940 factam,
576 2904 690 2933 ratam
713 2902 911 2941 habuerint,
935 2902 1006 2933 siut
1030 2902 1217 2934 Sentencia
1241 2902 1624 2936 Excommunieacionis

243 2943 396 2985 Majoeis,
413 2945 449 2975 in
467 2945 675 2978 Sanctorum
692 2947 836 2978 Pati-um
853 2946 1176 2978 Constitucionibns
1191 2946 1227 2977 in
1243 2946 1309 2979 hac
1325 2949 1425 2988 parte
1441 2948 1508 2980 rite
1521 2949 1626 2980 editis
