1988 3256
311 345 408 391 290

307 460 385 488 A.D.

309 494 384 521 1372.

508 357 609 391 THE
641 358 891 393 REGISTER
923 359 986 392 OF
1017 359 1197 393 BISHOP
1228 359 1644 395 BRANTYNGHAM.

422 463 521 504 Item,
549 474 665 496 omnes
690 464 741 497 illi
765 465 826 507 qui
851 465 1134 507 tranquillitatem
1157 466 1246 507 pacis
1269 466 1406 498 Domini
1428 466 1536 499 nostri
1558 466 1659 508 Regis
1682 469 1718 499 et
1741 465 1849 507 Regni

306 527 373 556 Vol·
393 528 418 558 Ι.
465 507 585 548 Anglie
600 508 762 550 injuriose
778 509 974 550 perturbare
997 512 1221 550 presumunt;
1243 510 1333 542 inter
1354 520 1439 552 quos
1461 510 1682 551 intelligimus
1704 510 1852 542 latrones

310 770 369 802 [fol.

309 803 365 835 3⁷]

464 551 616 593 publicos
631 562 747 584 omnes
763 552 890 594 pariter
904 555 939 584 et
955 553 1125 594 predones.

420 597 519 636 Item,
536 605 651 627 omnes
667 595 715 627 illi
731 596 791 637 qui
806 596 928 628 falsum
945 597 1124 638 perhibent
1139 597 1382 637 testimonium,
1399 597 1453 630 vel
1469 597 1636 639 perhiberi
1654 599 1846 639 procurant,

463 642 499 671 et
513 639 573 680 qui
588 639 673 671 tales
688 642 792 671 testes
815 640 958 671 scienter
979 640 1174 681 producunt
1189 641 1240 673 vel
1263 640 1451 673 subornant
1471 642 1507 673 in
1531 642 1640 674 Causa
1662 641 1682 674 J
1688 640 1823 672 udiciali
1839 650 1848 679 ;

464 683 533 722 ubi,
556 683 721 723 videlicet,
744 683 857 724 agitur
882 686 999 715 contra.
1028 684 1292 725 matrimonium,
1316 685 1369 716 vel
1400 684 1458 717 ubi
1488 684 1601 726 agitur
1629 684 1672 717 ad
1702 683 1848 725 alicujus

462 726 766 758 exheredaeionem.

419 771 518 810 Item,
534 780 650 802 omnes
666 770 714 802 illi
729 770 788 812 qui
803 769 838 802 in
856 770 974 803 Causis
996 771 1299 804 matrimonialibus
1321 772 1487 804 maliciose
1508 771 1637 813 aliquid
1659 773 1847 813 opponunt,

464 814 517 846 vel
532 814 655 855 opponi
670 816 862 854 procurant,
878 824 920 846 ne
935 825 1014 846 vera
1030 815 1242 847 matrimonia
1256 815 1411 847 debitum
1427 815 1615 847 sorciantur
1629 815 1799 847 effectum.

420 858 519 897 Item,
529 867 646 889 omnes
661 857 710 888 illi
725 857 785 898 qui
797 858 985 890 Libertates
1000 861 1035 890 et
1045 858 1181 890 Liberas
1195 859 1474 899 Consuetudines,
1484 859 1598 900 quein
1612 859 1732 900 Magna
1744 858 1847 891 Carta

465 901 587 942 Anglie
609 903 645 933 et
666 901 702 932 in
726 901 829 933 Carta
850 902 892 933 de
915 902 1053 934 Forestu.
1068 902 1294 942 continentur,
1311 912 1524 944 quacumque
1544 906 1616 934 arte
1639 902 1692 934 vel
1714 901 1848 942 ingenio

463 944 674 984 violaverint,
686 944 895 985 infregerint,
907 945 1141 984 diminuerint,
1153 956 1213 978 seu
1231 946 1450 986 mutaverint,
1462 946 1563 986 facto,
1576 946 1690 985 verbo,
1706 946 1759 977 vel
1768 955 1844 977 con-

464 988 537 1020 silio
550 997 557 1025 ;
574 987 610 1019 in
626 998 703 1029 qua,
716 988 863 1029 quidem,
879 989 980 1020 Carta.
994 989 1037 1021 de
1050 989 1197 1029 Foresta,
1210 989 1302 1021 iuter
1316 993 1443 1022 ceteros
1459 989 1639 1029 Articulos,
1652 989 1847 1020 continetur

463 1031 555 1073 quod
564 1031 703 1072 scotalli,
714 1031 795 1063 alias
806 1031 943 1073 Anglice
955 1032 1077 1064 bedales
1088 1033 1206 1073 vocati,
1218 1033 1379 1065 facientes
1388 1033 1516 1074 garbas,
1529 1044 1588 1064 seu
1600 1033 1681 1064 alias
1691 1032 1847 1064 collectas

462 1085 693 1118 quascumque
707 1075 900 1116 colligentes
915 1086 974 1107 seu
998 1076 1205 1117 recipientes,
1222 1080 1324 1117 prout
1346 1077 1381 1108 in
1405 1077 1496 1108 dicta
1518 1077 1620 1109 Carta
1643 1077 1685 1107 de
1709 1076 1848 1107 Foresta

463 1119 682 1151 effectualiter
694 1119 1058 1159 continetur,—nullus
1070 1120 1266 1152 forestarius
1282 1120 1332 1152 vel
1344 1120 1496 1152 bedellus
1509 1120 1613 1152 faciat
1624 1119 1782 1151 scotallas
1795 1119 1848 1150 vel

462 1162 597 1204 colligat
626 1162 752 1203 garbas,
775 1162 828 1194 vel
856 1163 1004 1204 aliquam
1035 1163 1266 1195 colleecionem
1297 1163 1556 1205 faciat,—juxta
1585 1163 1847 1195 declaracionem

463 1207 548 1238 bone
578 1206 739 1237 memorie
769 1206 948 1246 Boneiacii,
973 1207 1146 1248 quondam
1177 1207 1428 1239 Cantuariensis
1460 1206 1717 1248 Archiepiscopi,
1735 1206 1847 1246 ,titulo

463 1249 514 1282 De
528 1249 675 1289 scotallis,
691 1250 839 1290 capitulo
851 1250 1118 1282 Prohibicionem.
1165 1250 1234 1290 [Sec
1247 1250 1435 1292 Spelman’s
1448 1250 1619 1292 Glossary,
1633 1260 1692 1282 s.v.
1706 1250 1844 1282 Scotata.

461 1293 543 1325 This
558 1293 686 1325 Article
702 1293 762 1324 has
779 1293 862 1324 been
879 1293 1080 1334 unskiliully
1096 1294 1267 1326 corrected
1289 1294 1356 1325 and
1380 1294 1442 1325 left
1465 1294 1499 1325 in
1518 1304 1537 1325 a
1552 1294 1715 1325 confused
1730 1293 1847 1334 state-1

417 1338 516 1378 Item,
526 1337 576 1369 illi
588 1336 649 1378 qui
662 1346 761 1368 causa
772 1337 894 1378 refugii
906 1338 947 1368 ad
961 1337 1153 1376 Ecclesiam,
1166 1337 1391 1376 cimiterium,
1404 1337 1456 1369 vel
1470 1337 1667 1370 Claustrum
1678 1336 1848 1378 fugientes

460 1381 540 1412 inde
555 1380 720 1412 violenter
734 1380 969 1420 abstraxerint,
987 1380 1040 1412 vel
1055 1391 1172 1412 eorum
1189 1381 1295 1413 victui
1317 1381 1501 1413 necessaria
1524 1380 1769 1422 prohibuerint,
1785 1384 1848 1412 aut

460 1435 512 1456 res
527 1424 697 1465 depositas
711 1423 747 1455 in
762 1424 889 1456 eisdem
915 1424 1083 1456 maliciose
1105 1425 1350 1465 asportaverint
1365 1423 1420 1456 vel
1435 1424 1598 1465 asportari
1620 1424 1772 1464 iecerint,
1787 1427 1850 1456 aut

460 1468 584 1499 factam
599 1467 863 1508 asportacionem
885 1470 994 1499 ratam
1017 1468 1209 1508 habuerint,
1227 1478 1287 1500 seu
1301 1469 1554 1510 asportantibus
1575 1468 1750 1508 auxilium,
1773 1478 1849 1500 con-

460 1511 584 1551 silium,
601 1511 655 1543 vel
669 1521 842 1543 assensum
858 1511 1065 1553 prebuerint.
1208 1513 1210 1515 ’

416 1555 516 1595 Item,
544 1565 660 1587 omnes
686 1554 836 1595 violenti,
862 1555 898 1587 in
923 1565 1002 1587 casu
1025 1565 1044 1587 a
1069 1554 1146 1597 jure
1168 1565 1236 1587 non
1262 1555 1433 1597 permisso,
1457 1555 1492 1587 in
1516 1554 1661 1588 Clericos
1682 1561 1847 1587 manuum

459 1598 648 1631 in'ectores.

417 1609 516 1682 ItemJ,
531 1652 647 1674 omnes
662 1641 887 1674 Ecclesiarum
902 1641 1108 1681 incendiarii,
1125 1644 1161 1675 et
1176 1642 1326 1684 ipsarum
1340 1642 1574 1675 conix-actores.

415 1687 516 1726 Item,
533 1696 649 1718 omnes
665 1696 820 1726 agrorum
844 1686 1108 1727 depopulatores.

415 1730 514 1770 Item,
531 1740 647 1761 omnes
662 1729 712 1761 illi
727 1729 787 1770 qui
801 1729 844 1760 de
859 1729 1037 1770 domubus,
1054 1729 1218 1770 maneriis,
1235 1730 1390 1771 grangiis,
1408 1729 1523 1771 parcis,
1537 1728 1656 1769 boscis,
1671 1729 1846 1770 warennis,
1907 1732 1914 1738 “

458 1773 602 1813 vivariis,
625 1775 688 1804 aut
709 1772 782 1804 aliis
804 1772 884 1804 locis
906 1773 1176 1814 quibuscumque
1199 1774 1241 1804 ad
1264 1773 1548 1815 Archiepiscopos‚
1576 1773 1768 1814 Episcopos,
1793 1773 1846 1805 vel

457 1817 537 1849 alias
553 1817 715 1848 Personas
730 1816 978 1848 Ecclesiasticas
1001 1817 1260 1858 pertinentibus,
1289 1817 1482 1858 quicquam,
1501 1820 1613 1858 preter
1627 1817 1843 1851 dominorum

457 1860 650 1935 voluntates
664 1870 725 1892 seu
740 1860 919 1892 custodum
934 1860 1128 1901 eorundem,
1140 1871 1344 1901 consumere,
1361 1863 1569 1892 contractare
1581 1861 1848 1902 presumpserint

459 1906 518 1935 aut
534 1914 577 1935 au
595 1913 674 1935 erre.

416 1948 516 1987 Item,
540 1957 656 1979 omnes
682 1946 732 1979 illi
757 1946 818 1988 qui
845 1946 1000 1987 Clericos,
1025 1946 1159 1988 publice
1183 1957 1222 1979 ac
1245 1947 1376 1979 notorie
1403 1958 1463 1988 pro
1489 1946 1625 1980 Clericis
1652 1946 1785 1979 habitos
1810 1950 1847 1979 et

458 1993 642 2032 reputatos,
659 1991 700 2022 de
716 1990 855 2022 crimine
870 2001 937 2022 non
953 1990 1120 2022 confessos
1129 2001 1191 2022 nec
1202 1991 1381 2030 convictos,
1397 2001 1459 2022 nec
1474 1990 1641 2023 canonice
1652 1990 1844 2032 indictatos,

457 2034 624 2066 maliciose
645 2034 868 2075 proscribunt,
884 2034 1063 2074 banniunt,
1078 2034 1226 2075 capiunt,
1243 2034 1296 2066 vel
1311 2037 1461 2066 arestant
1477 2037 1511 2066 et
1527 2034 1683 2066 detinent
1705 2034 1841 2075 invitos,

457 2080 518 2109 aut
533 2077 647 2110 taliter
662 2077 804 2117 banniri,
820 2077 990 2118 proscribi,
1006 2077 1145 2109 arestari
1162 2078 1212 2109 vel
1230 2077 1312 2119 capi,
1329 2081 1389 2109 aut
1404 2077 1549 2109 detineri
1571 2080 1764 2118 procurant,
1781 2081 1844 2111 aut

457 2121 517 2163 qui
540 2121 710 2153 voluerint
731 2120 822 2152 abire
848 2120 950 2153 libere
976 2131 1043 2152 non
1069 2120 1285 2162 permittunt,
1309 2124 1371 2153 aut
1392 2121 1467 2153 illos
1490 2131 1531 2153 ex
1552 2121 1622 2152 odii
1647 2120 1767 2153 fomite
1790 2121 1844 2154 vel

458 2164 588 2196 racione
603 2164 751 2196 vindicte
766 2167 924 2196 accusant
938 2174 998 2196 seu
1013 2165 1160 2196 accusari
1176 2167 1367 2206 procurant.

414 2208 514 2247 Item,
545 2218 662 2239 omnes
685 2208 945 2250 Sequestrorum
978 2208 1133 2249 Episcopi
1163 2211 1199 2239 et
1229 2208 1387 2241 Officialis
1417 2208 1571 2250 ejusdem
1593 2207 1783 2248 violatores,
1806 2218 1846 2240 ac

457 2252 478 2283 J
481 2251 735 2283 urisdiccionem
748 2251 957 2284 Ordinariam
975 2252 1220 2292 perturbantes.

413 2295 511 2335 Item,
535 2305 651 2327 omnes
672 2294 723 2327 illi
745 2295 803 2336 qui
826 2295 934 2336 gracia
956 2295 1050 2335 lucri,
1073 2295 1151 2335 odii,
1173 2294 1226 2327 vel
1240 2295 1373 2335 favoris,
1390 2294 1536 2337 aliquem
1559 2295 1727 2327 maliciose
1749 2294 1842 2327 diffa-

455 2339 623 2371 maverint
638 2339 680 2370 de
695 2338 834 2370 crimine
849 2338 891 2369 de
906 2348 973 2380 quo
989 2338 1084 2380 prius
1095 2348 1163 2370 non
1175 2341 1248 2370 erat
1259 2338 1463 2379 diffamatus,
1480 2342 1522 2370 ut
1537 2338 1584 2370 sic
1599 2338 1721 2371 saltem
1733 2338 1843 2371 eidem

456 2382 614 2424 purgacio
629 2382 807 2422 indicatur,
823 2381 877 2414 vel
893 2382 957 2413 alio
973 2382 1073 2413 modo
1088 2385 1257 2423 gravetur.

412 2425 511 2464 Item,
531 2436 646 2457 omnes
661 2425 711 2457 illi
725 2426 784 2467 qui
799 2425 1000 2466 impediunt,
1016 2435 1075 2457 seu
1091 2425 1245 2467 impediri
1261 2428 1452 2467 procurant,
1471 2425 1618 2458 Ultimas
1640 2424 1843 2458 Voluntates

453 2469 704 2509 defunctorum,
727 2469 902 2510 presertim
924 2469 960 2500 iu
984 2468 1047 2501 hiis
1077 2479 1144 2511 que
1166 2469 1208 2501 de
1229 2469 1316 2511 jure,
1347 2472 1488 2510 statut0,
1520 2468 1573 2501 vel
1599 2469 1844 2501 consuetudine

456 2512 559 2554 legari
573 2515 725 2554 possunt.
1225 2552 1228 2553 ⁷

413 2556 511 2596 Item,
543 2566 659 2588 omnes
689 2555 738 2588 illi
767 2555 827 2597 qui
856 2555 891 2587 in
923 2555 1010 2588 Loco
1033 2555 1208 2598 supposito
1238 2555 1425 2588 Interdicto
1455 2565 1663 2598 quemquam
1692 2555 1843 2597 cogerint

456 2599 578 2631 Divina
593 2599 709 2632 Officia
724 2598 898 2631 celebrare.

413 2643 512 2682 Item,
529 2653 644 2674 omnes
659 2642 823 2683 suspensi,
841 2642 894 2674 vel
909 2642 1110 2674 nominatim
1132 2642 1424 2681 excommunicati,
1442 2642 1649 2683 denunciati,
1673 2645 1709 2675 et
1723 2652 1743 2675 a
1758 2642 1842 2675 cele-

454 2686 630 2718 brantibus
647 2686 782 2718 Missam
798 2689 839 2718 ut
853 2689 976 2718 exeant
992 2686 1121 2726 moniti,
1135 2685 1223 2728 [qui]
1235 2686 1360 2718 ibidem
1378 2686 1646 2727 presumpserint
1659 2695 1842 2719 remanere.

410 2729 508 2769 Item,
525 2740 641 2761 omnes
656 2729 705 2761 illi
721 2729 781 2771 qui
795 2729 831 2760 in
846 2729 1018 2770 gradubns
1035 2729 1336 2771 consanguinitatis
1351 2734 1387 2761 et
1401 2729 1586 2769 affinitatis,
1602 2732 1720 2761 contra
1733 2729 1842 2762 Inter-

454 2773 585 2804 dictum
603 2773 757 2814 Ecclesie,
773 2775 835 2805 aut
849 2783 925 2805 cum
942 2772 1154 2814 Monialibus,
1170 2773 1314 2805 scienter
1329 2773 1371 2805 de
1387 2773 1477 2805 facto
1493 2772 1748 2805 matrimonium
1763 2783 1841 2805 con-

454 2816 630 2850 traxerint.

409 2858 508 2899 Item,
525 2869 641 2891 omnes
662 2859 805 2891 usurarii
827 2859 1022 2899 manifesti3
1046 2862 1082 2891 et
1097 2859 1180 2891 tales
1201 2869 1269 2891 non
1292 2859 1419 2892 debent
1440 2859 1578 2900 absolvi,
1595 2859 1661 2891 nisi
1683 2859 1777 2901 prius
1799 2859 1843 2891 de

452 2902 567 2934 usuria
588 2906 722 2944 recepta
746 2902 970 2935 satisfecerint
992 2905 1231 2944 competenter,
1253 2902 1354 2945 juxta
1380 2903 1560 2936 facultates
1590 2912 1693 2943 suas;
1716 2912 1777 2935 neo
1799 2902 1842 2935 ad

451 2945 661 2988 sepulturam
679 2946 904 2978 Christianam
921 2946 1047 2979 debent
1061 2946 1209 2979 admitti.
