1988 3256
318 346 414 389 526
530 358 630 391 Tun
666 358 909 392 Rnffls'rsa
944 359 1004 392 or
1035 359 1213 392 BISHoP
1248 359 1656 395 BRANTYNGHAM.

313 460 388 504 AJD·
469 464 560 495 lanis
576 465 838 496 Parochialibus
855 466 1090 497 Ecclesiamm
1107 466 1149 497 de
1167 467 1377 498 Heauntone
1390 465 1682 508 [Punchardone]
1695 468 1732 498 et
1749 466 1858 498 Mere-

314 496 420 555 {f‘ffif'l'
469 509 577 548 wode,
596 510 756 549 salutem,
773 510 975 542 etc—Cum
994 511 1080 541 bene
1097 511 1354 542 decimantibus
1379 512 1473 542 Deus
1496 511 1677 542 fructuum
1701 511 1858 542 omnium

469 553 761 593 habundanciam,
779 555 934 595 corporis
958 555 1158 594 sanitatem,
1174 556 1435 595 indulgenciam
1459 558 1693 596 peccatorum,
1710 558 1746 586 et
1769 558 1860 586 eter-

471 608 556 628 num
580 600 755 639 premium
778 599 970 639 largiatur3
995 600 1096 638 male,
1113 610 1205 638 vero,
1230 600 1447 631 decimantes
1463 599 1580 631 Divini
1598 599 1759 640 Precepti
1782 609 1858 640 pre-

470 643 683 674 varicatores
706 644 869 682 existant,
894 647 929 674 et
952 644 1009 684 qui
1034 654 1102 674 non
1129 644 1269 675 solvunt
1293 644 1446 675 decimas
1462 644 1506 675 ad
1529 644 1701 675 decimam
1717 654 1860 675 conver-

470 689 602 726 tantur,
630 688 868 729 Dominusque
895 699 966 719 non
991 689 1148 728 increpet
1174 689 1328 719 locustas
1351 699 1416 719 nec
1440 689 1562 729 plagas
1585 691 1795 727 ammoveat,
1819 698 1861 719 ac

470 732 563 771 quod
588 742 657 762 non
685 733 812 773 accipit
838 733 1000 763 Christus
1025 733 1126 763 tollat
1152 733 1275 771 fiscus3
1304 733 1497 773 Divineque
1524 735 1560 764 et
1587 733 1740 764 humane
1764 733 1861 772 leges

471 776 668 816 precipiant
685 777 839 807 decimas
855 777 930 807 fore
946 777 1083 816 integre
1100 777 1358 817 persolvendas,
1375 787 1565 818 omnesque
1581 780 1617 808 et
1633 777 1763 816 singuli
1780 777 1859 808 sub-

472 820 535 850 diti
554 821 761 858 Exoniensis
778 822 934 852 Diocesis
950 822 1087 852 debitas
1103 822 1302 853 oblaciones
1318 822 1372 852 vel
1397 822 1542 852 devotas
1558 822 1594 852 in
1612 821 1778 853 Ecclesiis
1794 821 1859 852 Dei

472 865 546 895 lieri
571 865 803 905 impedientes
827 866 897 896 sint
923 866 1109 897 Sentencia
1135 866 1278 907 Majoris
1303 866 1687 897 Excommunicacionis
1709 866 1746 896 in
1771 865 1859 897 Con-

471 909 659 940 stitucione
684 910 850 950 Synodali
874 913 1075 941 nostrarum
1100 910 1265 941 Civitatis
1288 913 1324 941 et
1348 911 1504 942 Diocesis
1527 911 1563 941 in
1587 911 1652 941 hac
1675 912 1776 951 parte
1792 910 1860 941 rite

470 953 575 992 edita,
599 964 666 994 que
689 955 813 995 incipit
842 955 882 985 Ut
907 955 1113 985 Ornmnevta.
1137 955 1375 993 Eccksiarum,
1399 955 1672 995 dampnabiliter
1690 954 1860 992 involuti3

470 998 623 1038 quidam,
640 1001 770 1037 tamen,
787 999 900 1030 incole
917 1010 958 1030 ex
975 1002 1075 1039 parte
1094 999 1229 1030 Boreali
1246 1000 1346 1040 Aque
1362 1000 1405 1030 de
1418 999 1639 1038 Wffitefelde,
1656 998 1859 1040 parochiani

472 1042 626 1073 Ecclesie
643 1043 858 1074 Parochialis
875 1044 917 1074 de
935 1044 1130 1074 Merewode
1147 1044 1314 1084 predicte,
1331 1046 1367 1074 et
1383 1044 1478 1074 infra
1493 1044 1640 1074 eandem
1652 1043 1858 1074 Parochiam

470 1087 606 1118 notorie
624 1091 891 1127 commorantes,
915 1098 1063 1128 quorum
1087 1088 1231 1119 nomina
1253 1088 1463 1127 ignorantur
1485 1088 1618 1128 pariter
1641 1090 1677 1118 et
1700 1097 1860 1128 persone,

471 1131 624 1162 decimas
640 1132 803 1170 minores,
821 1143 942 1163 omnes
961 1135 997 1163 et
1020 1132 1188 1172 singulas,
1204 1132 1247 1163 ad
1265 1133 1396 1163 dictam
1413 1132 1606 1163 Ecclesiam
1623 1134 1659 1163 et
1676 1132 1860 1163 Rectorem

471 1176 630 1216 ejusdem
662 1177 819 1207 Ecclesie
847 1177 906 1217 qui
937 1180 991 1207 est
1017 1187 1081 1217 pro
1111 1179 1270 1217 tempore
1295 1177 1523 1217 pertinentes,
1551 1187 1573 1208 a
1604 1176 1709 1207 Festo
1740 1176 1860 1207 Sancti

472 1220 654 1251 Michaelis
668 1221 827 1261 proximo
843 1222 1012 1262 preterito
1028 1221 1284 1262 provenientes,
1301 1224 1406 1261 prout
1429 1231 1471 1252 ex
1487 1221 1744 1260 fidedignorum
1760 1220 1859 1258 testi-

470 1265 588 1295 monio
598 1266 807 1306 accepimus,
821 1266 966 1296 minime
978 1266 1233 1306 persolverunt,
1246 1266 1450 1306 debitasque
1461 1268 1497 1296 et
1507 1266 1652 1296 devotas
1662 1265 1861 1296 oblaciones

472 1309 611 1340 Rectori
639 1309 797 1350 ejusdem
827 1310 980 1341 Ecclesie
1009 1310 1096 1341 solvi
1123 1312 1159 1341 et
1186 1310 1307 1349 largiri
1332 1310 1593 1350 impediverunt
1616 1319 1799 1350 perperam
1823 1311 1860 1340 et

470 1353 598 1394 inique,
617 1354 839 1385 Sentenciam
858 1355 1243 1385 Excommunicacionis
1261 1354 1405 1395 Majoris
1416 1354 1611 1394 predictam
1628 1354 1666 1384 in
1682 1354 1748 1384 hac
1759 1355 1860 1394 parte

471 1398 745 1438 dampnabiliter
759 1399 980 1438 incurrendo,
1002 1399 1039 1429 in
1062 1399 1259 1430 animarum
1285 1409 1427 1430 suarum
1451 1398 1584 1438 grande
1607 1398 1802 1439 periculum
1825 1399 1862 1428 et

470 1443 619 1473 aliorum
632 1443 867 1483 perniciosum
878 1444 1087 1483 exemplum.
1113 1443 1283 1482 Quocirca
1292 1443 1401 1482 vobis,
1413 1443 1648 1474 communiter
1659 1445 1696 1473 et
1707 1442 1860 1481 divisim,

470 1489 547 1525 etc„
575 1487 785 1518 mandamus
808 1488 975 1528 quatinus
998 1487 1155 1528 prefatos
1179 1488 1310 1518 incolas
1333 1490 1370 1518 et
1392 1487 1633 1527 parochianos,
1657 1486 1782 1527 primo,
1810 1496 1862 1518 se-

470 1532 595 1570 eundo,
612 1534 647 1562 et
663 1532 773 1563 tercio
789 1542 829 1563 ac
844 1532 1089 1573 peremptorie,
1106 1532 1143 1562 in
1159 1542 1287 1572 genere
1307 1532 1465 1572 legitime
1489 1531 1673 1570 moneatis,
1689 1533 1725 1562 et
1748 1530 1860 1562 effica-

471 1577 560 1606 citer
582 1576 768 1615 inducatis,
792 1577 884 1617 quod
908 1577 951 1607 de
975 1574 1121 1607 decimis
1144 1577 1347 1618 hujusmodi
1371 1576 1603 1614 satisfaciant,
1626 1578 1667 1606 ut
1683 1577 1860 1614 tenentur,

471 1621 536 1650 sub
554 1621 699 1662 Majoris
716 1621 1102 1652 Excommunicacionis
1118 1631 1210 1661 pena
1225 1621 1261 1651 in
1285 1621 1432 1652 rebelles
1455 1622 1517 1651 aut
1540 1630 1612 1650 non
1634 1621 1801 1660 parentes
1823 1619 1861 1650 in

471 1664 537 1695 hac
564 1668 664 1705 parte
690 1676 760 1695 non
787 1666 965 1696 immerito
990 1665 1231 1703 fulminande3
1266 1667 1469 1705 ceterosque
1496 1664 1698 1705 hujusmodi
1723 1663 1862 1695 debitas

470 1710 525 1739 vel
542 1710 688 1740 devotas
704 1710 903 1741 oblaciones
926 1710 1001 1740 fieri
1018 1710 1251 1750 impedientes
1275 1710 1324 1740 sic
1347 1709 1668 1740 excommunicatos
1690 1708 1801 1739 fuisse
1823 1710 1860 1739 et

471 1763 547 1784 esse
563 1754 701 1794 publice
717 1757 753 1785 et
770 1754 999 1794 solempniter
1014 1755 1050 1784 in
1067 1764 1194 1793 genere
1208 1754 1400 1792 nuncietis3
1417 1753 1635 1794 inquirentes
1650 1753 1693 1784 de
1710 1752 1860 1783 nomini-

471 1798 537 1828 bus
562 1801 597 1829 et
623 1799 890 1838 cognominibus
915 1799 952 1829 in
977 1799 1158 1839 premissis
1182 1801 1244 1829 aut
1271 1808 1392 1829 eorum
1423 1798 1539 1838 aliquo
1567 1796 1860 1838 delinquencium.

474 1842 519 1872 Et
546 1853 632 1883 quos
659 1843 695 1873 in
724 1843 788 1874 hac
812 1845 913 1883 parte
940 1843 1132 1883 culpabiles
1162 1852 1224 1873 seu
1254 1843 1446 1873 infamatos
1475 1841 1711 1882 reppereritis,
1744 1841 1861 1872 citetis

471 1887 622 1926 eosdem,
639 1887 884 1928 peremptorie,
901 1888 993 1928 quod
1009 1889 1236 1927 compareant
1252 1897 1369 1918 coram
1386 1886 1497 1925 nobis,
1513 1887 1550 1917 in
1567 1886 1724 1917 Manerio
1740 1887 1862 1917 nostro

472 1931 515 1962 de
541 1931 651 1972 Clyst‚
678 1932 814 1962 decimo
839 1932 895 1962 die
919 1932 1077 1962 Juridico
1105 1942 1126 1962 a
1150 1934 1308 1971 tempore
1335 1931 1525 1962 Citacionis
1551 1933 1668 1961 vestre
1695 1930 1861 1961 continue

471 1976 699 2014 numerando,
717 1986 822 2016 super
836 1976 1018 2016 premissis
1034 1976 1151 2006 debite
1178 1976 1379 2016 responsuri
1397 1978 1432 2006 et
1452 1975 1523 2016 juri
1539 1974 1700 2015 parituri,
1715 1974 1862 2005 facturi-

471 2030 537 2060 que
564 2021 713 2050 ulterius
736 2024 771 2051 et
795 2021 969 2060 recepturi
993 2020 1084 2061 quod
1107 2020 1249 2061 justicia
1273 2020 1442 2050 suadebit.
1490 2019 1705 2056 Terminum,
1729 2020 1860 2057 autem,

470 2065 748 2104 peremptorium
775 2064 989 2105 hujusmodi,
1014 2065 1198 2095 vicinitate
1229 2065 1295 2095 loci
1326 2066 1363 2095 et
1393 2064 1563 2104 qualitate
1587 2063 1723 2102 negocii
1744 2062 1862 2094 debite

471 2109 711 2147 consideratis,
734 2109 854 2140 taliter
877 2109 1040 2139 duximus
1067 2109 1332 2140 moderandum.
1381 2108 1426 2139 Et
1453 2107 1536 2148 quid
1560 2107 1726 2146 feceritis,
1750 2109 1863 2138 ete.—

471 2153 585 2184 Dated
602 2156 639 2184 at
657 2153 767 2194 Clyst‚
784 2154 804 2184 5
819 2153 930 2193 April.

315 2215 392 2275 Ἐπ’
429 2216 590 2263 Exeter,
619 2217 677 2254 St.
705 2217 921 2263 Laurence,
954 2217 1003 2254 R.
1023 2230 1034 2264 3
1064 2217 1306 2255 Mandatum
1335 2230 1384 2254 ‘ne
1418 2215 1509 2265 quis
1542 2215 1782 2253 admittatur
1808 2214 1866 2254 ad

480 2271 693 2309 Ecclesiam
715 2271 854 2309 Sancti
872 2270 1103 2317 Laurencii,
1128 2270 1317 2313 Civitatis
1334 2270 1556 2316 Eaeo‘nicf—

426 2326 588 2365 Thomas,
605 2330 682 2365 etc,
700 2327 859 2357 Dominis
875 2327 895 2357 J
898 2326 1027 2357 ohanni
1045 2326 1247 2367 Luffewyke
1263 2336 1304 2357 ac
1321 2326 1473 2357 Roberto
1491 2326 1660 2366 Burgeys,
1673 2334 1714 2356 ac
1730 2324 1863 2355 Thome

471 2372 657 2409 Amnenet,
683 2371 881 2412 Capellanis
904 2371 1034 2401 nostris
1057 2371 1290 2401 familiaribus
1313 2373 1349 2401 et
1372 2370 1677 2408 commensalibus,
1700 2369 1862 2407 salutem,

471 2415 671 2446 etc—Cum
686 2416 911 2446 Presentatos
921 2425 1156 2456 quoscumque
1167 2415 1211 2446 ad
1221 2415 1396 2445 Beneficia
1406 2414 1653 2445 Ecclesiastica
1661 2415 1862 2444 nostrarum

472 2460 636 2490 Civitatis
652 2463 688 2490 et
704 2460 860 2490 Diocesis
877 2460 1053 2498 vacaneia,
1070 2469 1286 2500 quecumque
1313 2461 1349 2490 et
1368 2459 1634 2499 qualiacumque
1657 2458 1801 2496 fuerint,
1817 2456 1863 2488 ad

470 2514 768 2544 quorumcumque
785 2504 1073 2535 Presentaciones
1089 2503 1300 2544 spectancia,
1315 2503 1513 2541 admittere,
1524 2505 1560 2533 et
1576 2502 1671 2543 ipsos
1688 2501 1862 2533 Oanouice

471 2549 656 2579 instituere
673 2549 709 2578 in
725 2548 869 2586 eisdem,
887 2548 931 2579 ad
947 2558 1010 2578 nos
1026 2548 1138 2578 solum
1160 2550 1197 2578 et
1220 2548 1255 2578 in
1280 2548 1440 2586 solidum,
1457 2550 1493 2578 et
1515 2547 1561 2578 ad
1583 2547 1718 2577 nullum
1741 2545 1862 2584 alium,

1976 1735 1988 1939 *Anu-*mmans
1967 1691 1973 1695 ’

472 2593 693 2623 Auctoritate
711 2592 809 2623 Sedis
832 2593 1033 2632 Apbstolice
1057 2593 1242 2622 dumtaxat
1265 2595 1421 2632 excepta,
1438 2590 1659 2631 negligencia
1681 2591 1802 2621 nostra
1824 2589 1861 2620 in

471 2647 513 2668 ea
529 2639 630 2677 parte
647 2637 848 2667 nullatenus
871 2636 1091 2677 precedente,
1108 2636 1311 2667 dinoscatur
1334 2636 1470 2666 notorie
1494 2635 1691 2676 pertinere;
1714 2634 1759 2665 ad
1782 2643 1861 2664 nos-

472 2684 577 2719 trum,
591 2683 720 2719 tamen,
734 2691 775 2711 ex
793 2681 1047 2720 fidedignorum
1065 2680 1248 2718 relacione,
1265 2680 1403 2710 noviter
1418 2679 1578 2720 pervenit
1594 2678 1754 2710 auditum
1769 2677 1863 2719 quod

471 2726 612 2766 quidam
629 2725 807 2756 Johannes
824 2725 952 2765 Avery,
968 2724 1202 2765 presbiterum
1225 2725 1318 2755 dicte
1340 2727 1460 2755 nostre
1484 2723 1640 2755 Diocesis
1662 2732 1699 2754 se
1723 2724 1860 2763 preten-

471 2770 567 2807 dens,
585 2770 620 2799 in
640 2769 831 2800 Ecclesiam
850 2769 1088 2799 Parocliialem
1115 2769 1234 2799 Sancti
1259 2768 1451 2806 Laurencii,
1469 2767 1631 2799 Civitatis
1656 2765 1863 2798 Exoniensis

471 2814 638 2854 predicte,
655 2816 691 2844 et
707 2813 922 2853 corporalem
939 2813 1194 2853 possessionem
1211 2812 1380 2853 ejusdem,
1397 2812 1527 2852 absque
1545 2811 1645 2842 Sedis
1660 2809 1862 2851 Apostolioe

471 2868 532 2888 seu
556 2860 677 2888 nostra
700 2857 754 2888 vel
779 2858 848 2888 alia
871 2857 1032 2896 legitima
1047 2867 1264 2898 quacumque
1288 2856 1508 2895 auctoritate,
1525 2866 1562 2886 se
1586 2854 1787 2896 procuravit
1809 2854 1860 2885 in-

470 2902 560 2939 duci,
577 2912 638 2932 seu
655 2902 771 2932 verius
789 2902 932 2939 intrudi,
950 2904 1073 2931 contra
1089 2901 1283 2932 Canonicas
1302 2901 1521 2938 Sancciones‚
1538 2909 1726 2940 curamque
1749 2898 1861 2939 ipsius

470 2946 634 2985 Ecclesie,
652 2948 819 2988 tanquam
839 2946 966 2976 Rector
981 2945 1150 2988 ejusdem,
1168 2945 1250 2976 licet
1266 2955 1336 2976 non
1360 2945 1416 2984 sit,
1433 2944 1588 2976 indebite
1611 2952 1803 2983 excercere,
1818 2950 1862 2973 ao
