1988 3256
157 488 232 517 Α.ο.

157 524 261 550 1384-5.

159 557 223 617 ylen.

689 384 1039 430 COMMISSIONS‚
1077 385 1181 421 E'rc.
1615 377 1707 420 163

309 491 450 524 firmiter
464 491 690 534 injungentes,
706 493 879 534 quatinus,
897 492 1023 525 vocatis
1037 491 1074 524 in
1089 491 1152 523 hac
1168 494 1263 532 parte
1278 491 1321 523 de
1335 491 1412 533 jure
1425 492 1591 532 vocandis,
1605 503 1708 534 super

308 536 466 568 omnibus
482 540 517 567 et
532 536 673 577 singulis
689 537 722 568 in
740 536 839 567 dictis
857 536 978 568 Literis
995 535 1196 577 Apostolicis
1219 535 1388 567 contentis
1404 539 1439 566 et
1454 536 1630 577 suggestis,
1647 547 1708 577 per

309 580 397 611 viros
413 580 599 620 fldedignos
617 581 800 621 pleniorem
824 580 983 612 noticiam
999 580 1035 611 in
1053 579 1114 610 hac
1139 582 1234 620 parte
1256 579 1460 620 optinentes,
1477 590 1588 611 coram
1613 580 1706 612 vobis

311 623 347 655 in
374 624 481 655 forma
506 624 593 665 juris
615 624 756 665 juratos,
781 635 841 665 pro
863 624 1019 664 congruis
1045 624 1116 655 loco
1139 626 1174 655 et
1197 626 1358 664 tempore,
1376 623 1556 664 inquiratis
1572 624 1706 665 plenius

312 668 499 700 veritatem.
546 667 600 699 Ad
621 678 687 709 que
703 668 864 708 premissa
882 668 1035 699 facienda
1058 667 1152 698 vobis
1175 670 1292 699 tenore
1317 667 1530 699 Presencium
1549 668 1704 700 commit-

311 711 417 743 timus
434 711 521 743 vices
543 715 685 750 nostras,
705 713 810 743 donec
826 722 880 742 eas
897 712 944 742 ad
955 722 1016 743 nos
1039 711 1238 742 duxerimus
1261 711 1472 751 revocandas,
1490 722 1568 743 cum
1591 711 1704 753 cujus-

312 755 396 786 libet
411 755 615 786 cohercionis
631 756 798 788 Canonice
821 758 999 796 potestate.
1051 755 1098 786 Et
1119 754 1202 795 quid
1226 755 1372 786 feceritis
1389 755 1424 786 in
1441 755 1611 796 premissis
1635 766 1705 796 nos,

313 799 511 840 hujusmodi
534 799 670 840 negocio
693 799 860 839 expedito,
884 810 962 830 cum
987 810 1046 839 per
1069 803 1199 839 partem
1224 798 1393 831 dictorum
1425 798 1704 839 parochianorum

313 843 447 874 fueritis
462 853 607 883 congrue
622 843 787 884 requisiti,
804 843 994 874 certificetis
1010 853 1069 884 per
1085 842 1215 874 Literas
1231 845 1358 874 vestras
1374 843 1514 881 clausas,
1533 842 1654 874 harum
1671 846 1707 875 et

314 887 423 918 tocius
445 886 527 918 facti
549 887 678 926 seriem,
703 898 741 918 ac
763 886 900 918 nomina
923 890 958 918 et
981 886 1178 927 cognomina
1201 896 1318 918 eorum
1334 897 1394 927 per
1409 897 1494 928 quos
1510 886 1708 927 hujusmodi

314 930 496 971 Inquisicio
511 933 608 971 capta
623 930 739 969 fuerit,
757 931 916 971 dictaque
938 933 974 962 et
996 930 1222 971 deposiciones
1237 931 1419 961 eorundem
1437 930 1584 962 dilucide
1600 931 1706 962 conti-

313 977 443 1011 nentes,
461 974 570 1012 sigillo
591 975 765 1006 autentico
789 974 1012 1014 consignatas.
1023 974 1152 1005 —Data
1174 973 1211 1005 in
1236 974 1394 1014 Hospicio
1410 977 1526 1005 nostro
1551 975 1704 1007 London-

312 1018 406 1057 iensi,
430 1017 535 1059 xiiijto
557 1018 611 1050 die
635 1018 759 1050 mensis
782 1018 908 1057 Marcii,
933 1019 1033 1050 Anno
1051 1017 1198 1056 Domini,
1226 1020 1304 1057 etc„
1322 1016 1497 1059 lxxxiiijto,
1521 1021 1558 1049 et
1581 1018 1703 1051 Conse-

313 1062 472 1093 cracionis
487 1065 602 1094 nostre
616 1062 820 1103 supradicto.

270 1125 597 1163 157.—Mandatum
619 1127 665 1158 ad
687 1125 954 1159 denunciandum
980 1126 1162 1158 Iohannem
1195 1126 1319 1167 Aubrey
1345 1129 1709 1168 excommunicatum,—

314 1171 469 1211 Thomas,
500 1174 574 1209 etc„
605 1170 782 1212 cujusdam
813 1171 992 1203 Sentencie
1021 1170 1200 1202 diffinitive
1225 1170 1259 1201 in
1287 1171 1434 1212 quadam
1460 1170 1708 1212 Appellacionis

314 1215 423 1246 Causa
437 1225 537 1255 super
561 1215 767 1246 Canonicatu
785 1218 820 1246 et
836 1214 1011 1246 prebenda
1026 1214 1062 1246 in
1080 1214 1226 1246 Ecclesia
1247 1217 1363 1246 nostra
1388 1214 1572 1255 Collegiata
1588 1216 1706 1248 Sancti

316 1258 454 1298 Thome,
472 1259 629 1294 Martiris,
652 1259 694 1290 de
718 1259 912 1297 Gnasnnsr,
935 1259 969 1290 in
994 1258 1173 1296 Cornubia,
1191 1268 1275 1299 quos
1298 1258 1458 1299 Magister
1481 1259 1607 1298 Symon
1624 1260 1706 1302 Wy·

316 1302 444 1342 thyelle
459 1302 590 1334 dudum
608 1303 690 1333 dum
708 1302 795 1334 vixit
811 1302 962 1333 obtinuit
977 1302 1013 1333 in
1029 1302 1155 1339 eadem,
1172 1303 1215 1333 ad
1231 1302 1353 1334 Sedem
1367 1303 1593 1343 Apostolicam
1606 1304 1704 1336 devo-

315 1346 398 1385 luta,
414 1346 504 1378 inter
521 1346 719 1387 Magistrum
735 1346 756 1377 J
759 1346 925 1377 ohannem
943 1346 1134 1384 Mattecote,
1152 1346 1287 1377 Partem
1303 1346 1539 1387 appellantem,
1556 1357 1598 1379 ex
1611 1352 1707 1389 parte

317 1400 395 1428 una,
411 1393 446 1421 et
461 1390 632 1431 quendam
656 1389 841 1421 Dominum
864 1390 886 1422 J
889 1389 1056 1421 ohannem
1079 1389 1227 1430 Aubrey,
1244 1389 1480 1431 presbiterum,
1496 1394 1611 1422 nostre
1627 1392 1706 1423 Dio-

317 1433 400 1464 cesis
414 1443 450 1465 se
465 1433 647 1472 dicentem,
666 1434 802 1464 Partem
819 1433 1022 1474 appellatam
1039 1444 1079 1464 ex
1095 1433 1212 1468 altera,
1227 1433 1319 1474 apud
1336 1434 1475 1465 eandem
1493 1434 1615 1466 Sedem
1631 1435 1706 1468 diu-

316 1477 387 1508 cius
403 1477 574 1517 ventilata,
593 1477 656 1508 rite
673 1480 708 1508 et
724 1477 874 1518 legitime
890 1477 966 1516 late,
984 1487 1052 1508 una
1075 1487 1151 1508 cum
1177 1477 1296 1508 ceteris
1312 1477 1435 1509 nostris
1453 1477 1607 1518 Collegis,
1627 1490 1705 1511 cum

316 1521 373 1552 illa
396 1521 763 1562 clausula,—quatinus
779 1531 848 1559 vos,
872 1521 940 1552 duo
963 1523 1026 1552 aut
1049 1531 1137 1551 unus
1161 1523 1322 1560 vestrum,
1339 1531 1399 1562 per
1421 1531 1490 1561 vos,
1508 1521 1623 1562 alium,
1646 1533 1706 1555 seu

247 1566 255 1567 ’
315 1564 622 1603 alios‚—-Execut0r
631 1575 651 1596 a
662 1564 754 1596 dicta
769 1565 855 1596 Sede
867 1564 1017 1604 legitime
1029 1564 1224 1604 deputatus,
1235 1564 1491 1596 venerabilibus
1506 1569 1542 1596 et
1553 1566 1706 1598 discretis

152 2564 200 2591 fol.

313 1609 402 1646 viris,
427 1609 584 1639 omnibus
607 1611 641 1639 et
666 1608 807 1647 singulis
830 1607 1031 1647 Abbatibus,
1056 1607 1239 1646 Prioribus,
1266 1608 1418 1648 Decanis,
1442 1608 1705 1650 Archidiaconis,

316 1652 481 1687 Plebanis‚
500 1651 691 1692 Prepositis,
709 1652 932 1683 Ecclesiarum
958 1651 1156 1683 Rectoribus
1172 1654 1208 1683 et
1224 1651 1363 1683 Vicariis
1386 1652 1573 1692 Perpetuis,
1590 1664 1628 1685 ac
1645 1654 1704 1686 Oa-

314 1695 463 1736 pellanis,
479 1695 606 1727 curatis
622 1699 656 1726 et
673 1706 740 1726 non
757 1695 892 1735 curatis,
909 1705 1038 1726 necnon
1061 1695 1311 1726 Tabellionibus
1334 1698 1370 1726 et
1392 1695 1542 1728 Notariis
1558 1697 1706 1730 Publicia

314 1739 585 1780 quibuscumque
601 1749 660 1780 per
684 1739 866 1771 Cantuarie
882 1742 916 1770 et
934 1737 1073 1770 Eboraci
1096 1739 1298 1778 Provincias,
1315 1739 1471 1778 salutem,
1490 1741 1645 1781 graciam,
1670 1744 1706 1774 et

313 1783 593 1821 benediccionem,
611 1786 646 1814 et
662 1782 832 1815 Mandatis
854 1783 988 1821 nostris,
1004 1793 1085 1823 ymo
1107 1783 1220 1814 verius
1242 1783 1452 1822 Apostolicis‚
1470 1782 1612 1816 firmiter
1626 1785 1704 1816 obe-

311 1827 392 1858 dire.
443 1827 529 1859 Cum
559 1837 617 1868 per
644 1827 858 1858 Documenta
884 1826 1036 1867 legitima
1062 1837 1103 1858 ex
1129 1829 1223 1866 parte
1249 1826 1332 1858 dicti
1359 1827 1513 1868 Magistri
1539 1828 1705 1861 Johannis

310 1870 406 1901 nobis
422 1870 572 1902 exhibita
588 1872 624 1902 et
640 1873 784 1910 ostensa,
802 1870 971 1912 prefatum
995 1870 1179 1901 Dominum
1202 1869 1392 1901 Johannem
1411 1871 1558 1912 Aubrey,
1575 1873 1702 1913 presbi-

311 1917 423 1945 terum
440 1917 646 1955 pretensum,
663 1917 800 1955 propter
815 1914 920 1955 ipsius
937 1914 1078 1945 offensas
1094 1913 1289 1945 manifestas
1306 1914 1340 1945 in
1357 1924 1424 1946 non
1442 1915 1589 1955 parendo
1612 1916 1703 1948 dicte

309 1957 488 1989 diffinitive
512 1958 689 1989 Sentencie
711 1960 910 1995 contractas,
935 1967 995 1998 per
1017 1960 1124 1989 certos
1147 1957 1406 1989 subexecutores
1429 1962 1562 1990 nostros
1584 1959 1619 1991 in
1643 1959 1704 1992 hac

310 2004 406 2042 parte
422 2001 571 2042 legitime
588 2001 769 2042 deputatos
785 2001 923 2042 Maioris
946 2001 1315 2033 Excommunicacionis
1331 2001 1555 2042 Sentenciam,
1571 2002 1607 2034 in
1624 2004 1704 2035 Pro-

309 2045 457 2076 cessibus
472 2045 596 2076 nostris
612 2055 714 2086 super
728 2045 927 2076 execucione
943 2045 1120 2076 Sentencie
1137 2044 1333 2086 hujusmodi
1358 2055 1417 2086 per
1439 2055 1500 2077 nos
1516 2046 1581 2077 rite
1604 2047 1703 2079 factis

309 2088 424 2128 latam,
439 2088 629 2127 incurrisse,
649 2089 683 2120 in
701 2088 843 2120 eandem
859 2088 1014 2120 incidisse
1030 2088 1102 2119 fore
1118 2091 1153 2120 et
1168 2098 1239 2119 esse
1254 2088 1404 2129 legitime
1419 2089 1637 2131 declaratum,
1653 2091 1701 2132 ip-

308 2142 448 2172 samque
480 2131 849 2163 Excommunicacionis
872 2132 1084 2163 Sentenciam
1108 2142 1167 2173 per
1189 2142 1257 2163 non
1281 2142 1385 2172 pauca
1416 2136 1567 2174 tempora
1589 2135 1703 2167 animo

308 2175 509 2207 sustinuisse
525 2178 651 2206 temere
667 2175 836 2215 indurato,
853 2175 958 2207 fuerit
974 2178 1008 2206 et
1024 2176 1070 2207 sit
1085 2175 1181 2206 nobis
1196 2175 1364 2207 sufficiens
1379 2176 1469 2208 facta
1485 2176 1567 2208 fides
1583 2188 1591 2217 ;
1608 2179 1701 2210 vobis

307 2219 555 2250 committimus
586 2221 621 2250 et
651 2219 862 2258 mandamus,
893 2219 1036 2250 firmiter
1065 2219 1293 2261 injungentes,
1331 2220 1492 2261 quatinus
1530 2222 1700 2262 prefatum

308 2262 492 2294 Dominum
516 2262 706 2293 Johannem
730 2262 868 2302 Aubrey
891 2262 982 2294 dicta
1006 2262 1142 2304 Majoris
1165 2263 1535 2295 Excommuni'cacionis
1558 2265 1699 2297 Senten-

306 2306 356 2337 cia
371 2306 476 2338 fuisse
491 2308 527 2338 et
542 2316 612 2337 esse
628 2306 840 2346 innodatum,
858 2305 948 2346 infra
963 2306 1139 2337 Missarum
1165 2306 1360 2347 solempnia,
1378 2317 1455 2338 cum
1480 2308 1589 2349 major
1612 2309 1701 2341 Cleri

307 2353 343 2381 et
369 2349 486 2391 populi
513 2349 622 2381 aderit
648 2349 846 2389 multitudo,
876 2349 1008 2390 publice
1037 2349 1214 2389 nuncietis,
1238 2353 1274 2381 et
1296 2350 1425 2381 faciatis
1447 2350 1491 2382 ab
1513 2352 1586 2383 aliis
1609 2363 1701 2385 more

307 2393 409 2424 simili
426 2393 578 2424 nunciati
592 2403 600 2431 ;
616 2403 635 2424 a
651 2393 912 2424 denunciacione
924 2392 1123 2434 hujusmodi
1138 2403 1205 2424 non
1219 2396 1386 2424 cessantes
1401 2404 1577 2436 quousque
1587 2396 1700 2429 dictus

306 2437 473 2468 Dominus
489 2436 666 2468 diffinitive
684 2436 861 2469 Sentencie
883 2439 1068 2468 memorate
1091 2437 1242 2477 paruerit
1254 2436 1288 2468 in
1305 2437 1444 2477 singulis
1467 2448 1546 2470 cum
1562 2439 1697 2480 effectu,

305 2491 324 2511 a
348 2480 505 2522 dictaque
532 2480 900 2512 Excommunicacionis
929 2480 1107 2512 Sentencia
1133 2480 1168 2511 in
1196 2480 1304 2511 forma
1332 2480 1419 2521 juris
1441 2481 1630 2514 obtinuerit
1663 2495 1699 2516 se

307 2523 444 2555 absolvi.
494 2524 540 2555 Et
566 2524 650 2565 quid
680 2523 716 2555 in
743 2523 914 2565 premissis
940 2523 1116 2563 duxeritis,
1146 2533 1204 2555 seu
1235 2523 1356 2564 aliquis
1383 2526 1534 2556 vestrum
1561 2526 1700 2560 duxerit

310 2567 512 2607 faciendum,
530 2577 600 2606 nos,
617 2577 694 2599 cum
710 2577 771 2608 per
786 2570 917 2608 partem
932 2567 1015 2603 dicti
1030 2565 1186 2607 Magistri
1198 2567 1219 2599 J
1222 2566 1363 2598 ohannis
1375 2567 1508 2599 fueritis
1523 2579 1625 2611 super
1636 2571 1699 2604 hoc

309 2620 454 2651 congrue
475 2610 642 2652 requisiti,
666 2621 725 2642 seu
752 2610 873 2652 aliquis
900 2617 1051 2642 vestrum
1079 2610 1183 2642 fuerit
1209 2611 1401 2652 requisitus,
1426 2612 1616 2645 certificetis
1639 2625 1698 2656 per

308 2657 445 2693 vestras,
468 2664 527 2685 seu
551 2654 672 2686 saltem
694 2654 857 2686 certificet
879 2654 936 2685 ille
959 2657 1110 2685 vestrum
1135 2654 1193 2695 qui
1217 2664 1352 2695 presens
1376 2654 1576 2688 Mandatum
1592 2657 1698 2691 fuerit

308 2700 469 2729 executus
497 2708 556 2738 per
584 2707 671 2737 suas,
699 2698 828 2729 Literas
857 2700 1021 2738 patentes,
1045 2697 1165 2728 harum
1196 2697 1326 2738 seriem,
1359 2707 1398 2729 ac
1427 2698 1697 2734 denunciacionis

308 2743 417 2772 vestre
432 2751 491 2772 seu
507 2751 567 2772 sue
589 2740 786 2782 hujusmodi
809 2741 948 2772 modum
972 2743 1008 2772 et
1030 2741 1173 2772 formam
1196 2741 1418 2780 continentes,
1434 2741 1543 2784 sigillo
1558 2748 1696 2778 aucten-

305 2784 372 2815 tico
387 2785 784 2826 consignatas—Datum
802 2784 882 2824 (sic).
