<?xml version="1.0" encoding="UTF-8"?>
<!DOCTYPE html PUBLIC "-//W3C//DTD XHTML 1.0 Transitional//EN"
    "http://www.w3.org/TR/xhtml1/DTD/xhtml1-transitional.dtd">
<html xmlns="http://www.w3.org/1999/xhtml" xml:lang="en" lang="en">
 <head>
  <title>
</title>
<meta http-equiv="Content-Type" content="text/html;charset=utf-8" />
  <meta name='ocr-system' content='tesseract 3.04.00' />
  <meta name='ocr-capabilities' content='ocr_page ocr_carea ocr_par ocr_line ocrx_word'/>
</head>
<body>
  <div class='ocr_page' id='page_1' title='image "./registerofthomas01hinguoft/registerofthomas01hinguoft_0200.png"; bbox 0 0 1988 3256; ppageno 0'>
   <div class='ocr_carea' id='block_1_1' title="bbox 267 359 1604 406">
    <p class='ocr_par' dir='ltr' id='par_1_1' title="bbox 267 359 1604 406">
     <span class='ocr_line' id='line_1_1' title="bbox 267 359 1604 406; baseline 0.001 -4"><span class='ocrx_word' id='word_1_1' title='bbox 267 359 360 403; x_wconf 88' lang='lat'>182</span> <span class='ocrx_word' id='word_1_2' title='bbox 477 370 578 404; x_wconf 77' lang='lat' dir='ltr'>THE</span> <span class='ocrx_word' id='word_1_3' title='bbox 613 369 856 406; x_wconf 76' lang='lat' dir='ltr'><strong>REGISTER</strong></span> <span class='ocrx_word' id='word_1_4' title='bbox 889 371 950 404; x_wconf 65' lang='lat' dir='ltr'>or·</span> <span class='ocrx_word' id='word_1_5' title='bbox 985 369 1164 404; x_wconf 81' lang='lat' dir='ltr'>BISHOP</span> <span class='ocrx_word' id='word_1_6' title='bbox 1199 369 1604 406; x_wconf 73' lang='lat' dir='ltr'>BRANTYNGHAM.</span> 
     </span>
    </p>
   </div>
   <div class='ocr_carea' id='block_1_2' title="bbox 265 472 1819 692">
    <p class='ocr_par' dir='ltr' id='par_1_2' title="bbox 265 472 1819 692">
     <span class='ocr_line' id='line_1_2' title="bbox 267 472 1814 516; baseline -0.001 -9"><span class='ocrx_word' id='word_1_7' title='bbox 267 472 304 499; x_wconf 81' lang='lat' dir='ltr'>A·</span> <span class='ocrx_word' id='word_1_8' title='bbox 308 473 345 500; x_wconf 85' lang='lat' dir='ltr'>D·</span> <span class='ocrx_word' id='word_1_9' title='bbox 423 475 580 507; x_wconf 86' lang='lat' dir='ltr'>Civitatis</span> <span class='ocrx_word' id='word_1_10' title='bbox 611 478 646 507; x_wconf 88' lang='lat' dir='ltr'>et</span> <span class='ocrx_word' id='word_1_11' title='bbox 676 475 824 507; x_wconf 84' lang='lat' dir='ltr'>Diocesis</span> <span class='ocrx_word' id='word_1_12' title='bbox 855 475 993 515; x_wconf 87' lang='lat' dir='ltr'>Exonie,</span> <span class='ocrx_word' id='word_1_13' title='bbox 1017 478 1053 507; x_wconf 89' lang='lat' dir='ltr'>et</span> <span class='ocrx_word' id='word_1_14' title='bbox 1083 485 1198 507; x_wconf 86' lang='lat' dir='ltr'>earum</span> <span class='ocrx_word' id='word_1_15' title='bbox 1230 475 1435 515; x_wconf 84' lang='lat' dir='ltr'>nominibus,</span> <span class='ocrx_word' id='word_1_16' title='bbox 1461 478 1564 516; x_wconf 88' lang='lat' dir='ltr'>prout</span> <span class='ocrx_word' id='word_1_17' title='bbox 1590 475 1625 507; x_wconf 93' lang='lat' dir='ltr'>in</span> <span class='ocrx_word' id='word_1_18' title='bbox 1648 473 1814 516; x_wconf 83' lang='lat' dir='ltr'>Registris</span> 
     </span>
     <span class='ocr_line' id='line_1_3' title="bbox 266 506 1814 567; baseline -0.001 -17"><span class='ocrx_word' id='word_1_19' title='bbox 266 506 344 567; x_wconf 48' lang='lat'>{2}</span> <span class='ocrx_word' id='word_1_20' title='bbox 422 519 546 551; x_wconf 88' lang='lat' dir='ltr'>nostris</span> <span class='ocrx_word' id='word_1_21' title='bbox 569 519 725 551; x_wconf 86' lang='lat' dir='ltr'>seriosius</span> <span class='ocrx_word' id='word_1_22' title='bbox 748 519 1016 558; x_wconf 89' lang='lat' dir='ltr'>conscribuntur,</span> <span class='ocrx_word' id='word_1_23' title='bbox 1036 519 1070 550; x_wconf 92' lang='lat' dir='ltr'>in</span> <span class='ocrx_word' id='word_1_24' title='bbox 1094 519 1206 551; x_wconf 81' lang='lat' dir='ltr'>rotulo</span> <span class='ocrx_word' id='word_1_25' title='bbox 1221 519 1286 550; x_wconf 85' lang='lat' dir='ltr'>hiis</span> <span class='ocrx_word' id='word_1_26' title='bbox 1308 529 1449 559; x_wconf 81' lang='lat' dir='ltr'>annexo,</span> <span class='ocrx_word' id='word_1_27' title='bbox 1466 519 1531 550; x_wconf 88' lang='lat' dir='ltr'>sub</span> <span class='ocrx_word' id='word_1_28' title='bbox 1554 519 1663 560; x_wconf 87' lang='lat' dir='ltr'>sigillo</span> <span class='ocrx_word' id='word_1_29' title='bbox 1687 520 1814 558; x_wconf 83' lang='lat' dir='ltr'>nostro,</span> 
     </span>
     <span class='ocr_line' id='line_1_4' title="bbox 265 560 1813 604; baseline -0.001 -9"><span class='ocrx_word' id='word_1_30' title='bbox 265 574 310 601; x_wconf 75' lang='grc' dir='ltr'>Π,</span> <span class='ocrx_word' id='word_1_31' title='bbox 325 560 332 567; x_wconf 81' lang='grc'><strong>’</strong></span> <span class='ocrx_word' id='word_1_32' title='bbox 421 562 522 604; x_wconf 83' lang='lat' dir='ltr'>juxta</span> <span class='ocrx_word' id='word_1_33' title='bbox 538 563 728 595; x_wconf 84' lang='lat' dir='ltr'>Literarum</span> <span class='ocrx_word' id='word_1_34' title='bbox 741 566 927 595; x_wconf 85' lang='lat' dir='ltr'>vestrarum</span> <span class='ocrx_word' id='word_1_35' title='bbox 943 563 1169 604; x_wconf 84' lang='lat' dir='ltr'>predictarum</span> <span class='ocrx_word' id='word_1_36' title='bbox 1186 563 1388 603; x_wconf 86' lang='lat' dir='ltr'>exigenciam</span> <span class='ocrx_word' id='word_1_37' title='bbox 1401 566 1436 594; x_wconf 87' lang='lat' dir='ltr'>et</span> <span class='ocrx_word' id='word_1_38' title='bbox 1451 564 1620 602; x_wconf 83' lang='lat' dir='ltr'>effectum,</span> <span class='ocrx_word' id='word_1_39' title='bbox 1641 562 1813 594; x_wconf 87' lang='lat' dir='ltr'>Excellen-</span> 
     </span>
     <span class='ocr_line' id='line_1_5' title="bbox 422 606 1815 648; baseline -0.001 -10"><span class='ocrx_word' id='word_1_40' title='bbox 422 607 507 638; x_wconf 88' lang='lat' dir='ltr'>ciam</span> <span class='ocrx_word' id='word_1_41' title='bbox 539 610 684 638; x_wconf 87' lang='lat' dir='ltr'>vestram</span> <span class='ocrx_word' id='word_1_42' title='bbox 716 607 891 639; x_wconf 78' lang='lat' dir='ltr'>cercior-em</span> <span class='ocrx_word' id='word_1_43' title='bbox 924 607 1064 638; x_wconf 84' lang='lat' dir='ltr'>facimus</span> <span class='ocrx_word' id='word_1_44' title='bbox 1095 618 1154 647; x_wconf 90' lang='lat' dir='ltr'>per</span> <span class='ocrx_word' id='word_1_45' title='bbox 1185 607 1372 638; x_wconf 84' lang='lat' dir='ltr'>Presentes.</span> <span class='ocrx_word' id='word_1_46' title='bbox 1422 606 1637 648; x_wconf 84' lang='lat' dir='ltr'>Majestatem</span> <span class='ocrx_word' id='word_1_47' title='bbox 1668 608 1815 638; x_wconf 83' lang='lat' dir='ltr'>vestram</span> 
     </span>
     <span class='ocr_line' id='line_1_6' title="bbox 423 649 1819 692; baseline -0.001 -11"><span class='ocrx_word' id='word_1_48' title='bbox 423 650 561 692; x_wconf 81' lang='lat' dir='ltr'>Regiam</span> <span class='ocrx_word' id='word_1_49' title='bbox 584 654 758 682; x_wconf 83' lang='lat' dir='ltr'>conservet</span> <span class='ocrx_word' id='word_1_50' title='bbox 780 650 975 682; x_wconf 87' lang='lat' dir='ltr'>Altissimus</span> <span class='ocrx_word' id='word_1_51' title='bbox 998 661 1058 692; x_wconf 88' lang='lat' dir='ltr'>per</span> <span class='ocrx_word' id='word_1_52' title='bbox 1086 653 1239 692; x_wconf 88' lang='lat' dir='ltr'>tempora</span> <span class='ocrx_word' id='word_1_53' title='bbox 1261 650 1465 692; x_wconf 88' lang='lat' dir='ltr'>prosperime</span> <span class='ocrx_word' id='word_1_54' title='bbox 1498 650 1684 682; x_wconf 79' lang='lat' dir='ltr'>duratura!</span> <span class='ocrx_word' id='word_1_55' title='bbox 1729 649 1819 681; x_wconf 84' lang='lat' dir='ltr'>Data</span> 
     </span>
    </p>
   </div>
   <div class='ocr_carea' id='block_1_3' title="bbox 422 694 727 734">
    <p class='ocr_par' dir='ltr' id='par_1_3' title="bbox 422 694 727 734">
     <span class='ocr_line' id='line_1_7' title="bbox 422 694 727 734; baseline 0.007 -9"><span class='ocrx_word' id='word_1_56' title='bbox 422 694 630 726; x_wconf 82' lang='lat' dir='ltr'>Farendonie</span> <span class='ocrx_word' id='word_1_57' title='bbox 646 694 727 734; x_wconf 74' lang='lat' dir='ltr'>(sic).</span> 
     </span>
    </p>
   </div>
   <div class='ocr_carea' id='block_1_4' title="bbox 377 747 1814 877">
    <p class='ocr_par' dir='ltr' id='par_1_4' title="bbox 377 747 1814 877">
     <span class='ocr_line' id='line_1_8' title="bbox 377 747 1814 789; baseline -0.001 -9"><span class='ocrx_word' id='word_1_58' title='bbox 377 748 688 786; x_wconf 88' lang='lat' dir='ltr'>12.—Pr0hibition</span> <span class='ocrx_word' id='word_1_59' title='bbox 704 751 741 780; x_wconf 87' lang='lat' dir='ltr'>to</span> <span class='ocrx_word' id='word_1_60' title='bbox 756 748 865 780; x_wconf 82' lang='lat' dir='ltr'>admit</span> <span class='ocrx_word' id='word_1_61' title='bbox 886 751 923 780; x_wconf 93' lang='lat' dir='ltr'>to</span> <span class='ocrx_word' id='word_1_62' title='bbox 946 748 1005 780; x_wconf 87' lang='lat' dir='ltr'>the</span> <span class='ocrx_word' id='word_1_63' title='bbox 1029 748 1164 780; x_wconf 91' lang='lat' dir='ltr'>Church</span> <span class='ocrx_word' id='word_1_64' title='bbox 1188 748 1224 779; x_wconf 76' lang='lat' dir='ltr'>of</span> <span class='ocrx_word' id='word_1_65' title='bbox 1245 748 1524 787; x_wconf 63' lang='lat' dir='ltr'>szvroxa—de</span> <span class='ocrx_word' id='word_1_66' title='bbox 1541 747 1641 789; x_wconf 83' lang='lat' dir='ltr'>cujus</span> <span class='ocrx_word' id='word_1_67' title='bbox 1663 747 1814 779; x_wconf 83' lang='lat' dir='ltr'>Advoca-</span> 
     </span>
     <span class='ocr_line' id='line_1_9' title="bbox 420 790 1812 832; baseline -0.001 -8"><span class='ocrx_word' id='word_1_68' title='bbox 420 794 514 825; x_wconf 86' lang='lat' dir='ltr'>cione</span> <span class='ocrx_word' id='word_1_69' title='bbox 529 792 703 823; x_wconf 76' lang='lat' dir='ltr'>contencio</span> <span class='ocrx_word' id='word_1_70' title='bbox 726 795 818 823; x_wconf 86' lang='lat' dir='ltr'>mota</span> <span class='ocrx_word' id='word_1_71' title='bbox 834 795 894 832; x_wconf 79' lang='lat' dir='ltr'>est,</span> <span class='ocrx_word' id='word_1_72' title='bbox 912 792 947 823; x_wconf 92' lang='lat' dir='ltr'>in</span> <span class='ocrx_word' id='word_1_73' title='bbox 966 792 1067 824; x_wconf 82' lang='lat' dir='ltr'>Curia</span> <span class='ocrx_word' id='word_1_74' title='bbox 1084 795 1208 831; x_wconf 88' lang='lat' dir='ltr'>nostra,</span> <span class='ocrx_word' id='word_1_75' title='bbox 1228 792 1318 824; x_wconf 89' lang='lat' dir='ltr'>inter</span> <span class='ocrx_word' id='word_1_76' title='bbox 1335 803 1395 824; x_wconf 90' lang='lat' dir='ltr'>nos</span> <span class='ocrx_word' id='word_1_77' title='bbox 1418 795 1454 824; x_wconf 93' lang='lat' dir='ltr'>et</span> <span class='ocrx_word' id='word_1_78' title='bbox 1478 792 1693 831; x_wconf 80' lang='lat' dir='ltr'>Edwardum,</span> <span class='ocrx_word' id='word_1_79' title='bbox 1717 790 1812 823; x_wconf 91' lang='lat' dir='ltr'>Prin-</span> 
     </span>
     <span class='ocr_line' id='line_1_10' title="bbox 419 834 1812 877; baseline -0.002 -9"><span class='ocrx_word' id='word_1_80' title='bbox 419 837 527 877; x_wconf 89' lang='lat' dir='ltr'>cipem</span> <span class='ocrx_word' id='word_1_81' title='bbox 543 835 725 876; x_wconf 87' lang='lat' dir='ltr'>Aquitanie</span> <span class='ocrx_word' id='word_1_82' title='bbox 739 839 776 867; x_wconf 91' lang='lat' dir='ltr'>et</span> <span class='ocrx_word' id='word_1_83' title='bbox 792 836 919 874; x_wconf 85' lang='lat' dir='ltr'>Wallie,</span> <span class='ocrx_word' id='word_1_84' title='bbox 936 837 1042 867; x_wconf 89' lang='lat' dir='ltr'>donec</span> <span class='ocrx_word' id='word_1_85' title='bbox 1057 836 1245 867; x_wconf 82' lang='lat' dir='ltr'>discussum</span> <span class='ocrx_word' id='word_1_86' title='bbox 1269 836 1375 867; x_wconf 81' lang='lat' dir='ltr'>fuerit</span> <span class='ocrx_word' id='word_1_87' title='bbox 1390 836 1424 867; x_wconf 92' lang='lat' dir='ltr'>in</span> <span class='ocrx_word' id='word_1_88' title='bbox 1441 836 1559 867; x_wconf 87' lang='lat' dir='ltr'>eadem</span> <span class='ocrx_word' id='word_1_89' title='bbox 1576 834 1678 868; x_wconf 85' lang='lat' dir='ltr'>Curia</span> <span class='ocrx_word' id='word_1_90' title='bbox 1695 837 1812 866; x_wconf 91' lang='lat' dir='ltr'>utrum</span> 
     </span>
    </p>
   </div>
   <div class='ocr_carea' id='block_1_5' title="bbox 418 878 1812 962">
    <p class='ocr_par' dir='ltr' id='par_1_5' title="bbox 418 878 1812 962">
     <span class='ocr_line' id='line_1_11' title="bbox 418 878 1812 921; baseline -0.001 -10"><span class='ocrx_word' id='word_1_91' title='bbox 418 881 462 912; x_wconf 87' lang='lat' dir='ltr'>ad</span> <span class='ocrx_word' id='word_1_92' title='bbox 478 890 539 911; x_wconf 84' lang='lat' dir='ltr'>nos</span> <span class='ocrx_word' id='word_1_93' title='bbox 554 879 606 910; x_wconf 84' lang='lat' dir='ltr'>vel</span> <span class='ocrx_word' id='word_1_94' title='bbox 622 880 664 911; x_wconf 85' lang='lat' dir='ltr'>ad</span> <span class='ocrx_word' id='word_1_95' title='bbox 681 879 851 920; x_wconf 85' lang='lat' dir='ltr'>prefatum</span> <span class='ocrx_word' id='word_1_96' title='bbox 868 880 1057 920; x_wconf 82' lang='lat' dir='ltr'>Principem</span> <span class='ocrx_word' id='word_1_97' title='bbox 1073 879 1242 920; x_wconf 72' lang='lat' dir='ltr'>pertineat</span> <span class='ocrx_word' id='word_1_98' title='bbox 1257 880 1410 921; x_wconf 79' lang='lat' dir='ltr'>ejusdem</span> <span class='ocrx_word' id='word_1_99' title='bbox 1429 879 1575 911; x_wconf 83' lang='lat' dir='ltr'>Ecclesie</span> <span class='ocrx_word' id='word_1_100' title='bbox 1591 878 1812 911; x_wconf 84' lang='lat' dir='ltr'>Advocaci0.&#39;’</span> 
     </span>
     <span class='ocr_line' id='line_1_12' title="bbox 419 923 1078 962; baseline 0 -7"><span class='ocrx_word' id='word_1_101' title='bbox 419 923 584 955; x_wconf 84' lang='lat' dir='ltr'>—Tested</span> <span class='ocrx_word' id='word_1_102' title='bbox 602 926 639 955; x_wconf 84' lang='lat' dir='ltr'>at</span> <span class='ocrx_word' id='word_1_103' title='bbox 657 923 900 962; x_wconf 76' lang='lat' dir='ltr'><strong>westminster,</strong></span> <span class='ocrx_word' id='word_1_104' title='bbox 921 925 960 955; x_wconf 92' lang='lat'>19</span> <span class='ocrx_word' id='word_1_105' title='bbox 977 923 1078 955; x_wconf 85' lang='lat' dir='ltr'>June.</span> 
     </span>
    </p>
   </div>
   <div class='ocr_carea' id='block_1_6' title="bbox 376 977 1814 1107">
    <p class='ocr_par' dir='ltr' id='par_1_6' title="bbox 376 977 1814 1107">
     <span class='ocr_line' id='line_1_13' title="bbox 376 977 1814 1019; baseline -0.001 -10"><span class='ocrx_word' id='word_1_106' title='bbox 376 978 554 1016; x_wconf 76' lang='lat' dir='ltr'>13.-—Alia</span> <span class='ocrx_word' id='word_1_107' title='bbox 584 977 770 1010; x_wconf 79' lang='lat' dir='ltr'>Prohibicio</span> <span class='ocrx_word' id='word_1_108' title='bbox 799 989 897 1019; x_wconf 68' lang='lat' dir='ltr'>super</span> <span class='ocrx_word' id='word_1_109' title='bbox 926 978 1272 1018; x_wconf 81' lang='lat' dir='ltr'>eodem,—Contencio</span> <span class='ocrx_word' id='word_1_110' title='bbox 1302 981 1395 1010; x_wconf 86' lang='lat' dir='ltr'>mota</span> <span class='ocrx_word' id='word_1_111' title='bbox 1429 1002 1437 1010; x_wconf 93' lang='lat'>.</span> <span class='ocrx_word' id='word_1_112' title='bbox 1474 1002 1481 1010; x_wconf 96' lang='lat'>.</span> <span class='ocrx_word' id='word_1_113' title='bbox 1517 1002 1524 1009; x_wconf 92' lang='lat'>.</span> <span class='ocrx_word' id='word_1_114' title='bbox 1561 978 1653 1009; x_wconf 85' lang='lat' dir='ltr'>inter</span> <span class='ocrx_word' id='word_1_115' title='bbox 1683 987 1744 1008; x_wconf 87' lang='lat' dir='ltr'>nos</span> <span class='ocrx_word' id='word_1_116' title='bbox 1778 979 1814 1008; x_wconf 89' lang='lat' dir='ltr'>et</span> 
     </span>
     <span class='ocr_line' id='line_1_14' title="bbox 418 1021 1812 1064; baseline -0.001 -10"><span class='ocrx_word' id='word_1_117' title='bbox 418 1022 586 1054; x_wconf 85' lang='lat' dir='ltr'>Abbatem</span> <span class='ocrx_word' id='word_1_118' title='bbox 602 1021 644 1053; x_wconf 85' lang='lat' dir='ltr'>de</span> <span class='ocrx_word' id='word_1_119' title='bbox 660 1021 849 1062; x_wconf 86' lang='lat' dir='ltr'>Tavystoke</span> <span class='ocrx_word' id='word_1_120' title='bbox 865 1026 900 1053; x_wconf 89' lang='lat' dir='ltr'>et</span> <span class='ocrx_word' id='word_1_121' title='bbox 916 1021 1158 1063; x_wconf 81' lang='lat' dir='ltr'>Baldewynum</span> <span class='ocrx_word' id='word_1_122' title='bbox 1171 1022 1213 1053; x_wconf 90' lang='lat' dir='ltr'>de</span> <span class='ocrx_word' id='word_1_123' title='bbox 1231 1022 1442 1064; x_wconf 86' lang='lat' dir='ltr'>Langedone,</span> <span class='ocrx_word' id='word_1_124' title='bbox 1459 1022 1680 1063; x_wconf 80' lang='lat' dir='ltr'>capellanum,</span> <span class='ocrx_word' id='word_1_125' title='bbox 1696 1021 1812 1060; x_wconf 89' lang='lat' dir='ltr'>donec,</span> 
     </span>
     <span class='ocr_line' id='line_1_15' title="bbox 419 1066 1133 1107; baseline 0 -9"><span class='ocrx_word' id='word_1_126' title='bbox 419 1066 650 1098; x_wconf 86' lang='lat' dir='ltr'>etc.—Tested</span> <span class='ocrx_word' id='word_1_127' title='bbox 665 1068 702 1097; x_wconf 90' lang='lat' dir='ltr'>at</span> <span class='ocrx_word' id='word_1_128' title='bbox 717 1066 964 1106; x_wconf 74' lang='lat' dir='ltr'>westminster,</span> <span class='ocrx_word' id='word_1_129' title='bbox 982 1067 1023 1097; x_wconf 81' lang='lat'>20</span> <span class='ocrx_word' id='word_1_130' title='bbox 1041 1066 1133 1107; x_wconf 83' lang='lat' dir='ltr'>Sept.</span> 
     </span>
    </p>
   </div>
   <div class='ocr_carea' id='block_1_7' title="bbox 375 1119 1809 1249">
    <p class='ocr_par' dir='ltr' id='par_1_7' title="bbox 375 1119 1809 1249">
     <span class='ocr_line' id='line_1_16' title="bbox 375 1119 1806 1158; baseline -0.001 -6"><span class='ocrx_word' id='word_1_131' title='bbox 375 1120 685 1158; x_wconf 82' lang='lat' dir='ltr'>14.--·Prohibition</span> <span class='ocrx_word' id='word_1_132' title='bbox 702 1122 738 1152; x_wconf 88' lang='lat' dir='ltr'>to</span> <span class='ocrx_word' id='word_1_133' title='bbox 755 1120 863 1152; x_wconf 86' lang='lat' dir='ltr'>admit</span> <span class='ocrx_word' id='word_1_134' title='bbox 879 1124 915 1152; x_wconf 91' lang='lat' dir='ltr'>to</span> <span class='ocrx_word' id='word_1_135' title='bbox 931 1120 990 1151; x_wconf 90' lang='lat' dir='ltr'>the</span> <span class='ocrx_word' id='word_1_136' title='bbox 1007 1120 1142 1152; x_wconf 86' lang='lat' dir='ltr'>Ohurch</span> <span class='ocrx_word' id='word_1_137' title='bbox 1159 1120 1193 1151; x_wconf 73' lang='lat' dir='ltr'>of</span> <span class='ocrx_word' id='word_1_138' title='bbox 1217 1120 1268 1152; x_wconf 78' lang='lat' dir='ltr'>ST.</span> <span class='ocrx_word' id='word_1_139' title='bbox 1284 1120 1305 1151; x_wconf 88' lang='lat' dir='ltr'><strong>J</strong></span> <span class='ocrx_word' id='word_1_140' title='bbox 1307 1129 1379 1152; x_wconf 80' lang='lat' dir='ltr'>OHN</span> <span class='ocrx_word' id='word_1_141' title='bbox 1402 1129 1440 1152; x_wconf 78' lang='lat' dir='ltr'>m</span> <span class='ocrx_word' id='word_1_142' title='bbox 1463 1119 1806 1158; x_wconf 44' lang='lat' dir='ltr'>command—Con-</span> 
     </span>
     <span class='ocr_line' id='line_1_17' title="bbox 417 1163 1809 1205; baseline -0.001 -9"><span class='ocrx_word' id='word_1_143' title='bbox 417 1164 528 1197; x_wconf 87' lang='lat' dir='ltr'>tencio</span> <span class='ocrx_word' id='word_1_144' title='bbox 551 1188 557 1195; x_wconf 96' lang='lat'>.</span> <span class='ocrx_word' id='word_1_145' title='bbox 584 1188 591 1195; x_wconf 93' lang='lat'>.</span> <span class='ocrx_word' id='word_1_146' title='bbox 617 1188 624 1196; x_wconf 90' lang='lat'>.</span> <span class='ocrx_word' id='word_1_147' title='bbox 648 1164 739 1195; x_wconf 89' lang='lat' dir='ltr'>inter</span> <span class='ocrx_word' id='word_1_148' title='bbox 767 1174 828 1195; x_wconf 91' lang='lat' dir='ltr'>nos</span> <span class='ocrx_word' id='word_1_149' title='bbox 858 1167 894 1195; x_wconf 90' lang='lat' dir='ltr'>et</span> <span class='ocrx_word' id='word_1_150' title='bbox 923 1164 1139 1202; x_wconf 82' lang='lat' dir='ltr'>Edwardum‚</span> <span class='ocrx_word' id='word_1_151' title='bbox 1171 1164 1370 1205; x_wconf 80' lang='lat' dir='ltr'>Principem,</span> <span class='ocrx_word' id='word_1_152' title='bbox 1403 1167 1477 1204; x_wconf 68' lang='lat' dir='ltr'>etc,</span> <span class='ocrx_word' id='word_1_153' title='bbox 1509 1166 1545 1195; x_wconf 88' lang='lat' dir='ltr'>et</span> <span class='ocrx_word' id='word_1_154' title='bbox 1576 1163 1743 1195; x_wconf 84' lang='lat' dir='ltr'>Abbatem</span> <span class='ocrx_word' id='word_1_155' title='bbox 1766 1163 1809 1194; x_wconf 89' lang='lat' dir='ltr'>de</span> 
     </span>
     <span class='ocr_line' id='line_1_18' title="bbox 418 1207 1481 1249; baseline 0.001 -10"><span class='ocrx_word' id='word_1_156' title='bbox 418 1207 618 1249; x_wconf 83' lang='lat' dir='ltr'>Tavystoke,</span> <span class='ocrx_word' id='word_1_157' title='bbox 635 1208 751 1246; x_wconf 91' lang='lat' dir='ltr'>donec,</span> <span class='ocrx_word' id='word_1_158' title='bbox 770 1208 1003 1240; x_wconf 87' lang='lat' dir='ltr'>etc.—Tested</span> <span class='ocrx_word' id='word_1_159' title='bbox 1019 1210 1055 1239; x_wconf 87' lang='lat' dir='ltr'>at</span> <span class='ocrx_word' id='word_1_160' title='bbox 1071 1208 1319 1247; x_wconf 87' lang='lat' dir='ltr'>Westminster,</span> <span class='ocrx_word' id='word_1_161' title='bbox 1337 1208 1377 1241; x_wconf 84' lang='lat'>27</span> <span class='ocrx_word' id='word_1_162' title='bbox 1395 1208 1481 1248; x_wconf 87' lang='lat' dir='ltr'>Aug.</span> 
     </span>
    </p>
   </div>
   <div class='ocr_carea' id='block_1_8' title="bbox 375 1262 1810 2132">
    <p class='ocr_par' dir='ltr' id='par_1_8' title="bbox 375 1262 1810 2132">
     <span class='ocr_line' id='line_1_19' title="bbox 375 1262 1808 1303; baseline -0.001 -8"><span class='ocrx_word' id='word_1_163' title='bbox 375 1262 526 1300; x_wconf 84' lang='lat' dir='ltr'>15.-De</span> <span class='ocrx_word' id='word_1_164' title='bbox 541 1262 741 1294; x_wconf 77' lang='lat' dir='ltr'>admittendo</span> <span class='ocrx_word' id='word_1_165' title='bbox 761 1262 795 1294; x_wconf 83' lang='grc' dir='ltr'>Τ.</span> <span class='ocrx_word' id='word_1_166' title='bbox 807 1264 957 1302; x_wconf 69' lang='grc' dir='ltr'>,θνρναυε</span> <span class='ocrx_word' id='word_1_167' title='bbox 972 1262 1017 1294; x_wconf 83' lang='lat' dir='ltr'>ad</span> <span class='ocrx_word' id='word_1_168' title='bbox 1035 1262 1347 1294; x_wconf 74' lang='lat' dir='ltr'>Archidiaconacum</span> <span class='ocrx_word' id='word_1_169' title='bbox 1371 1262 1618 1294; x_wconf 73' lang='lat' dir='ltr'>Cornubiensem</span> <span class='ocrx_word' id='word_1_170' title='bbox 1642 1262 1702 1302; x_wconf 72' lang='lat' dir='ltr'>(aee</span> <span class='ocrx_word' id='word_1_171' title='bbox 1724 1271 1808 1303; x_wconf 83' lang='lat' dir='ltr'>page</span> 
     </span>
     <span class='ocr_line' id='line_1_20' title="bbox 420 1306 1810 1347; baseline -0.001 -9"><span class='ocrx_word' id='word_1_172' title='bbox 420 1307 460 1339; x_wconf 91' lang='lat'>18</span> <span class='ocrx_word' id='word_1_173' title='bbox 484 1306 536 1337; x_wconf 82' lang='lat' dir='ltr'>for</span> <span class='ocrx_word' id='word_1_174' title='bbox 559 1306 618 1338; x_wconf 89' lang='lat' dir='ltr'>the</span> <span class='ocrx_word' id='word_1_175' title='bbox 641 1306 758 1337; x_wconf 84' lang='lat' dir='ltr'>earlier</span> <span class='ocrx_word' id='word_1_176' title='bbox 780 1306 877 1346; x_wconf 88' lang='lat' dir='ltr'>Writ,</span> <span class='ocrx_word' id='word_1_177' title='bbox 894 1306 995 1337; x_wconf 84' lang='lat' dir='ltr'>dated</span> <span class='ocrx_word' id='word_1_178' title='bbox 1021 1307 1060 1337; x_wconf 86' lang='lat'>14</span> <span class='ocrx_word' id='word_1_179' title='bbox 1078 1306 1151 1338; x_wconf 88' lang='lat' dir='ltr'>Oct.</span> <span class='ocrx_word' id='word_1_180' title='bbox 1170 1317 1178 1345; x_wconf 92' lang='lat'>;</span> <span class='ocrx_word' id='word_1_181' title='bbox 1201 1306 1270 1337; x_wconf 85' lang='lat' dir='ltr'>also</span> <span class='ocrx_word' id='word_1_182' title='bbox 1294 1317 1376 1347; x_wconf 92' lang='lat' dir='ltr'>page</span> <span class='ocrx_word' id='word_1_183' title='bbox 1394 1306 1592 1345; x_wconf 85' lang='lat' dir='ltr'>49).—-Cum</span> <span class='ocrx_word' id='word_1_184' title='bbox 1617 1316 1678 1337; x_wconf 89' lang='lat' dir='ltr'>nos</span> <span class='ocrx_word' id='word_1_185' title='bbox 1701 1315 1810 1346; x_wconf 88' lang='lat' dir='ltr'>nuper</span> 
     </span>
     <span class='ocr_line' id='line_1_21' title="bbox 417 1349 1808 1390; baseline -0.001 -9"><span class='ocrx_word' id='word_1_186' title='bbox 417 1350 453 1381; x_wconf 89' lang='lat' dir='ltr'>in</span> <span class='ocrx_word' id='word_1_187' title='bbox 477 1349 577 1381; x_wconf 84' lang='lat' dir='ltr'>Curia</span> <span class='ocrx_word' id='word_1_188' title='bbox 600 1352 724 1388; x_wconf 86' lang='lat' dir='ltr'>nostra,</span> <span class='ocrx_word' id='word_1_189' title='bbox 742 1359 852 1381; x_wconf 80' lang='lat' dir='ltr'>coram</span> <span class='ocrx_word' id='word_1_190' title='bbox 875 1350 897 1382; x_wconf 92' lang='lat' dir='ltr'><strong>J</strong></span> <span class='ocrx_word' id='word_1_191' title='bbox 901 1349 1076 1381; x_wconf 84' lang='lat' dir='ltr'>usticiariis</span> <span class='ocrx_word' id='word_1_192' title='bbox 1100 1350 1236 1388; x_wconf 82' lang='lat' dir='ltr'>nostris,</span> <span class='ocrx_word' id='word_1_193' title='bbox 1261 1350 1351 1390; x_wconf 86' lang='lat' dir='ltr'>apud</span> <span class='ocrx_word' id='word_1_194' title='bbox 1375 1349 1723 1388; x_wconf 81' lang='lat' dir='ltr'>westmonasterium,</span> <span class='ocrx_word' id='word_1_195' title='bbox 1747 1359 1808 1390; x_wconf 87' lang='lat' dir='ltr'>per</span> 
     </span>
     <span class='ocr_line' id='line_1_22' title="bbox 420 1392 1810 1434; baseline -0.001 -8"><span class='ocrx_word' id='word_1_196' title='bbox 420 1393 732 1426; x_wconf 80' lang='lat' dir='ltr'>consideracionem</span> <span class='ocrx_word' id='word_1_197' title='bbox 756 1392 908 1434; x_wconf 83' lang='lat' dir='ltr'>ejusdem</span> <span class='ocrx_word' id='word_1_198' title='bbox 933 1393 1033 1426; x_wconf 81' lang='lat' dir='ltr'>Curie</span> <span class='ocrx_word' id='word_1_199' title='bbox 1059 1396 1182 1432; x_wconf 87' lang='lat' dir='ltr'>nostre,</span> <span class='ocrx_word' id='word_1_200' title='bbox 1206 1403 1496 1434; x_wconf 86' lang='lat' dir='ltr'>recuperassemus</span> <span class='ocrx_word' id='word_1_201' title='bbox 1520 1403 1636 1424; x_wconf 89' lang='lat' dir='ltr'>versus</span> <span class='ocrx_word' id='word_1_202' title='bbox 1659 1403 1727 1432; x_wconf 86' lang='lat' dir='ltr'>vos,</span> <span class='ocrx_word' id='word_1_203' title='bbox 1751 1392 1810 1424; x_wconf 88' lang='lat' dir='ltr'>Ni·</span> 
     </span>
     <span class='ocr_line' id='line_1_23' title="bbox 418 1436 1807 1478; baseline 0 -10"><span class='ocrx_word' id='word_1_204' title='bbox 418 1437 574 1468; x_wconf 81' lang='lat' dir='ltr'>cholaum</span> <span class='ocrx_word' id='word_1_205' title='bbox 590 1437 632 1468; x_wconf 91' lang='lat' dir='ltr'>de</span> <span class='ocrx_word' id='word_1_206' title='bbox 647 1436 869 1478; x_wconf 78' lang='lat' dir='ltr'>Nywentone,</span> <span class='ocrx_word' id='word_1_207' title='bbox 885 1437 1052 1476; x_wconf 89' lang='lat' dir='ltr'>clericum,</span> <span class='ocrx_word' id='word_1_208' title='bbox 1069 1440 1104 1468; x_wconf 91' lang='lat' dir='ltr'>et</span> <span class='ocrx_word' id='word_1_209' title='bbox 1121 1437 1322 1477; x_wconf 82' lang='lat' dir='ltr'>Magistrum</span> <span class='ocrx_word' id='word_1_210' title='bbox 1348 1437 1578 1468; x_wconf 83' lang='lat' dir='ltr'>Alexandrum</span> <span class='ocrx_word' id='word_1_211' title='bbox 1602 1437 1645 1468; x_wconf 87' lang='lat' dir='ltr'>de</span> <span class='ocrx_word' id='word_1_212' title='bbox 1667 1436 1807 1477; x_wconf 84' lang='lat' dir='ltr'>Nevyle,</span> 
     </span>
     <span class='ocr_line' id='line_1_24' title="bbox 417 1480 1810 1520; baseline 0 -9"><span class='ocrx_word' id='word_1_213' title='bbox 417 1481 708 1512; x_wconf 86' lang='lat' dir='ltr'>Presentacionem</span> <span class='ocrx_word' id='word_1_214' title='bbox 725 1483 875 1512; x_wconf 88' lang='lat' dir='ltr'>nostram</span> <span class='ocrx_word' id='word_1_215' title='bbox 887 1481 928 1512; x_wconf 86' lang='lat' dir='ltr'>ad</span> <span class='ocrx_word' id='word_1_216' title='bbox 946 1480 1265 1512; x_wconf 78' lang='lat' dir='ltr'>Archidiaconatum</span> <span class='ocrx_word' id='word_1_217' title='bbox 1284 1480 1558 1520; x_wconf 87' lang='lat' dir='ltr'>Cornubiensem,</span> <span class='ocrx_word' id='word_1_218' title='bbox 1572 1483 1757 1519; x_wconf 52' lang='lat' dir='ltr'>vacantem,</span> <span class='ocrx_word' id='word_1_219' title='bbox 1774 1483 1810 1511; x_wconf 86' lang='lat' dir='ltr'>et</span> 
     </span>
     <span class='ocr_line' id='line_1_25' title="bbox 417 1523 1806 1565; baseline 0 -10"><span class='ocrx_word' id='word_1_220' title='bbox 417 1525 458 1555; x_wconf 82' lang='lat' dir='ltr'>ad</span> <span class='ocrx_word' id='word_1_221' title='bbox 475 1527 623 1555; x_wconf 87' lang='lat' dir='ltr'>nostram</span> <span class='ocrx_word' id='word_1_222' title='bbox 641 1524 867 1555; x_wconf 85' lang='lat' dir='ltr'>Donacionem</span> <span class='ocrx_word' id='word_1_223' title='bbox 884 1527 1102 1565; x_wconf 80' lang='lat' dir='ltr'>spectantem,</span> <span class='ocrx_word' id='word_1_224' title='bbox 1121 1535 1178 1565; x_wconf 89' lang='lat' dir='ltr'>per</span> <span class='ocrx_word' id='word_1_225' title='bbox 1193 1524 1283 1565; x_wconf 86' lang='lat' dir='ltr'>quod</span> <span class='ocrx_word' id='word_1_226' title='bbox 1302 1524 1395 1555; x_wconf 87' lang='lat' dir='ltr'>vobis</span> <span class='ocrx_word' id='word_1_227' title='bbox 1418 1523 1689 1556; x_wconf 80' lang='lat' dir='ltr'>mandaverimus</span> <span class='ocrx_word' id='word_1_228' title='bbox 1705 1523 1806 1564; x_wconf 88' lang='lat' dir='ltr'>quod,</span> 
     </span>
     <span class='ocr_line' id='line_1_26' title="bbox 417 1567 1810 1608; baseline 0.001 -10"><span class='ocrx_word' id='word_1_229' title='bbox 417 1578 483 1599; x_wconf 88' lang='lat' dir='ltr'>non</span> <span class='ocrx_word' id='word_1_230' title='bbox 512 1567 669 1599; x_wconf 89' lang='lat' dir='ltr'>obstante</span> <span class='ocrx_word' id='word_1_231' title='bbox 695 1567 932 1599; x_wconf 84' lang='lat' dir='ltr'>reclamacione</span> <span class='ocrx_word' id='word_1_232' title='bbox 958 1571 1069 1599; x_wconf 86' lang='lat' dir='ltr'>vestra</span> <span class='ocrx_word' id='word_1_233' title='bbox 1098 1571 1133 1599; x_wconf 86' lang='lat' dir='ltr'>et</span> <span class='ocrx_word' id='word_1_234' title='bbox 1162 1568 1390 1608; x_wconf 86' lang='lat' dir='ltr'>predictorum</span> <span class='ocrx_word' id='word_1_235' title='bbox 1417 1567 1572 1599; x_wconf 81' lang='lat' dir='ltr'>Nieholai</span> <span class='ocrx_word' id='word_1_236' title='bbox 1597 1570 1633 1599; x_wconf 87' lang='lat' dir='ltr'>et</span> <span class='ocrx_word' id='word_1_237' title='bbox 1656 1567 1810 1608; x_wconf 78' lang='lat' dir='ltr'>Magistri</span> 
     </span>
     <span class='ocr_line' id='line_1_27' title="bbox 418 1610 1810 1653; baseline 0 -11"><span class='ocrx_word' id='word_1_238' title='bbox 418 1611 612 1650; x_wconf 84' lang='lat' dir='ltr'>Alexandri,</span> <span class='ocrx_word' id='word_1_239' title='bbox 641 1611 683 1642; x_wconf 86' lang='lat' dir='ltr'>ad</span> <span class='ocrx_word' id='word_1_240' title='bbox 709 1611 1000 1643; x_wconf 86' lang='lat' dir='ltr'>Presentacionem</span> <span class='ocrx_word' id='word_1_241' title='bbox 1030 1614 1180 1643; x_wconf 87' lang='lat' dir='ltr'>nostram</span> <span class='ocrx_word' id='word_1_242' title='bbox 1204 1612 1247 1642; x_wconf 89' lang='lat' dir='ltr'>ad</span> <span class='ocrx_word' id='word_1_243' title='bbox 1274 1611 1591 1643; x_wconf 88' lang='lat' dir='ltr'>Archidiaconatum</span> <span class='ocrx_word' id='word_1_244' title='bbox 1619 1610 1810 1653; x_wconf 85' lang='lat' dir='ltr'>predictum</span> 
     </span>
     <span class='ocr_line' id='line_1_28' title="bbox 416 1655 1807 1695; baseline -0.001 -9"><span class='ocrx_word' id='word_1_245' title='bbox 416 1655 571 1686; x_wconf 88' lang='lat' dir='ltr'>idoneam</span> <span class='ocrx_word' id='word_1_246' title='bbox 610 1665 785 1695; x_wconf 77' lang='lat' dir='ltr'>personam</span> <span class='ocrx_word' id='word_1_247' title='bbox 816 1655 1029 1693; x_wconf 81' lang='lat' dir='ltr'>admittatis3</span> <span class='ocrx_word' id='word_1_248' title='bbox 1066 1665 1105 1686; x_wconf 89' lang='lat' dir='ltr'>ac</span> <span class='ocrx_word' id='word_1_249' title='bbox 1135 1655 1350 1695; x_wconf 87' lang='lat' dir='ltr'>postmodum</span> <span class='ocrx_word' id='word_1_250' title='bbox 1383 1655 1546 1686; x_wconf 83' lang='lat' dir='ltr'>Thomam</span> <span class='ocrx_word' id='word_1_251' title='bbox 1575 1655 1617 1686; x_wconf 91' lang='lat' dir='ltr'>de</span> <span class='ocrx_word' id='word_1_252' title='bbox 1648 1655 1807 1695; x_wconf 79' lang='lat' dir='ltr'>Orgrave,</span> 
     </span>
     <span class='ocr_line' id='line_1_29' title="bbox 417 1698 1806 1740; baseline 0 -11"><span class='ocrx_word' id='word_1_253' title='bbox 417 1698 584 1737; x_wconf 87' lang='lat' dir='ltr'>clericum,</span> <span class='ocrx_word' id='word_1_254' title='bbox 601 1698 644 1729; x_wconf 88' lang='lat' dir='ltr'>ad</span> <span class='ocrx_word' id='word_1_255' title='bbox 662 1698 979 1730; x_wconf 87' lang='lat' dir='ltr'>Archidiaconatum</span> <span class='ocrx_word' id='word_1_256' title='bbox 997 1699 1195 1739; x_wconf 90' lang='lat' dir='ltr'>predictum,</span> <span class='ocrx_word' id='word_1_257' title='bbox 1213 1699 1340 1730; x_wconf 87' lang='lat' dir='ltr'>virtute</span> <span class='ocrx_word' id='word_1_258' title='bbox 1363 1699 1625 1740; x_wconf 81' lang='lat' dir='ltr'>recuperacionis</span> <span class='ocrx_word' id='word_1_259' title='bbox 1649 1698 1806 1739; x_wconf 80' lang='lat' dir='ltr'>predicte,</span> 
     </span>
     <span class='ocr_line' id='line_1_30' title="bbox 417 1742 1808 1783; baseline 0 -10"><span class='ocrx_word' id='word_1_260' title='bbox 417 1742 684 1782; x_wconf 81' lang='lat' dir='ltr'>presentavimus</span> <span class='ocrx_word' id='word_1_261' title='bbox 701 1752 709 1781; x_wconf 94' lang='lat'>;</span> <span class='ocrx_word' id='word_1_262' title='bbox 734 1742 828 1773; x_wconf 83' lang='lat' dir='ltr'>vobis</span> <span class='ocrx_word' id='word_1_263' title='bbox 845 1742 1063 1783; x_wconf 82' lang='lat' dir='ltr'>supplicando</span> <span class='ocrx_word' id='word_1_264' title='bbox 1079 1743 1170 1783; x_wconf 90' lang='lat' dir='ltr'>quod</span> <span class='ocrx_word' id='word_1_265' title='bbox 1185 1742 1295 1783; x_wconf 89' lang='lat' dir='ltr'>ipsum</span> <span class='ocrx_word' id='word_1_266' title='bbox 1313 1742 1477 1774; x_wconf 76' lang='lat' dir='ltr'>&#39;rhomam</span> <span class='ocrx_word' id='word_1_267' title='bbox 1494 1743 1536 1773; x_wconf 85' lang='lat' dir='ltr'>ad</span> <span class='ocrx_word' id='word_1_268' title='bbox 1553 1742 1808 1774; x_wconf 80' lang='lat' dir='ltr'>Archidiacona-</span> 
     </span>
     <span class='ocr_line' id='line_1_31' title="bbox 416 1785 1809 1826; baseline 0 -10"><span class='ocrx_word' id='word_1_269' title='bbox 416 1788 491 1817; x_wconf 90' lang='lat' dir='ltr'>tum</span> <span class='ocrx_word' id='word_1_270' title='bbox 516 1785 706 1826; x_wconf 86' lang='lat' dir='ltr'>predictum</span> <span class='ocrx_word' id='word_1_271' title='bbox 728 1785 956 1817; x_wconf 80' lang='lat' dir='ltr'>admitteretis</span> <span class='ocrx_word' id='word_1_272' title='bbox 971 1809 979 1825; x_wconf 93' lang='lat'>,</span> <span class='ocrx_word' id='word_1_273' title='bbox 1003 1796 1072 1825; x_wconf 89' lang='lat' dir='ltr'>vos,</span> <span class='ocrx_word' id='word_1_274' title='bbox 1091 1791 1216 1824; x_wconf 87' lang='lat' dir='ltr'>tamen,</span> <span class='ocrx_word' id='word_1_275' title='bbox 1235 1786 1339 1817; x_wconf 88' lang='lat' dir='ltr'>nichil</span> <span class='ocrx_word' id='word_1_276' title='bbox 1361 1786 1440 1817; x_wconf 86' lang='lat' dir='ltr'>inde</span> <span class='ocrx_word' id='word_1_277' title='bbox 1463 1786 1599 1826; x_wconf 84' lang='lat' dir='ltr'>fecistis,</span> <span class='ocrx_word' id='word_1_278' title='bbox 1617 1796 1678 1817; x_wconf 90' lang='lat' dir='ltr'>nec</span> <span class='ocrx_word' id='word_1_279' title='bbox 1701 1785 1809 1816; x_wconf 76' lang='lat' dir='ltr'>iacere</span> 
     </span>
     <span class='ocr_line' id='line_1_32' title="bbox 419 1829 1805 1870; baseline 0 -10"><span class='ocrx_word' id='word_1_280' title='bbox 419 1829 569 1868; x_wconf 84' lang='lat' dir='ltr'>curastis,</span> <span class='ocrx_word' id='word_1_281' title='bbox 587 1831 626 1860; x_wconf 85' lang='lat' dir='ltr'>ut</span> <span class='ocrx_word' id='word_1_282' title='bbox 643 1829 830 1870; x_wconf 86' lang='lat' dir='ltr'>accepimus</span> <span class='ocrx_word' id='word_1_283' title='bbox 846 1840 855 1867; x_wconf 78' lang='lat'><em>3</em></span> <span class='ocrx_word' id='word_1_284' title='bbox 879 1829 921 1860; x_wconf 88' lang='lat' dir='ltr'>de</span> <span class='ocrx_word' id='word_1_285' title='bbox 937 1839 1004 1870; x_wconf 94' lang='lat' dir='ltr'>quo</span> <span class='ocrx_word' id='word_1_286' title='bbox 1020 1829 1310 1870; x_wconf 88' lang='lat' dir='ltr'>quamplurimum</span> <span class='ocrx_word' id='word_1_287' title='bbox 1327 1830 1489 1861; x_wconf 89' lang='lat' dir='ltr'>miramur</span> <span class='ocrx_word' id='word_1_288' title='bbox 1504 1832 1539 1861; x_wconf 90' lang='lat' dir='ltr'>et</span> <span class='ocrx_word' id='word_1_289' title='bbox 1557 1829 1805 1870; x_wconf 82' lang='lat' dir='ltr'>perturbamur.</span> 
     </span>
     <span class='ocr_line' id='line_1_33' title="bbox 418 1872 1809 1913; baseline 0.001 -10"><span class='ocrx_word' id='word_1_290' title='bbox 418 1873 465 1904; x_wconf 87' lang='lat' dir='ltr'>Et</span> <span class='ocrx_word' id='word_1_291' title='bbox 493 1872 568 1903; x_wconf 92' lang='lat' dir='ltr'>ideo</span> <span class='ocrx_word' id='word_1_292' title='bbox 599 1873 693 1903; x_wconf 84' lang='lat' dir='ltr'>vobis</span> <span class='ocrx_word' id='word_1_293' title='bbox 723 1873 934 1911; x_wconf 78' lang='lat' dir='ltr'>mandamus,</span> <span class='ocrx_word' id='word_1_294' title='bbox 965 1872 1053 1904; x_wconf 89' lang='lat' dir='ltr'>sicut</span> <span class='ocrx_word' id='word_1_295' title='bbox 1082 1873 1179 1904; x_wconf 86' lang='lat' dir='ltr'>aliter</span> <span class='ocrx_word' id='word_1_296' title='bbox 1210 1873 1303 1904; x_wconf 88' lang='lat' dir='ltr'>vobis</span> <span class='ocrx_word' id='word_1_297' title='bbox 1334 1873 1578 1912; x_wconf 85' lang='lat' dir='ltr'>mandavimus,</span> <span class='ocrx_word' id='word_1_298' title='bbox 1607 1873 1710 1913; x_wconf 89' lang='lat' dir='ltr'>quod,</span> <span class='ocrx_word' id='word_1_299' title='bbox 1741 1882 1809 1904; x_wconf 92' lang='lat' dir='ltr'>non</span> 
     </span>
     <span class='ocr_line' id='line_1_34' title="bbox 418 1915 1804 1957; baseline 0.001 -11"><span class='ocrx_word' id='word_1_300' title='bbox 418 1916 575 1947; x_wconf 85' lang='lat' dir='ltr'>obstante</span> <span class='ocrx_word' id='word_1_301' title='bbox 598 1915 835 1947; x_wconf 85' lang='lat' dir='ltr'>reclamacione</span> <span class='ocrx_word' id='word_1_302' title='bbox 860 1919 970 1947; x_wconf 83' lang='lat' dir='ltr'>vestra</span> <span class='ocrx_word' id='word_1_303' title='bbox 993 1919 1028 1947; x_wconf 89' lang='lat' dir='ltr'>et</span> <span class='ocrx_word' id='word_1_304' title='bbox 1050 1916 1279 1957; x_wconf 89' lang='lat' dir='ltr'>predictorum</span> <span class='ocrx_word' id='word_1_305' title='bbox 1302 1916 1455 1948; x_wconf 84' lang='lat' dir='ltr'>Nicholai</span> <span class='ocrx_word' id='word_1_306' title='bbox 1479 1920 1515 1947; x_wconf 91' lang='lat' dir='ltr'>et</span> <span class='ocrx_word' id='word_1_307' title='bbox 1538 1916 1690 1957; x_wconf 85' lang='lat' dir='ltr'>Magistri</span> <span class='ocrx_word' id='word_1_308' title='bbox 1708 1916 1804 1947; x_wconf 86' lang='lat' dir='ltr'>Alex-</span> 
     </span>
     <span class='ocr_line' id='line_1_35' title="bbox 418 1959 1807 1999; baseline 0.001 -9"><span class='ocrx_word' id='word_1_309' title='bbox 418 1959 528 1998; x_wconf 90' lang='lat' dir='ltr'>andri,</span> <span class='ocrx_word' id='word_1_310' title='bbox 543 1959 732 1999; x_wconf 79' lang='lat' dir='ltr'>predictum</span> <span class='ocrx_word' id='word_1_311' title='bbox 749 1959 923 1999; x_wconf 86' lang='lat' dir='ltr'>Thomam,</span> <span class='ocrx_word' id='word_1_312' title='bbox 936 1959 1093 1991; x_wconf 87' lang='lat' dir='ltr'>clericum</span> <span class='ocrx_word' id='word_1_313' title='bbox 1111 1964 1274 1999; x_wconf 83' lang='lat' dir='ltr'>nostrum,</span> <span class='ocrx_word' id='word_1_314' title='bbox 1291 1960 1334 1990; x_wconf 83' lang='lat' dir='ltr'>ad</span> <span class='ocrx_word' id='word_1_315' title='bbox 1351 1959 1639 1991; x_wconf 86' lang='lat' dir='ltr'>Presentacionem</span> <span class='ocrx_word' id='word_1_316' title='bbox 1656 1963 1807 1991; x_wconf 85' lang='lat' dir='ltr'>nostram</span> 
     </span>
     <span class='ocr_line' id='line_1_36' title="bbox 418 2002 1806 2044; baseline 0 -10"><span class='ocrx_word' id='word_1_317' title='bbox 418 2003 618 2041; x_wconf 84' lang='lat' dir='ltr'>admittatis,</span> <span class='ocrx_word' id='word_1_318' title='bbox 637 2002 689 2034; x_wconf 90' lang='lat' dir='ltr'>vel</span> <span class='ocrx_word' id='word_1_319' title='bbox 705 2013 839 2034; x_wconf 84' lang='lat' dir='ltr'>causam</span> <span class='ocrx_word' id='word_1_320' title='bbox 856 2003 899 2034; x_wconf 92' lang='lat' dir='ltr'>ob</span> <span class='ocrx_word' id='word_1_321' title='bbox 915 2013 1016 2044; x_wconf 88' lang='lat' dir='ltr'>quam</span> <span class='ocrx_word' id='word_1_322' title='bbox 1040 2003 1075 2034; x_wconf 92' lang='lat' dir='ltr'>id</span> <span class='ocrx_word' id='word_1_323' title='bbox 1091 2013 1158 2034; x_wconf 89' lang='lat' dir='ltr'>non</span> <span class='ocrx_word' id='word_1_324' title='bbox 1174 2003 1320 2034; x_wconf 85' lang='lat' dir='ltr'>feceritis</span> <span class='ocrx_word' id='word_1_325' title='bbox 1343 2003 1426 2034; x_wconf 86' lang='lat' dir='ltr'>scire</span> <span class='ocrx_word' id='word_1_326' title='bbox 1449 2003 1580 2035; x_wconf 81' lang='lat' dir='ltr'>faciatis</span> <span class='ocrx_word' id='word_1_327' title='bbox 1603 2004 1623 2035; x_wconf 85' lang='lat' dir='ltr'><strong>J</strong></span> <span class='ocrx_word' id='word_1_328' title='bbox 1628 2003 1806 2035; x_wconf 85' lang='lat' dir='ltr'>usticiariis</span> 
     </span>
     <span class='ocr_line' id='line_1_37' title="bbox 423 2046 1810 2087; baseline 0.001 -10"><span class='ocrx_word' id='word_1_329' title='bbox 423 2046 548 2078; x_wconf 88' lang='lat' dir='ltr'>nostris</span> <span class='ocrx_word' id='word_1_330' title='bbox 578 2046 668 2087; x_wconf 76' lang='lat' dir='ltr'>apud</span> <span class='ocrx_word' id='word_1_331' title='bbox 695 2047 1041 2085; x_wconf 84' lang='lat' dir='ltr'>Westmonasterium,</span> <span class='ocrx_word' id='word_1_332' title='bbox 1066 2046 1101 2077; x_wconf 92' lang='lat' dir='ltr'>in</span> <span class='ocrx_word' id='word_1_333' title='bbox 1128 2047 1273 2078; x_wconf 86' lang='lat' dir='ltr'>crastino</span> <span class='ocrx_word' id='word_1_334' title='bbox 1298 2047 1414 2078; x_wconf 87' lang='lat' dir='ltr'>Sancti</span> <span class='ocrx_word' id='word_1_335' title='bbox 1441 2047 1588 2086; x_wconf 86' lang='lat' dir='ltr'>Martini,</span> <span class='ocrx_word' id='word_1_336' title='bbox 1619 2047 1682 2078; x_wconf 92' lang='lat' dir='ltr'>hoc</span> <span class='ocrx_word' id='word_1_337' title='bbox 1704 2047 1810 2078; x_wconf 85' lang='lat' dir='ltr'>Breve</span> 
     </span>
     <span class='ocr_line' id='line_1_38' title="bbox 420 2089 1809 2132; baseline 0.001 -12"><span class='ocrx_word' id='word_1_338' title='bbox 420 2100 530 2121; x_wconf 87' lang='lat' dir='ltr'>coram</span> <span class='ocrx_word' id='word_1_339' title='bbox 547 2089 706 2131; x_wconf 82' lang='lat' dir='ltr'>predictis</span> <span class='ocrx_word' id='word_1_340' title='bbox 728 2090 930 2121; x_wconf 83' lang='lat' dir='ltr'>Justiciariis</span> <span class='ocrx_word' id='word_1_341' title='bbox 953 2090 1077 2121; x_wconf 87' lang='lat' dir='ltr'>nostris</span> <span class='ocrx_word' id='word_1_342' title='bbox 1099 2091 1189 2130; x_wconf 86' lang='lat' dir='ltr'>apud</span> <span class='ocrx_word' id='word_1_343' title='bbox 1213 2090 1551 2122; x_wconf 84' lang='lat' dir='ltr'>Westmonasterium</span> <span class='ocrx_word' id='word_1_344' title='bbox 1573 2091 1616 2122; x_wconf 90' lang='lat' dir='ltr'>ad</span> <span class='ocrx_word' id='word_1_345' title='bbox 1638 2090 1809 2132; x_wconf 79' lang='lat' dir='ltr'>prefatum</span> 
     </span>
    </p>
   </div>
   <div class='ocr_carea' id='block_1_9' title="bbox 420 2133 1807 2209">
    <p class='ocr_par' dir='ltr' id='par_1_9' title="bbox 420 2133 1807 2209">
     <span class='ocr_line' id='line_1_39' title="bbox 420 2133 1807 2208; baseline 0.001 -45"><span class='ocrx_word' id='word_1_346' title='bbox 420 2133 606 2208; x_wconf 55' lang='grc' dir='ltr'>ῗεέηὸἰιέυω</span> <span class='ocrx_word' id='word_1_347' title='bbox 629 2133 1022 2165; x_wconf 55' lang='lat' dir='ltr'>remittentem—&#39;restam</span> <span class='ocrx_word' id='word_1_348' title='bbox 1045 2134 1090 2175; x_wconf 86' lang='lat' dir='ltr'>by</span> <span class='ocrx_word' id='word_1_349' title='bbox 1115 2133 1167 2167; x_wconf 89' lang='lat' dir='ltr'>W.</span> <span class='ocrx_word' id='word_1_350' title='bbox 1185 2134 1227 2164; x_wconf 92' lang='lat' dir='ltr'>de</span> <span class='ocrx_word' id='word_1_351' title='bbox 1251 2134 1483 2175; x_wconf 79' lang='lat' dir='ltr'>Fynchedene,</span> <span class='ocrx_word' id='word_1_352' title='bbox 1500 2137 1536 2165; x_wconf 84' lang='lat' dir='ltr'>at</span> <span class='ocrx_word' id='word_1_353' title='bbox 1561 2133 1807 2173; x_wconf 87' lang='lat' dir='ltr'>Westminster,</span> 
     </span>
     <span class='ocr_line' id='line_1_40' title="bbox 511 2187 555 2209; baseline 0.023 -1"><span class='ocrx_word' id='word_1_354' title='bbox 511 2187 528 2208; x_wconf 90' lang='lat' dir='ltr'>c</span> <span class='ocrx_word' id='word_1_355' title='bbox 547 2200 555 2209; x_wconf 86' lang='lat'>.</span> 
     </span>
    </p>
   </div>
   <div class='ocr_carea' id='block_1_10' title="bbox 270 2236 1814 3018">
    <p class='ocr_par' dir='ltr' id='par_1_10' title="bbox 270 2236 1814 3018">
     <span class='ocr_line' id='line_1_41' title="bbox 379 2236 1809 2278; baseline 0.001 -10"><span class='ocrx_word' id='word_1_356' title='bbox 379 2236 536 2273; x_wconf 83' lang='lat' dir='ltr'>16.—Ne</span> <span class='ocrx_word' id='word_1_357' title='bbox 553 2236 721 2269; x_wconf 77' lang='lat' dir='ltr'>solvantur</span> <span class='ocrx_word' id='word_1_358' title='bbox 739 2238 845 2278; x_wconf 78' lang='lat' dir='ltr'>primi</span> <span class='ocrx_word' id='word_1_359' title='bbox 860 2236 998 2278; x_wconf 71' lang='lat' dir='ltr'>fluctus</span> <span class='ocrx_word' id='word_1_360' title='bbox 1022 2236 1153 2269; x_wconf 81' lang='lat' dir='ltr'>Camere</span> <span class='ocrx_word' id='word_1_361' title='bbox 1175 2237 1350 2278; x_wconf 68' lang='lat' dir='ltr'>Apostolice</span> <span class='ocrx_word' id='word_1_362' title='bbox 1370 2237 1409 2269; x_wconf 81' lang='lat' dir='ltr'>de</span> <span class='ocrx_word' id='word_1_363' title='bbox 1436 2236 1656 2269; x_wconf 59' lang='lat' dir='ltr'>Thasum-aria</span> <span class='ocrx_word' id='word_1_364' title='bbox 1678 2242 1707 2269; x_wconf 77' lang='lat' dir='ltr'>et</span> <span class='ocrx_word' id='word_1_365' title='bbox 1731 2237 1809 2269; x_wconf 80' lang='lat' dir='ltr'>Pre-</span> 
     </span>
     <span class='ocr_line' id='line_1_42' title="bbox 423 2280 1809 2321; baseline 0.001 -10"><span class='ocrx_word' id='word_1_366' title='bbox 423 2280 526 2312; x_wconf 82' lang='lat' dir='ltr'>benda</span> <span class='ocrx_word' id='word_1_367' title='bbox 550 2282 588 2312; x_wconf 79' lang='lat' dir='ltr'>in</span> <span class='ocrx_word' id='word_1_368' title='bbox 614 2280 754 2312; x_wconf 70' lang='lat' dir='ltr'>Ecclesia</span> <span class='ocrx_word' id='word_1_369' title='bbox 777 2280 961 2320; x_wconf 72' lang='lat' dir='ltr'>Eoeoniensi,</span> <span class='ocrx_word' id='word_1_370' title='bbox 989 2280 1114 2312; x_wconf 76' lang='lat' dir='ltr'>collatis</span> <span class='ocrx_word' id='word_1_371' title='bbox 1146 2280 1191 2313; x_wconf 88' lang='lat' dir='ltr'>W.</span> <span class='ocrx_word' id='word_1_372' title='bbox 1222 2281 1339 2321; x_wconf 77' lang='lat' dir='ltr'>Muqye</span> <span class='ocrx_word' id='word_1_373' title='bbox 1365 2291 1426 2321; x_wconf 79' lang='lat' dir='ltr'>per</span> <span class='ocrx_word' id='word_1_374' title='bbox 1456 2281 1635 2313; x_wconf 68' lang='lat' dir='ltr'>Dominum</span> <span class='ocrx_word' id='word_1_375' title='bbox 1662 2285 1809 2312; x_wconf 75' lang='lat' dir='ltr'>nostrum</span> 
     </span>
     <span class='ocr_line' id='line_1_43' title="bbox 421 2323 1809 2365; baseline 0.001 -10"><span class='ocrx_word' id='word_1_376' title='bbox 421 2323 689 2364; x_wconf 59' lang='lat' dir='ltr'>limem-Licet</span> <span class='ocrx_word' id='word_1_377' title='bbox 711 2324 812 2365; x_wconf 87' lang='lat' dir='ltr'>primi</span> <span class='ocrx_word' id='word_1_378' title='bbox 834 2324 966 2355; x_wconf 84' lang='lat' dir='ltr'>fructus</span> <span class='ocrx_word' id='word_1_379' title='bbox 991 2325 1033 2355; x_wconf 89' lang='lat' dir='ltr'>de</span> <span class='ocrx_word' id='word_1_380' title='bbox 1056 2324 1230 2355; x_wconf 86' lang='lat' dir='ltr'>Beneficiis</span> <span class='ocrx_word' id='word_1_381' title='bbox 1253 2324 1494 2356; x_wconf 78' lang='lat' dir='ltr'>Ecclesiasticis</span> <span class='ocrx_word' id='word_1_382' title='bbox 1517 2325 1559 2356; x_wconf 86' lang='lat' dir='ltr'>ad</span> <span class='ocrx_word' id='word_1_383' title='bbox 1584 2325 1809 2356; x_wconf 85' lang='lat' dir='ltr'>Donacionem</span> 
     </span>
     <span class='ocr_line' id='line_1_44' title="bbox 420 2367 1811 2408; baseline 0.001 -9"><span class='ocrx_word' id='word_1_384' title='bbox 420 2370 570 2399; x_wconf 87' lang='lat' dir='ltr'>nostram</span> <span class='ocrx_word' id='word_1_385' title='bbox 585 2367 824 2408; x_wconf 82' lang='lat' dir='ltr'>spectantibus,</span> <span class='ocrx_word' id='word_1_386' title='bbox 841 2368 883 2399; x_wconf 84' lang='lat' dir='ltr'>de</span> <span class='ocrx_word' id='word_1_387' title='bbox 898 2368 1021 2408; x_wconf 81' lang='lat' dir='ltr'>quibus</span> <span class='ocrx_word' id='word_1_388' title='bbox 1036 2367 1144 2399; x_wconf 85' lang='lat' dir='ltr'>cleriei</span> <span class='ocrx_word' id='word_1_389' title='bbox 1160 2367 1276 2407; x_wconf 88' lang='lat' dir='ltr'>nostri,</span> <span class='ocrx_word' id='word_1_390' title='bbox 1290 2368 1417 2399; x_wconf 87' lang='lat' dir='ltr'>virtute</span> <span class='ocrx_word' id='word_1_391' title='bbox 1440 2368 1736 2400; x_wconf 87' lang='lat' dir='ltr'>Presentacionum</span> <span class='ocrx_word' id='word_1_392' title='bbox 1752 2378 1811 2400; x_wconf 86' lang='lat' dir='ltr'>seu</span> 
     </span>
     <span class='ocr_line' id='line_1_45' title="bbox 424 2411 1810 2443; baseline 0.001 -1"><span class='ocrx_word' id='word_1_393' title='bbox 424 2411 654 2443; x_wconf 86' lang='lat' dir='ltr'>Collacionum</span> <span class='ocrx_word' id='word_1_394' title='bbox 682 2414 873 2442; x_wconf 76' lang='lat' dir='ltr'>nostrarum</span> <span class='ocrx_word' id='word_1_395' title='bbox 901 2412 948 2442; x_wconf 89' lang='lat' dir='ltr'>eis</span> <span class='ocrx_word' id='word_1_396' title='bbox 977 2411 1056 2442; x_wconf 89' lang='lat' dir='ltr'>inde</span> <span class='ocrx_word' id='word_1_397' title='bbox 1082 2411 1251 2443; x_wconf 84' lang='lat' dir='ltr'>factarum</span> <span class='ocrx_word' id='word_1_398' title='bbox 1277 2411 1477 2443; x_wconf 81' lang='lat' dir='ltr'>Canonicam</span> <span class='ocrx_word' id='word_1_399' title='bbox 1501 2412 1645 2443; x_wconf 83' lang='lat' dir='ltr'>assecuti</span> <span class='ocrx_word' id='word_1_400' title='bbox 1667 2412 1810 2443; x_wconf 83' lang='lat' dir='ltr'>fuerunt</span> 
     </span>
     <span class='ocr_line' id='line_1_46' title="bbox 423 2454 1810 2495; baseline 0 -9"><span class='ocrx_word' id='word_1_401' title='bbox 423 2455 674 2495; x_wconf 84' lang='lat' dir='ltr'>possessionem,</span> <span class='ocrx_word' id='word_1_402' title='bbox 705 2455 747 2485; x_wconf 87' lang='lat' dir='ltr'>ad</span> <span class='ocrx_word' id='word_1_403' title='bbox 779 2465 860 2486; x_wconf 86' lang='lat' dir='ltr'>usus</span> <span class='ocrx_word' id='word_1_404' title='bbox 886 2454 1022 2486; x_wconf 87' lang='lat' dir='ltr'>Domini</span> <span class='ocrx_word' id='word_1_405' title='bbox 1053 2455 1185 2486; x_wconf 87' lang='lat' dir='ltr'>Summi</span> <span class='ocrx_word' id='word_1_406' title='bbox 1215 2455 1386 2486; x_wconf 87' lang='lat' dir='ltr'>Pontificis</span> <span class='ocrx_word' id='word_1_407' title='bbox 1416 2455 1579 2486; x_wconf 86' lang='lat' dir='ltr'>hactenus</span> <span class='ocrx_word' id='word_1_408' title='bbox 1611 2456 1720 2487; x_wconf 84' lang='lat' dir='ltr'>exacti</span> <span class='ocrx_word' id='word_1_409' title='bbox 1742 2465 1810 2486; x_wconf 90' lang='lat' dir='ltr'>non</span> 
     </span>
     <span class='ocr_line' id='line_1_47' title="bbox 270 2497 1808 2539; baseline 0.001 -10"><span class='ocrx_word' id='word_1_410' title='bbox 270 2497 324 2525; x_wconf 80' lang='lat' dir='ltr'>fol·</span> <span class='ocrx_word' id='word_1_411' title='bbox 338 2497 382 2524; x_wconf 84' lang='lat' dir='ltr'>9b·</span> <span class='ocrx_word' id='word_1_412' title='bbox 420 2498 561 2530; x_wconf 76' lang='lat' dir='ltr'>fuerunt</span> <span class='ocrx_word' id='word_1_413' title='bbox 577 2509 637 2529; x_wconf 91' lang='lat' dir='ltr'>nec</span> <span class='ocrx_word' id='word_1_414' title='bbox 650 2498 774 2534; x_wconf 83' lang='lat' dir='ltr'>soluti;</span> <span class='ocrx_word' id='word_1_415' title='bbox 800 2509 870 2537; x_wconf 88' lang='lat' dir='ltr'>vos,</span> <span class='ocrx_word' id='word_1_416' title='bbox 889 2498 1135 2537; x_wconf 87' lang='lat' dir='ltr'>nichilominus,</span> <span class='ocrx_word' id='word_1_417' title='bbox 1152 2498 1300 2529; x_wconf 84' lang='lat' dir='ltr'>diversas</span> <span class='ocrx_word' id='word_1_418' title='bbox 1323 2499 1463 2539; x_wconf 86' lang='lat' dir='ltr'>pecunie</span> <span class='ocrx_word' id='word_1_419' title='bbox 1486 2509 1636 2530; x_wconf 85' lang='lat' dir='ltr'>summas</span> <span class='ocrx_word' id='word_1_420' title='bbox 1658 2499 1702 2530; x_wconf 90' lang='lat' dir='ltr'>de</span> <span class='ocrx_word' id='word_1_421' title='bbox 1723 2498 1808 2530; x_wconf 81' lang='lat' dir='ltr'>The-</span> 
     </span>
     <span class='ocr_line' id='line_1_48' title="bbox 424 2541 1811 2583; baseline 0.001 -11"><span class='ocrx_word' id='word_1_422' title='bbox 424 2542 573 2573; x_wconf 83' lang='lat' dir='ltr'>sauraria</span> <span class='ocrx_word' id='word_1_423' title='bbox 599 2542 634 2573; x_wconf 92' lang='lat' dir='ltr'>in</span> <span class='ocrx_word' id='word_1_424' title='bbox 663 2541 809 2573; x_wconf 86' lang='lat' dir='ltr'>Ecclesia</span> <span class='ocrx_word' id='word_1_425' title='bbox 834 2542 1024 2581; x_wconf 85' lang='lat' dir='ltr'>Exoniensi,</span> <span class='ocrx_word' id='word_1_426' title='bbox 1055 2545 1090 2573; x_wconf 90' lang='lat' dir='ltr'>et</span> <span class='ocrx_word' id='word_1_427' title='bbox 1118 2541 1289 2573; x_wconf 86' lang='lat' dir='ltr'>Prebenda</span> <span class='ocrx_word' id='word_1_428' title='bbox 1314 2552 1418 2582; x_wconf 87' lang='lat' dir='ltr'>quam</span> <span class='ocrx_word' id='word_1_429' title='bbox 1448 2542 1609 2583; x_wconf 85' lang='lat' dir='ltr'>Magister</span> <span class='ocrx_word' id='word_1_430' title='bbox 1637 2542 1811 2575; x_wconf 71' lang='lat' dir='ltr'>Johannes</span> 
     </span>
     <span class='ocr_line' id='line_1_49' title="bbox 426 2585 1809 2626; baseline 0.001 -10"><span class='ocrx_word' id='word_1_431' title='bbox 426 2585 576 2626; x_wconf 84' lang='lat' dir='ltr'>Leynam</span> <span class='ocrx_word' id='word_1_432' title='bbox 603 2585 716 2617; x_wconf 89' lang='lat' dir='ltr'>tenuit</span> <span class='ocrx_word' id='word_1_433' title='bbox 741 2585 776 2616; x_wconf 95' lang='lat' dir='ltr'>in</span> <span class='ocrx_word' id='word_1_434' title='bbox 809 2585 954 2617; x_wconf 84' lang='lat' dir='ltr'>Ecclesia</span> <span class='ocrx_word' id='word_1_435' title='bbox 982 2585 1139 2625; x_wconf 85' lang='lat' dir='ltr'>predicta,</span> <span class='ocrx_word' id='word_1_436' title='bbox 1167 2586 1502 2626; x_wconf 80' lang='lat' dir='ltr'>nuper-vacantibus</span> <span class='ocrx_word' id='word_1_437' title='bbox 1532 2589 1568 2617; x_wconf 90' lang='lat' dir='ltr'>et</span> <span class='ocrx_word' id='word_1_438' title='bbox 1593 2586 1637 2617; x_wconf 86' lang='lat' dir='ltr'>ad</span> <span class='ocrx_word' id='word_1_439' title='bbox 1659 2588 1809 2618; x_wconf 86' lang='lat' dir='ltr'>nostram</span> 
     </span>
     <span class='ocr_line' id='line_1_50' title="bbox 425 2628 1808 2670; baseline 0.001 -10"><span class='ocrx_word' id='word_1_440' title='bbox 425 2629 652 2660; x_wconf 89' lang='lat' dir='ltr'>Donacionem</span> <span class='ocrx_word' id='word_1_441' title='bbox 675 2629 916 2670; x_wconf 82' lang='lat' dir='ltr'>spectantibus,</span> <span class='ocrx_word' id='word_1_442' title='bbox 940 2628 1070 2660; x_wconf 83' lang='lat' dir='ltr'>racione</span> <span class='ocrx_word' id='word_1_443' title='bbox 1094 2628 1315 2670; x_wconf 86' lang='lat' dir='ltr'>Episcopatus</span> <span class='ocrx_word' id='word_1_444' title='bbox 1338 2629 1536 2660; x_wconf 84' lang='lat' dir='ltr'>Exoniensis</span> <span class='ocrx_word' id='word_1_445' title='bbox 1559 2632 1643 2661; x_wconf 91' lang='lat' dir='ltr'>tunc</span> <span class='ocrx_word' id='word_1_446' title='bbox 1658 2629 1808 2661; x_wconf 84' lang='lat' dir='ltr'>vacantis</span> 
     </span>
     <span class='ocr_line' id='line_1_51' title="bbox 427 2672 1810 2713; baseline 0.001 -10"><span class='ocrx_word' id='word_1_447' title='bbox 427 2675 460 2703; x_wconf 86' lang='lat' dir='ltr'>et</span> <span class='ocrx_word' id='word_1_448' title='bbox 489 2672 522 2703; x_wconf 90' lang='lat' dir='ltr'>in</span> <span class='ocrx_word' id='word_1_449' title='bbox 548 2682 652 2704; x_wconf 85' lang='lat' dir='ltr'>manu</span> <span class='ocrx_word' id='word_1_450' title='bbox 677 2675 792 2704; x_wconf 88' lang='lat' dir='ltr'>nostra</span> <span class='ocrx_word' id='word_1_451' title='bbox 817 2672 1003 2712; x_wconf 80' lang='lat' dir='ltr'>existentis,</span> <span class='ocrx_word' id='word_1_452' title='bbox 1031 2682 1114 2713; x_wconf 80' lang='lat' dir='ltr'>quaa</span> <span class='ocrx_word' id='word_1_453' title='bbox 1140 2672 1284 2704; x_wconf 86' lang='lat' dir='ltr'>dilectus</span> <span class='ocrx_word' id='word_1_454' title='bbox 1310 2672 1448 2704; x_wconf 89' lang='lat' dir='ltr'>clericus</span> <span class='ocrx_word' id='word_1_455' title='bbox 1474 2675 1597 2712; x_wconf 82' lang='lat' dir='ltr'>noster,</span> <span class='ocrx_word' id='word_1_456' title='bbox 1622 2673 1810 2704; x_wconf 88' lang='lat' dir='ltr'>Willelmus</span> 
     </span>
     <span class='ocr_line' id='line_1_52' title="bbox 427 2715 1812 2757; baseline 0 -10"><span class='ocrx_word' id='word_1_457' title='bbox 427 2715 559 2756; x_wconf 82' lang='lat' dir='ltr'>Mugge‚</span> <span class='ocrx_word' id='word_1_458' title='bbox 584 2716 643 2756; x_wconf 92' lang='lat' dir='ltr'>qui</span> <span class='ocrx_word' id='word_1_459' title='bbox 665 2715 918 2747; x_wconf 83' lang='lat' dir='ltr'>Thesaurariam</span> <span class='ocrx_word' id='word_1_460' title='bbox 942 2719 977 2747; x_wconf 88' lang='lat' dir='ltr'>et</span> <span class='ocrx_word' id='word_1_461' title='bbox 1004 2716 1207 2747; x_wconf 86' lang='lat' dir='ltr'>Prebendam</span> <span class='ocrx_word' id='word_1_462' title='bbox 1231 2715 1406 2757; x_wconf 84' lang='lat' dir='ltr'>predictas,</span> <span class='ocrx_word' id='word_1_463' title='bbox 1430 2727 1470 2747; x_wconf 84' lang='lat' dir='ltr'>ex</span> <span class='ocrx_word' id='word_1_464' title='bbox 1488 2716 1675 2748; x_wconf 85' lang='lat' dir='ltr'>Collacione</span> <span class='ocrx_word' id='word_1_465' title='bbox 1698 2719 1812 2748; x_wconf 83' lang='lat' dir='ltr'>nostra</span> 
     </span>
     <span class='ocr_line' id='line_1_53' title="bbox 429 2758 1813 2800; baseline 0 -10"><span class='ocrx_word' id='word_1_466' title='bbox 429 2759 531 2800; x_wconf 85' lang='lat' dir='ltr'>Regia</span> <span class='ocrx_word' id='word_1_467' title='bbox 546 2759 609 2791; x_wconf 83' lang='lat' dir='ltr'>sibi</span> <span class='ocrx_word' id='word_1_468' title='bbox 625 2762 708 2791; x_wconf 90' lang='lat' dir='ltr'>tunc</span> <span class='ocrx_word' id='word_1_469' title='bbox 723 2760 801 2791; x_wconf 88' lang='lat' dir='ltr'>inde</span> <span class='ocrx_word' id='word_1_470' title='bbox 816 2759 915 2798; x_wconf 76' lang='lat' dir='ltr'>facta,</span> <span class='ocrx_word' id='word_1_471' title='bbox 930 2758 1093 2791; x_wconf 82' lang='lat' dir='ltr'>canonice</span> <span class='ocrx_word' id='word_1_472' title='bbox 1109 2762 1160 2791; x_wconf 90' lang='lat' dir='ltr'>est</span> <span class='ocrx_word' id='word_1_473' title='bbox 1175 2762 1356 2799; x_wconf 84' lang='lat' dir='ltr'>assecutus,</span> <span class='ocrx_word' id='word_1_474' title='bbox 1368 2760 1409 2790; x_wconf 89' lang='lat' dir='ltr'>ad</span> <span class='ocrx_word' id='word_1_475' title='bbox 1426 2770 1510 2800; x_wconf 86' lang='lat' dir='ltr'>opus</span> <span class='ocrx_word' id='word_1_476' title='bbox 1526 2759 1663 2791; x_wconf 91' lang='lat' dir='ltr'>Domini</span> <span class='ocrx_word' id='word_1_477' title='bbox 1679 2759 1813 2791; x_wconf 85' lang='lat' dir='ltr'>Summi</span> 
     </span>
     <span class='ocr_line' id='line_1_54' title="bbox 430 2802 1813 2844; baseline 0.001 -12"><span class='ocrx_word' id='word_1_478' title='bbox 430 2802 602 2834; x_wconf 82' lang='lat' dir='ltr'>Pontificis</span> <span class='ocrx_word' id='word_1_479' title='bbox 624 2803 757 2843; x_wconf 82' lang='lat' dir='ltr'>exigitis</span> <span class='ocrx_word' id='word_1_480' title='bbox 781 2803 892 2834; x_wconf 88' lang='lat' dir='ltr'>minus</span> <span class='ocrx_word' id='word_1_481' title='bbox 914 2802 1016 2844; x_wconf 84' lang='lat' dir='ltr'>juste,</span> <span class='ocrx_word' id='word_1_482' title='bbox 1031 2803 1066 2834; x_wconf 90' lang='lat' dir='ltr'>in</span> <span class='ocrx_word' id='word_1_483' title='bbox 1090 2806 1243 2834; x_wconf 87' lang='lat' dir='ltr'>nostrum</span> <span class='ocrx_word' id='word_1_484' title='bbox 1268 2802 1493 2844; x_wconf 86' lang='lat' dir='ltr'>prejudicium</span> <span class='ocrx_word' id='word_1_485' title='bbox 1510 2806 1546 2834; x_wconf 92' lang='lat' dir='ltr'>et</span> <span class='ocrx_word' id='word_1_486' title='bbox 1561 2803 1758 2844; x_wconf 86' lang='lat' dir='ltr'>dampnum,</span> <span class='ocrx_word' id='word_1_487' title='bbox 1775 2813 1813 2834; x_wconf 87' lang='lat' dir='ltr'>ac</span> 
     </span>
     <span class='ocr_line' id='line_1_55' title="bbox 429 2845 1813 2887; baseline 0.001 -12"><span class='ocrx_word' id='word_1_488' title='bbox 429 2845 700 2886; x_wconf 88' lang='lat' dir='ltr'>depressionem</span> <span class='ocrx_word' id='word_1_489' title='bbox 692 2847 796 2887; x_wconf 79' lang='lat' dir='ltr'>ipsius</span> <span class='ocrx_word' id='word_1_490' title='bbox 812 2846 973 2878; x_wconf 89' lang='lat' dir='ltr'>Willelmi</span> <span class='ocrx_word' id='word_1_491' title='bbox 988 2849 1024 2877; x_wconf 90' lang='lat' dir='ltr'>et</span> <span class='ocrx_word' id='word_1_492' title='bbox 1046 2846 1213 2877; x_wconf 81' lang='lat' dir='ltr'>dictarum</span> <span class='ocrx_word' id='word_1_493' title='bbox 1237 2846 1454 2878; x_wconf 83' lang='lat' dir='ltr'>Thesaurarie</span> <span class='ocrx_word' id='word_1_494' title='bbox 1470 2849 1506 2877; x_wconf 87' lang='lat' dir='ltr'>et</span> <span class='ocrx_word' id='word_1_495' title='bbox 1522 2846 1694 2878; x_wconf 81' lang='lat' dir='ltr'>Prebende</span> <span class='ocrx_word' id='word_1_496' title='bbox 1710 2846 1813 2878; x_wconf 90' lang='lat' dir='ltr'>mani-</span> 
     </span>
     <span class='ocr_line' id='line_1_56' title="bbox 431 2888 1814 2940; baseline 0 -20"><span class='ocrx_word' id='word_1_497' title='bbox 431 2888 563 2920; x_wconf 82' lang='lat' dir='ltr'>festam.</span> <span class='ocrx_word' id='word_1_498' title='bbox 610 2890 689 2929; x_wconf 89' lang='lat' dir='ltr'>Nos,</span> <span class='ocrx_word' id='word_1_499' title='bbox 707 2890 904 2930; x_wconf 85' lang='lat' dir='ltr'>hujusmodi</span> <span class='ocrx_word' id='word_1_500' title='bbox 927 2889 1121 2931; x_wconf 68' lang='lat' dir='ltr'>pmjudicio,</span> <span class='ocrx_word' id='word_1_501' title='bbox 1145 2890 1300 2940; x_wconf 81' lang='lat' dir='ltr'>dampno,</span> <span class='ocrx_word' id='word_1_502' title='bbox 1325 2893 1360 2921; x_wconf 90' lang='lat' dir='ltr'>et</span> <span class='ocrx_word' id='word_1_503' title='bbox 1382 2889 1586 2931; x_wconf 86' lang='lat' dir='ltr'>depressioni</span> <span class='ocrx_word' id='word_1_504' title='bbox 1608 2889 1752 2929; x_wconf 82' lang='lat' dir='ltr'>obviare,</span> <span class='ocrx_word' id='word_1_505' title='bbox 1775 2899 1814 2921; x_wconf 82' lang='lat' dir='ltr'>ac</span> 
     </span>
     <span class='ocr_line' id='line_1_57' title="bbox 431 2914 1814 2974; baseline 0.001 -11"><span class='ocrx_word' id='word_1_506' title='bbox 431 2931 629 2973; x_wconf 81' lang='lat' dir='ltr'>hujusmodi</span> <span class='ocrx_word' id='word_1_507' title='bbox 645 2933 835 2964; x_wconf 81' lang='lat' dir='ltr'>exacciones</span> <span class='ocrx_word' id='word_1_508' title='bbox 850 2943 953 2964; x_wconf 78' lang='lat' dir='ltr'>novas</span> <span class='ocrx_word' id='word_1_509' title='bbox 968 2937 1004 2965; x_wconf 90' lang='lat' dir='ltr'>et</span> <span class='ocrx_word' id='word_1_510' title='bbox 1018 2933 1178 2973; x_wconf 86' lang='lat' dir='ltr'>insolitas,</span> <span class='ocrx_word' id='word_1_511' title='bbox 1194 2933 1229 2964; x_wconf 93' lang='lat' dir='ltr'>in</span> <span class='ocrx_word' id='word_1_512' title='bbox 1246 2933 1329 2964; x_wconf 84' lang='lat' dir='ltr'>dicti</span> <span class='ocrx_word' id='word_1_513' title='bbox 1345 2933 1451 2974; x_wconf 78' lang='lat' dir='ltr'>Regni</span> <span class='ocrx_word' id='word_1_514' title='bbox 1466 2933 1574 2964; x_wconf 86' lang='lat' dir='ltr'>nostri</span> <span class='ocrx_word' id='word_1_515' title='bbox 1588 2914 1814 2974; x_wconf 86' lang='lat' dir='ltr'>prejudicium</span> 
     </span>
     <span class='ocr_line' id='line_1_58' title="bbox 431 2975 1814 3018; baseline 0.001 -11"><span class='ocrx_word' id='word_1_516' title='bbox 431 2975 613 3016; x_wconf 85' lang='lat' dir='ltr'>inchoatas,</span> <span class='ocrx_word' id='word_1_517' title='bbox 628 2976 828 3017; x_wconf 85' lang='lat' dir='ltr'>restringere</span> <span class='ocrx_word' id='word_1_518' title='bbox 843 2977 1002 3016; x_wconf 85' lang='lat' dir='ltr'>volentes,</span> <span class='ocrx_word' id='word_1_519' title='bbox 1016 2979 1118 3018; x_wconf 89' lang='lat' dir='ltr'>prout</span> <span class='ocrx_word' id='word_1_520' title='bbox 1132 2977 1237 3016; x_wconf 84' lang='lat' dir='ltr'>decet,</span> <span class='ocrx_word' id='word_1_521' title='bbox 1248 2976 1342 3008; x_wconf 84' lang='lat' dir='ltr'>vobis</span> <span class='ocrx_word' id='word_1_522' title='bbox 1357 2977 1557 3008; x_wconf 80' lang='lat' dir='ltr'>mandamus</span> <span class='ocrx_word' id='word_1_523' title='bbox 1568 2977 1660 3017; x_wconf 89' lang='lat' dir='ltr'>quod</span> <span class='ocrx_word' id='word_1_524' title='bbox 1673 2976 1814 3018; x_wconf 82' lang='lat' dir='ltr'>Seques-</span> 
     </span>
    </p>
   </div>
   <div class='ocr_carea' id='block_1_11' title="bbox 1972 0 1988 48">
    <p class='ocr_par' dir='ltr' id='par_1_11' title="bbox 1972 0 1988 48">
     <span class='ocr_line' id='line_1_59' title="bbox 1972 0 1988 48; textangle 90"><span class='ocrx_word' id='word_1_525' title='bbox 1972 0 1988 48; x_wconf 55' lang='grc' dir='ltr'>ΔΞ</span> 
     </span>
    </p>
   </div>
  </div>
 </body>
</html>
