1988 3256
505 361 793 396 REGISTRUM
829 358 1287 395 COMMUNE—ANNO
1325 350 1382 393 5⁰.
1631 348 1723 392 351

175 466 253 527 {3522
290 468 488 506 Oratories
504 481 514 515 3
543 467 698 505 Licence
718 474 754 504 to
773 467 1021 513 celebrate,—

179 534 242 561 v01,
256 534 280 563 1·
291 522 391 560 Item,
407 522 545 560 ibidem,
561 519 643 562 iiijto
657 521 722 557 die,
739 521 905 552 Dominus
921 520 1083 552 concessit
1098 519 1267 551 Willelmo
1284 518 1459 560 Uppehey,
1476 521 1512 550 et
1528 517 1602 559 ejus
1619 518 1725 557 uxori,

334 565 521 597 Licenciam
552 564 644 605 quod
674 565 814 605 possint,
838 567 914 602 etc„
949 564 984 595 in
1021 563 1156 604 Capella
1190 563 1332 594 Manerii
1363 563 1406 594 de
1436 562 1602 603 Uppehey
1637 562 1726 593 infra

332 609 526 640 Parochiam
543 609 585 640 de
601 608 817 640 Axeminstre
835 618 843 645 ς
865 607 1028 649 quamdiu
1053 607 1207 646 Domino,
1223 610 1287 638 etc.

288 653 388 691 Item,
411 652 533 694 quinto
555 652 619 691 die,
643 652 810 683 Dominus
840 652 1003 683 concessit
1033 651 1198 682 Willelmo
1224 649 1432 691 Brighleghe,
1460 651 1495 681 et
1519 648 1593 690 ejus
1617 650 1723 688 uxori,

333 697 521 728 Licenciam
536 695 627 737 quod
643 696 677 726 in
696 695 798 727 Festo
813 695 930 726 Sancti
946 694 1100 726 Nicholai
1115 697 1151 726 et
1166 693 1240 725 aliis
1258 693 1477 733 temporibus,
1494 693 1529 724 in
1555 693 1724 733 presencia

332 750 449 771 eorum
467 740 519 770 vel
535 750 652 770 eorum
675 739 825 777 alterius,
844 739 974 779 possint
990 738 1111 769 Divina
1127 738 1237 769 facere
1251 737 1412 769 celebrari
1427 736 1462 768 in
1480 736 1616 777 Capella
1631 747 1723 768 man-

331 783 433 815 sionis
455 783 639 814 eorundem
655 783 691 814 in
708 782 868 814 Parochia
883 782 925 814 cle
942 781 1117 813 Mortehoo
1131 792 1140 820 3
1163 781 1335 822 quamdiu,
1352 784 1416 813 etc.

289 838 539 876 Confessions
555 851 565 885 3
595 838 660 875 Ad
680 837 896 886 eliyendum
917 836 1242 885 Confessorem,-—

289 892 388 930 Item,
403 892 540 930 ibidem,
555 891 673 923 eodem
691 891 755 930 die,
779 891 943 922 Dominus
959 890 1122 922 concessit
1140 889 1326 921 Licenciam
1343 889 1488 920 Domino
1503 889 1577 920 Ade
1593 889 1724 931 Robyn,

331 936 502 976 capellano
517 936 560 966 de
588 935 721 966 Dulond
744 934 950 974 [Dowland],
967 934 1059 975 quod
1082 934 1188 974 possit
1210 933 1274 964 sibi
1297 933 1420 974 eligere
1442 933 1614 974 ydoneum
1638 933 1723 964 Con·

332 979 492 1011 sessorem
509 979 551 1010 ad
567 978 776 1010 audiendum
792 978 898 1019 ipsius
915 977 1177 1016 Confessionem,
1194 980 1231 1008 et
1253 987 1314 1018 pro
1337 977 1522 1008 commissis
1545 977 1723 1018 injungen-

332 1023 416 1054 dum
434 1023 638 1063 penitencias
653 1022 819 1053 salutares
836 1033 844 1060 3
868 1032 1009 1060 necnon,
1026 1021 1070 1052 ad
1092 1020 1335 1052 absolvendum
1352 1020 1498 1051 eundem
1513 1020 1556 1051 de
1580 1020 1725 1061 peccatis

332 1067 402 1098 suis
418 1077 478 1107 per
493 1066 605 1107 ipsum
620 1066 790 1105 confessis,
807 1065 952 1097 casubus
975 1065 1121 1096 Domino
1144 1064 1323 1096 reservatis
1346 1064 1528 1096 dumtaxat
1551 1064 1700 1105 exceptis
1717 1074 1724 1102 ;

333 1121 394 1151 per
408 1120 536 1141 annum
551 1110 763 1141 duraturam.

288 1170 749 1220 Letters-Dimissory‚—

295 1224 385 1257 John
404 1224 495 1264 Dire,
512 1224 660 1263 accolito,
678 1223 751 1255 “ad
767 1233 883 1255 omnes
900 1223 1018 1255 Sacros
1035 1222 1178 1254 Ordines
1191 1222 1210 1235 ’¹
1229 1222 1350 1264 (Clyst,
1370 1223 1389 1254 9
1407 1222 1511 1260 Dee).

290 1285 489 1322 Oratories
506 1298 516 1331 3
544 1284 699 1322 Licence
718 1290 756 1321 to
774 1283 1019 1328 celebrate,—

291 1339 392 1377 Item,
408 1338 544 1376 ibidem,
562 1341 600 1369 x⁰
615 1338 680 1374 die,
697 1338 864 1368 Dominus
879 1336 1043 1368 concessit
1060 1336 1211 1375 Isabelle,
1222 1336 1339 1367 relicte
1352 1336 1373 1367 J
1376 1336 1723 1375 ohannisArundelle,

335 1382 523 1413 Licenciam
539 1381 694 1420 faciendi,
707 1384 782 1420 ete.,
794 1381 828 1412 in
844 1380 1013 1421 presencia
1029 1390 1099 1419 sua,
1111 1380 1146 1411 in
1163 1380 1326 1412 Oratoriis
1342 1380 1569 1411 Maneriorum
1585 1390 1724 1412 suorum

334 1426 376 1457 de
392 1425 535 1457 Yeltone
553 1423 674 1464 [Ilton]
690 1429 726 1456 et
742 1424 1092 1464 Westportlemouthe
1109 1434 1117 1461 3
1140 1423 1303 1464 quamdiu
1320 1423 1466 1455 Domino
1483 1423 1655 1464 placuerit.

292 1469 391 1508 Item,
415 1469 507 1510 apud
531 1468 626 1507 Clist,
644 1467 728 1508 xj¹¹¹0
743 1468 806 1505 die,
825 1468 992 1499 Dominus
1014 1467 1177 1498 concessit
1202 1467 1389 1498 Licenciam
1413 1467 1558 1499 Domino
1581 1467 1725 1499 Ricardo

336 1513 516 1553 Sergeaux,
533 1512 647 1550 Militi,
663 1511 817 1549 faciendi,
834 1514 912 1549 etc.,
929 1511 964 1542 in
980 1510 1152 1551 presencia
1167 1520 1228 1541 sua
1243 1514 1279 1542 et
1302 1510 1416 1542 uxoris
1439 1521 1508 1550 sue,
1525 1511 1560 1542 in
1583 1511 1724 1552 singulis

336 1556 481 1597 Capellis
510 1556 580 1586 sive
611 1555 774 1587 Oratoriis
806 1555 1032 1586 Manen-iorum
1063 1564 1202 1585 suorum
1240 1553 1275 1585 in
1316 1554 1486 1585 Cornubia
1517 1554 1724 1596 ubicumque

335 1599 557 1631 existencium
573 1610 582 1637 3
605 1598 780 1639 quamdiu,
799 1601 863 1630 ete.

290 1643 390 1681 Item,
422 1643 557 1682 ibidem,
591 1642 638 1683 xij
663 1642 728 1681 die,
762 1642 926 1673 Dominus
949 1641 1112 1672 concessit
1138 1641 1325 1672 Licenciam
1347 1641 1476 1672 'rhome
1500 1641 1664 1682 Pomeray
1687 1645 1724 1674 et

330 1687 411 1728 -ejus
427 1686 532 1725 uxori,
549 1686 639 1726 quod
656 1685 796 1725 possint,
812 1689 887 1723 etc.‚
905 1685 938 1716 in
956 1684 1128 1725 presencia
1150 1684 1333 1715 eorundem
1358 1695 1417 1716 seu
1440 1695 1556 1716 eorum
1572 1685 1722 1724 alterius,

335 1731 369 1762 in
389 1730 524 1771 Capella
541 1729 680 1761 Manerii
696 1729 847 1770 ipsorum
863 1729 906 1760 de
921 1728 1116 1767 Sandriche,
1131 1728 1166 1759 in
1184 1728 1345 1760 Parochia
1368 1728 1410 1760 de
1433 1728 1698 1769 Stokegabrielle
1715 1739 1723 1768 3

358 1773 507 1811 uamdiu,
530 1776 592 1805 etc.

291 1785 392 1856 Ιιέω,
408 1817 546 1854 ibidem,
565 1815 646 1857 xviij
664 1816 728 1854 die,
748 1815 936 1847 Willelmus
955 1815 1167 1854 Wollestone,
1186 1815 1309 1847 Rector
1326 1815 1472 1847 Ecclesia
1488 1816 1531 1847 de
1553 1815 1723 1848 Toustoke

335 1860 535 1902 [Tawstock],
552 1860 672 1891 habuit
690 1859 886 1898 Licenciam,
903 1862 978 1898 etc,
995 1859 1030 1890 in
1048 1858 1184 1899 Capella
1204 1859 1273 1890 sive
1289 1859 1445 1891 Oratorio
1461 1859 1551 1891 iufra
1575 1859 1723 1891 Rectori-

334 1915 389 1936 am
404 1914 500 1936 suam
515 1904 558 1935 de
573 1903 744 1935 Tonstoke
760 1903 910 1944 predicta
927 1913 934 1941 3
957 1902 1130 1943 quamdiu,
1146 1905 1210 1934 etc.

290 1959 748 2008 Letters-Dimissory‚—

290 2014 420 2096 &Vigiler
433 2013 632 2095 ιΤῗἑξῑιῙΙ-Ξθνθ),
659 2012 858 2051 subdeacon,
883 2011 959 2043 “ad
990 2011 1133 2043 Ordines
1155 2011 1362 2044 Diaconatus
1384 2016 1420 2044 et
1443 2012 1724 2046 Presbiteratus”

366 2058 376 2071 *
391 2067 429 2098 ys
450 2081 458 2095 ,
569 2067 614 2088 ec.
633 2080 640 2087 .

291 2112 347 2150 St.
365 2110 701 2160 Columb-Major3
732 2110 883 2148 Licence
911 2117 948 2147 to
976 2110 1221 2155 celebrate,—

293 2167 392 2204 Item,
416 2165 551 2204 ibidem,
569 2164 627 2205 xxj
652 2165 716 2202 die,
745 2164 911 2195 Dominus
937 2163 1110 2196 Johannes
1137 2164 1179 2194 de
1201 2164 1404 2203 Tuvertone,
1431 2165 1554 2196 Rector
1577 2165 1724 2197 Ecclesie

336 2210 459 2240 Sancte
475 2208 640 2240 Columbe
657 2207 804 2248 Major-is,
815 2207 936 2238 habuit
953 2207 1138 2238 Licenciam
1155 2207 1356 2246 celebrandi,
1372 2208 1425 2239 vel
1441 2208 1585 2240 faciendi
1602 2209 1723 2240 Divina

335 2252 504 2290 celebrari,
533 2252 566 2283 in
600 2251 738 2291 Capella
768 2251 883 2282 Sancti
913 2251 1052 2288 Thome,
1082 2250 1174 2281 infra
1204 2250 1401 2283 Parochiam
1423 2262 1529 2291 suam,
1553 2252 1589 2284 in
1613 2253 1724 2284 Festis

337 2295 503 2327 Passionis
518 2298 554 2326 et
577 2294 821 2326 Translacionis
836 2294 941 2335 ipsius
959 2304 966 2332 ;
989 2293 1151 2334 qua-mdiu
1172 2294 1315 2325 Domino
1330 2295 1503 2335 placuerit.

294 2340 394 2378 Item,
413 2339 492 2379 xxvj
517 2338 580 2377 die,
605 2338 741 2376 ibidem,
765 2338 931 2369 Dominus
953 2337 1117 2368 concessit
1142 2338 1280 2368 Claricie
1302 2338 1513 2379 Greynevyle
1537 2339 1724 2371 Licenciam

336 2383 490 2421 faciendi,
503 2386 581 2421 etc.‚
598 2382 633 2412 in
649 2381 820 2422 presencia
836 2391 905 2419 sua,
919 2381 954 2412 iu
971 2380 1107 2422 Capella
1122 2380 1211 2411 infra
1229 2382 1415 2412 Manerium
1432 2392 1531 2413 suum
1548 2382 1591 2413 de
1606 2383 1722 2414 Ailles-

336 2429 426 2464 tone,
443 2426 477 2456 in
504 2425 662 2456 Parochia
685 2425 728 2456 de
746 2424 1028 2462 Churchestowe3
1051 2424 1213 2465 quamdiu
1231 2425 1376 2456 Domino
1392 2425 1566 2466 placuerit.

293 2486 556 2535 Illegitimacy
572 2498 582 2531 3
611 2484 862 2533 Dispensacio
881 2498 967 2522 cum
986 2484 1258 2533 ahymmo,—

293 2540 333 2571 In
363 2540 484 2570 favour
511 2539 546 2570 of
572 2538 718 2570 Thomas
742 2538 838 2579 Galy,
861 2538 992 2569 scholar
1017 2538 1084 2569 aud
1108 2538 1375 2577 literate,—“de
1397 2538 1509 2570 soluto
1531 2540 1667 2579 genitus
1689 2543 1725 2572 et

338 2583 449 2614 soluta
462 2582 480 2594 ’¹
499 2582 577 2621 (snb
593 2582 673 2612 data
690 2581 864 2619 Avinione,
882 2581 1052 2612 Kalendas
1070 2581 1156 2619 Maii,
1174 2581 1397 2613 Pontificatns
1419 2582 1557 2614 Domini
1573 2584 1726 2624 Gregorii

339 2627 428 2666 Pape
451 2625 630 2657 Undecimi
659 2628 757 2656 Anno
779 2625 916 2665 quarto)
935 2635 943 2660 ς
977 2629 1013 2656 et
1045 2624 1194 2656 Primam
1216 2625 1403 2656 Tonsuram
1426 2625 1553 2657 ibidem
1575 2627 1727 2667 optinuit

337 2669 379 2700 ab
396 2669 513 2700 eodem
527 2668 544 2681 ’⁵
570 2668 690 2709 (myst,
709 2670 749 2700 23
766 2667 870 2707 Dec).
915 2668 1004 2707 Also,

294 2713 334 2744 In
358 2713 478 2743 favour
500 2712 535 2743 of
558 2712 686 2743 Walter
709 2711 805 2752 Galy,
831 2711 849 2726 ‘¹
865 2711 1013 2742 Primam
1036 2711 1223 2743 Tonsuram
1246 2710 1401 2749 habente,
1418 2712 1461 2743 de
1484 2712 1596 2744 soluto
1610 2713 1726 2753 genito

337 2759 372 2787 et
388 2756 500 2787 soluta
511 2755 529 2767 ’¹
551 2754 656 2794 (same
672 2754 792 2794 dates).
839 2755 892 2785 He
910 2764 975 2786 was
990 2754 1152 2786 ordained
1166 2755 1305 2786 aceolite
1320 2765 1363 2786 on
1380 2755 1440 2787 the
1455 2766 1546 2788 name
1562 2756 1637 2797 day.

185 2815 286 2860 Jmc'-
298 2815 441 2861 pilton,
465 2815 600 2852 House
620 2814 682 2852 for
699 2814 827 2863 lepers
847 2819 892 2852 at
904 2826 914 2860 3
942 2814 1266 2863 Indulqencia‚—
1707 2847 1711 2850 Α

183 2856 391 2908 fffff'ltem,
416 2879 505 2900 nono
527 2868 582 2899 die
603 2868 766 2905 Januarii,
791 2868 957 2899 Dominus
979 2868 1143 2899 concessit
1168 2868 1421 2908 Indulgenciam
1445 2869 1602 2901 omnibus
1631 2880 1725 2910 paro-

186 2915 290 2942 1374-5.
337 2912 464 2955 cliianis
479 2911 558 2950 suis,
574 2915 649 2950 etc„
666 2911 725 2952 qui
740 2911 783 2942 ad
799 2911 1085 2942 sustentacionem
1102 2921 1288 2951 pauperum
1302 2912 1526 2952 Leprosorum
1540 2913 1727 2954 Hospitalis

340 2956 464 2988 Sancte
491 2955 691 2995 Margaete,
718 2954 761 2986 de
791 2954 935 2994 Piltone,
966 2958 1002 2986 et
1032 2953 1075 2986 ad
1105 2955 1362 2995 remmoionem,
1400 2956 1630 2996 refeccionem,
1667 2967 1726 2989 seu
