1988 3256
291 363 386 408 304
495 375 599 408 THE
634 375 878 410 REGISTER
912 375 975 408 or
1010 374 1188 409 BISHOP
1223 375 1623 411 BRANTYNGHAM.

284 478 363 506 A·D-
400 481 568 514 Dominus
605 481 794 513 Willelmus
832 481 1047 520 Beawmond,
1087 480 1199 513 Abbas
1236 481 1432 514 Monasterii
1468 482 1510 514 de

285 511 387 574 {5351-
444 526 655 567 Hertylonde
666 536 674 564 ;

286 580 340 609 101.
399 570 566 602 Dominus
582 570 727 601 Thomas
744 569 845 608 Rede,
862 568 958 599 Prior
973 568 1145 600 Prioratus
1161 569 1203 600 de
1221 569 1476 610 Frythelestoke
1493 580 1501 609 ς
1533 487 1828 652 }B'¹¹'¹²⁸⁸t¹²P⁰lie·

287 615 329 641 36.
394 614 562 647 Dominus
580 613 740 644 Ricardus
757 613 879 653 Cappe,
897 612 993 644 Prior
1009 612 1181 644 Prior-atus
1204 613 1463 654 Barnastapolie.

400 660 518 691 Frater
535 657 722 688 Willelmus
738 656 931 693 Wedmour,
949 655 1062 687 Abbas
1078 656 1272 688 Monasterii
1287 658 1329 688 de
1345 657 1582 699 Dunkeswylle
1598 669 1607 698 ;

396 704 516 735 Frater
532 700 695 732 Ricardus
711 700 945 739 Branecombe,
963 699 1076 731 Abbas
1093 699 1286 732 Mouasterii
1301 700 1343 732 de
1359 700 1392 732 N
1393 701 1545 741 yweham
1560 712 1568 742 ;
1691 700 1830 733 Exonie.

397 747 514 779 Frater
531 743 568 786 [J
571 743 732 783 ohannes]
750 743 965 784 Chylheglys,
983 743 1096 774 Abbas
1112 744 1308 776 Monasterii
1323 745 1365 779 de
1382 745 1498 777 Forde.

397 788 564 826 Dominus
579 788 724 820 Thomas
741 788 896 828 Orgrave,
914 786 1176 819 Archidiaconus
1194 788 1362 819 Cornubie
1376 799 1385 827 ς

397 833 557 874 Magister
573 831 740 863 Henricus
758 830 972 870 Whitefelde,
988 830 1253 863 Archidiaconus
1271 832 1518 874 Barnastapolie
1539 843 1547 871 ;

397 876 564 910 Dominus
581 875 682 916 Hugo
699 874 924 915 Bryddeham,
942 874 1205 907 Archidiaconus
1221 875 1379 907 Tottonie
1395 886 1403 916 ;

396 920 562 953 Dominus
578 919 723 951 Thomas
739 918 871 960 Swaby,
888 918 1150 950 Arehidiaconus
1166 918 1304 951 Exonie.

397 964 558 1005 Magister
575 963 743 995 Robertus
759 962 929 1003 Sumpter,
947 961 1101 993 Decanus
1117 962 1262 994 Ecclesie
1279 962 1488 995 cathedralis
1504 963 1642 1002 Exonie,

395 1008 556 1049 Magister
585 1006 606 1039 J
610 1005 758 1038 ohannes
788 1005 924 1047 Wyliot,
950 1005 1047 1037 Sacre
1070 1005 1194 1047 Pagine
1225 1006 1405 1046 Professor,
1430 1007 1655 1038 Cancellarius
1681 1004 1828 1037 Ecclesie

440 1050 648 1089 Exoniensis‚
1249 1061 1253 1065 ·

394 1095 555 1136 Magister
592 1095 744 1135 Rogerus
779 1093 876 1134 Page,
907 1092 1111 1125 Bacallarius
1140 1093 1175 1125 in
1207 1093 1363 1134 Legibus,
1402 1093 1599 1126 Consistorii
1629 1091 1829 1126 Exoniensis

438 1137 776 1178 Advocatus‚—Cleri
793 1137 1037 1169 Procuratores.

396 1181 711 1218 —Certificatorium
722 1180 854 1222 factum
871 1180 1015 1213 Domino
1030 1179 1273 1222 Archiepiscopo
1290 1180 1521 1213 Gamuarzkmi
1535 1180 1576 1213 de
1589 1184 1618 1213 et
1632 1189 1730 1222 super
1745 1178 1827 1212 oon-

439 1225 605 1259 vocacione
616 1225 820 1267 predicta,—

395 1269 601 1308 Reverendo,
612 1272 687 1308 etc„
698 1268 843 1301 Domino
851 1267 1028 1307 Wi11e1m0‚
1040 1267 1103 1299 Dei
1113 1268 1221 1308 gracia
1232 1268 1466 1301 cantuariensi
1477 1267 1743 1309 Archiepisoopo,
1753 1269 1829 1306 etc,

438 1314 594 1353 Thomas,
611 1312 826 1344 miseracione
842 1311 962 1343 Divina
986 1311 1149 1343 Roffensis
1172 1311 1245 1352 (sic)
1270 1313 1464 1353 Episcopus,
1488 1311 1728 1348 obedienciam,
1752 1313 1828 1350 ote„

440 1358 570 1390 Literas
585 1356 794 1389 Venerabilis
810 1355 929 1395 Patris,
947 1355 1084 1387 Domini
1100 1355 1255 1396 Simonis,
1272 1355 1336 1387 Dei
1359 1356 1469 1397 gracia.
1491 1355 1733 1388 Londoniensis
1749 1354 1827 1396 Epi-

439 1401 540 1443 scopi,
557 1403 678 1442 quarto
694 1400 748 1431 die
765 1399 888 1431 mensis
911 1399 1001 1439 Maii,
1017 1399 1213 1440 recepimus,
1229 1399 1265 1431 in
1288 1399 1349 1431 hec
1373 1399 1480 1439 verba,
1488 1399 1737 1439 —Reverendo‚
1753 1401 1828 1438 etc„

440 1445 578 1484 Thome,
596 1443 658 1476 Dei
675 1443 784 1484 gracia
803 1443 982 1475 Exoniensi
998 1442 1174 1483 Episcopo,
1194 1443 1322 1480 Simon,
1334 1446 1414 1483 etc„
1432 1447 1598 1485 utsupra.
1648 1441 1737 1485 [The
1757 1445 1829 1474 rest

438 1489 474 1521 of
488 1488 548 1520 the
563 1497 646 1530 page
662 1487 790 1528 (nearly
807 1485 1015 1524 two-thirds)
1027 1496 1098 1528 'was
1113 1486 1176 1518 left
1191 1486 1319 1527 blank]

1552 794 1828 958 }Archidiaeoni.

283 1556 337 1617 ἓξὲξ
398 1556 475 1594 The
493 1554 642 1604 Biskop
670 1553 853 1603 appoints
880 1553 1061 1591 Proctors
1090 1559 1127 1591 to
1153 1560 1344 1602 represent
1370 1553 1454 1592 him
1471 1553 1516 1592 in
1535 1553 1613 1592 this
1642 1552 1831 1592 Convoca-

450 1617 601 1657 non,—

396 1665 517 1696 Pateat
533 1662 696 1695 universis
712 1672 771 1704 per
786 1662 962 1694 Presentes
977 1662 1069 1705 quod
1085 1671 1155 1700 nos,
1171 1661 1327 1702 Thomas,
1340 1665 1417 1702 etc„
1431 1662 1608 1703 Magistros
1621 1660 1827 1694 Willelmum

441 1707 546 1750 Byde,
564 1706 744 1739 officialem
761 1708 925 1746 nostrum,
943 1709 978 1738 et
993 1706 1182 1738 ,Iohannem
1207 1706 1485 1747 Schillyngforde,
1503 1707 1632 1747 Legum
1655 1706 1829 1742 Doctores,

439 1761 534 1784 veros
541 1754 576 1782 et
587 1750 754 1791 legitimos
763 1752 896 1781 nostros
908 1750 1112 1789 ordinamus,
1125 1749 1276 1789 facimus,
1290 1753 1325 1781 et
1333 1749 1572 1781 constituimus
1586 1750 1828 1789 Procuratores,

441 1795 655 1836 negociorum
671 1794 837 1832 Gestores,
854 1796 889 1825 et
904 1793 1053 1825 Nuncios
1065 1793 1230 1834 speciales,
1242 1793 1449 1835 conjunctIm
1462 1796 1497 1825 et
1506 1793 1650 1833 divisim,
1662 1796 1698 1824 et
1709 1802 1828 1834 quem-

439 1839 524 1871 libet
547 1847 663 1869 eorum
686 1837 879 1877 insolidum,
903 1837 951 1868 ita
973 1837 1064 1879 quod
1088 1847 1155 1868 non
1171 1837 1217 1868 sit
1233 1837 1350 1868 melior
1372 1837 1522 1869 condicio
1545 1837 1750 1878 occupantis,
1776 1838 1828 1868 set

441 1883 532 1924 quod
550 1892 639 1913 unus
655 1891 771 1913 eorum
787 1881 952 1921 inceperit
963 1882 1050 1912 alter
1065 1890 1180 1912 eorum
1198 1881 1362 1922 prosequi,
1380 1880 1526 1912 mediare
1548 1880 1657 1912 valeat
1672 1883 1708 1912 et
1722 1879 1828 1920 finire,

441 1927 482 1958 ad
506 1925 768 1967 comparendum
793 1935 851 1965 pro
873 1924 980 1963 nobis,
1007 1929 1043 1955 et
1067 1924 1203 1955 nomine
1229 1928 1354 1964 nostro,
1377 1934 1488 1956 coram
1513 1924 1720 1963 Reverendo,
1746 1926 1826 1963 etc„

442 1969 622 2006 Willelmo,
638 1968 700 2000 Dei
723 1968 832 2009 gracia
856 1967 1090 1999 Cantuariensi
1113 1967 1378 2009 Archiepiscopo,
1394 1970 1468 2007 etc„
1484 1978 1522 1999 ac
1542 1967 1611 1999 suis
1628 1967 1827 1999 Commissa-

440 2014 499 2046 riis
518 2013 554 2044 in
577 2013 640 2044 hac
661 2018 757 2053 parte
780 2011 1059 2052 quibuscumque,
1082 2010 1116 2042 in
1141 2011 1287 2043 Ecclesia
1310 2012 1424 2043 Sancti
1448 2011 1542 2043 Pauli
1567 2010 1828 2051 Londoniarum,

441 2055 629 2099 penultimo
646 2055 700 2087 die
716 2054 839 2087 mensis
856 2055 935 2086 Maii
950 2055 1061 2086 adhuc
1083 2054 1247 2094 durantis,
1263 2055 1298 2086 in
1321 2054 1484 2096 solempni
1500 2065 1561 2086 sua
1580 2055 1828 2087 Convocacione

441 2101 733 2141 Suffraganeorum
756 2108 904 2138 suorum,
931 2109 969 2130 ac
992 2098 1200 2130 Prelatorum
1224 2101 1260 2129 et
1283 2098 1370 2130 Cleri
1393 2109 1452 2130 sue
1476 2098 1726 2131 cantuariensis
1750 2098 1828 2130 Pro·

441 2144 557 2183 vincie,
574 2152 757 2184 causasque
773 2142 924 2174 absencie
940 2145 1054 2174 nostre
1069 2141 1294 2183 allegandum,
1311 2142 1577 2183 proponendum,
1593 2144 1638 2182 et,
1653 2142 1682 2173 si
1697 2151 1830 2173 neeesse

441 2187 557 2226 fuerit,
574 2186 796 2228 probandum,
812 2185 846 2217 in
863 2186 1010 2218 animam
1033 2189 1183 2217 nostram
1207 2188 1383 2227 propterea
1401 2185 1597 2227 jurandum,
1613 2196 1652 2217 ac
1666 2185 1769 2217 eciam
1785 2185 1829 2217 ad

440 2231 668 2269 tractandum,
685 2229 800 2261 eodem
818 2229 964 2267 nomine,
982 2239 1058 2261 cum
1076 2229 1206 2270 prefato
1224 2229 1411 2261 Venerabili
1426 2230 1536 2266 Patre,
1553 2229 1692 2270 aliisque
1704 2228 1828 2261 Suffra-

441 2275 563 2316 ganeis,
588 2273 738 2313 Prelatis,
754 2276 790 2304 et
805 2273 902 2305 Clero
917 2283 978 2304 sue
1001 2273 1182 2312 Provincie,
1206 2283 1308 2314 super
1330 2273 1473 2313 negociis
1488 2273 1523 2304 in
1539 2273 1701 2304 Mandato
1723 2272 1829 2313 ipsius

443 2319 564 2357 Patris,
577 2328 618 2349 ex
628 2327 727 2349 causa
740 2316 997 2349 Convocacionis
1010 2316 1208 2358 hujusmodi
1219 2316 1315 2348 nobis
1324 2316 1461 2356 directo,
1475 2316 1606 2358 plenius
1617 2315 1826 2357 expressatis,

442 2373 480 2394 ac
495 2365 578 2393 tunc
594 2361 726 2403 publice
742 2360 976 2401 proponendis,
1002 2370 1080 2391 cum
1103 2360 1358 2391 continuacione
1374 2363 1409 2392 et
1424 2360 1657 2401 prorogacione
1679 2359 1827 2399 dierum,

442 2406 469 2438 si
486 2404 683 2447 oportuerit,
700 2403 916 2445 sequencium
934 2414 941 2440 ;
958 2414 1097 2443 necnon,
1114 2403 1178 2435 hiis
1194 2414 1260 2444 que
1275 2404 1317 2435 de
1332 2403 1503 2435 communi
1513 2413 1649 2435 assensu
1660 2403 1825 2444 Suffraga-

441 2459 592 2488 neorum,
617 2448 837 2487 Prelatorum,
861 2450 896 2479 et
918 2445 1059 2479 aliorum
1091 2447 1327 2488 predictorum,
1350 2447 1393 2478 ad
1416 2447 1602 2479 utilitatem
1625 2446 1771 2479 Ecclesia
1792 2448 1829 2478 et

443 2493 532 2525 Cleri
555 2490 731 2533 Anglicani
753 2491 788 2522 in
811 2490 927 2522 eadem
951 2491 1130 2532 contigerit
1151 2490 1309 2530 ordinari,
1334 2490 1638 2529 eonsenciendum3
1668 2500 1706 2522 ac
1727 2499 1826 2531 gene·

441 2537 556 2568 raliter
571 2546 609 2567 ac
624 2535 811 2576 specialiter
832 2534 875 2566 ad
898 2534 1011 2566 omnia
1034 2534 1098 2566 alia
1114 2537 1148 2565 et
1163 2534 1293 2574 singula
1316 2534 1518 2573 faciendum,
1541 2534 1775 2573 exercendum,
1791 2535 1828 2565 et

442 2579 691 2622 expediendum
707 2589 774 2619 que
789 2588 850 2610 nos
865 2578 1050 2609 faceremus
1066 2580 1102 2609 et
1117 2578 1359 2618 expediremus,
1376 2577 1427 2609 vel
1444 2587 1596 2609 exercere
1618 2577 1826 2616 deberemus,

443 2625 471 2655 si
488 2626 659 2665 presentes
674 2622 800 2654 ibidem
815 2621 1062 2653 interessemus.
1113 2621 1159 2652 Et
1174 2631 1244 2659 nos,
1262 2620 1416 2661 Thomas,
1429 2621 1613 2662 Episcopus
1624 2621 1825 2660 antedictus,

442 2671 565 2706 ratum,
581 2665 747 2704 stabilem,
764 2669 800 2697 et
814 2664 949 2697 firmum
965 2664 1164 2696 habebimus
1178 2663 1427 2706 imperpetuum
1452 2664 1612 2706 quicquid
1627 2664 1729 2696 iidem
1746 2663 1827 2695 Pro·

443 2713 616 2742 curatores
643 2709 760 2748 nostri,
785 2712 847 2740 aut
879 2718 995 2740 eorum
1022 2708 1117 2747 alter,
1144 2708 1286 2740 fecerint
1313 2707 1364 2740 vel
1391 2705 1508 2739 fecerit
1532 2708 1568 2739 in
1596 2706 1766 2749 premissis
1790 2709 1827 2738 et

442 2753 583 2795 singulis
612 2752 860 2794 premissorum,
889 2752 954 2783 sub
983 2751 1148 2793 ypotheca
1179 2754 1214 2783 et
1243 2751 1447 2792 obligacione
1477 2751 1629 2783 omnium
1661 2750 1826 2783 bonorum

441 2801 632 2829 nostrorum
650 2795 870 2828 existencium
888 2794 1102 2837 ubicumque,
1119 2794 1342 2827 etc.—-Dated
1357 2797 1394 2826 at
1411 2795 1492 2827 East
1508 2794 1662 2836 Horsley,
1679 2795 1720 2827 29
1737 2793 1825 2836 May.

397 2851 587 2891 Letters-l
595 2851 861 2902 >imissory,—

399 2906 533 2938 —John
544 2906 664 2946 Batyn,
677 2904 777 2941 clerk,
792 2904 810 2920 “
823 2904 866 2936 ad
878 2913 995 2935 omnes
1007 2903 1152 2935 Minores
1165 2902 1319 2940 Ordines,
1333 2906 1368 2935 et
1383 2901 1487 2934 eciam
1499 2903 1541 2935 ad
1551 2912 1668 2935 omnes
1679 2903 1796 2936 Sacros
1805 2902 1826 2917 ⁰⁹

443 2949 610 2987 (London,
626 2949 664 2980 31
684 2947 787 2988 May).

401 2992 587 3026 —Michael
602 2994 674 3023 atte
690 2991 792 3031 Lake,
809 2989 910 3030 clerk,
930 2989 1150 3023 “consimiles
1166 2989 1378 3022 Dimissorias
1391 2987 1411 3004 ’'
1429 2989 1534 3031 (same
1548 2987 1653 3032 date).

1972 1642 1988 1963 .-—.'—.-ma-—„.—..l..-..
1986 1627 1988 1631 .
1982 1592 1988 1620 .—
1984 1573 1988 1585 2
