1988 3256
155 454 234 482 ΑΛ).

156 488 233 516 1375.

154 523 222 550 Vol.

157 557 199 584 11.

684 348 1034 394 COMMISSIONS,
1071 349 1177 383 ETG.
1611 341 1702 385 151

309 457 454 489 Romani
485 456 658 489 Pontificis
687 456 759 498 jam
788 455 965 498 presentis,
988 455 1053 487 sibi
1075 454 1272 496 impetravit
1293 458 1460 497 tanquam
1490 455 1702 497 Dignitatem

309 504 462 533 curatam
475 510 484 537 ;
509 501 664 542 quocirca
679 500 753 539 tibi,
770 501 812 532 de
827 500 927 542 cujus
942 499 1105 531 fidelitate
1127 502 1163 531 et
1185 499 1427 540 circumspecta
1448 499 1617 531 industria
1632 500 1704 542 ple-

308 545 385 576 nius
411 545 446 576 in
474 544 621 576 Domino
645 544 857 583 confidimus,
890 543 1016 575 vocatis
1042 543 1174 574 dilectis
1204 542 1291 582 filiis,
1317 543 1478 584 Magistro
1508 543 1639 575 Thoma
1660 543 1703 575 de

309 589 567 630 Walkyngtone,
584 599 626 620 ex
643 591 758 619 nostra
774 588 962 620 CoHacione
974 587 1140 619 ordinaria
1152 597 1244 618 nunc
1255 586 1408 628 ejusdem
1425 586 1569 619 Ecclesie
1582 588 1703 629 Prepo-

308 633 384 672 sito,
402 633 455 664 vel
472 633 691 664 Procuratore
714 631 877 673 ejusdem,
894 631 924 663 si
939 641 1042 672 quem
1064 630 1191 662 ibidem
1213 631 1390 670 dimiserit,
1407 631 1539 672 prefato
1555 631 1704 663 Roberto

307 677 350 708 de
367 677 451 715 Ηοο,
469 676 684 717 Prepositum
707 686 742 707 se
765 676 990 717 pretendente
1012 674 1182 706 occasione
1205 674 1375 716 premissa,
1400 674 1517 716 ejusve
1540 675 1703 707 Procura-

308 723 392 760 tore,
409 720 437 752 si
449 730 551 762 quem
566 719 693 751 ibidem
709 719 886 758 dimiserit,
903 729 940 750 ac
955 718 1114 750 omnibus
1130 718 1203 750 aliis
1218 728 1364 759 quorum
1380 718 1534 758 interest,
1550 729 1706 760 persona—

307 763 386 796 liter
401 764 430 795 si
445 763 587 803 valeant,
604 763 685 795 alias
708 763 830 795 Edicto
854 762 987 804 publice
1011 762 1191 795 Citacionis
1213 762 1250 794 in
1272 762 1364 794 dicta
1387 762 1536 794 Ecclesia
1558 763 1703 804 solemp-

307 808 397 839 niter
413 807 592 849 proposito,
609 807 653 839 ad
668 807 936 847 cognoscendum
959 809 995 838 et
1017 806 1197 846 diligenter
1218 805 1462 847 inquirendum
1484 817 1544 847 per
1566 806 1706 839 dilectos

307 851 392 883 filios
409 854 550 889 nostros,
569 850 754 882 Canonicos
769 854 964 891 ceterosque
980 850 1154 881 Ministros
1169 849 1260 881 dicte
1277 849 1431 889 Ecclesie,
1442 860 1480 881 ac
1491 850 1572 882 alios
1584 850 1703 892 hujus-

307 896 399 927 modi
415 895 464 927 rei
479 894 638 927 noticiam
662 894 845 935 pleniorem
869 894 1043 933 habentes,
1061 893 1221 925 informa
1242 893 1329 935 juris
1350 893 1491 935 juratos,
1515 904 1558 925 an
1581 893 1701 936 hujus-

308 939 400 971 modi
418 939 633 980 Prepositura
648 938 694 970 sit
711 938 878 979 Dignitas,
894 941 930 969 et
945 937 1092 979 qualiter
1107 937 1170 969 hoc
1182 939 1315 969 constat
1333 937 1384 969 vel
1399 941 1552 969 constare
1568 938 1703 979 poterit,

308 983 436 1015 scilicet
451 994 493 1014 an
510 993 569 1024 per
580 982 839 1014 Institucionem
851 982 921 1013 sive
933 981 1190 1014 Ordinacionem
1202 981 1294 1012 illius
1310 981 1513 1022 primariam,
1527 992 1630 1023 quam
1644 992 1703 1014 seu

307 1037 392 1068 quas
415 1026 572 1058 volumus
595 1037 655 1067 per
678 1025 862 1058 Canonicos
885 1025 1096 1066 supradictos
1119 1024 1183 1056 tibi
1205 1024 1366 1065 exhiberi,
1390 1035 1434 1056 an
1457 1025 1525 1056 fuit
1547 1025 1703 1057 ordinata

307 1081 367 1112 pro
385 1070 559 1112 Dignitate
575 1073 610 1101 et
625 1069 673 1101 sic
689 1069 888 1111 appellatur,
906 1069 959 1101 vel
974 1080 1016 1100 an
1033 1069 1075 1100 de
1091 1069 1336 1100 consuetudine
1351 1079 1412 1110 pro
1428 1069 1604 1110 Dignitate
1616 1079 1702 1101 nun-

305 1117 450 1156 cupetur
462 1114 496 1146 in
513 1114 585 1146 loco
597 1114 649 1146 vel
663 1113 860 1153 habebatur,
873 1116 907 1144 et
923 1123 966 1144 an
982 1113 1018 1144 in
1035 1112 1183 1154 presenti
1195 1112 1360 1144 habeatur
1373 1112 1548 1150 Officium;
1561 1123 1700 1153 necnon,

307 1158 349 1190 de
362 1158 526 1200 qualitate
541 1168 630 1196 cure,
646 1157 792 1198 qualiter
808 1160 860 1189 est
875 1159 1001 1195 curata,
1018 1167 1062 1188 an
1077 1156 1112 1188 in
1128 1156 1201 1187 foro
1218 1156 1428 1198 penitenciali
1441 1159 1477 1188 et
1489 1157 1649 1197 qualiter,
1667 1161 1702 1188 et

307 1202 529 1235 Ordinacione
544 1201 698 1243 ejusdem
715 1201 768 1232 vel
784 1200 1048 1233 Consuetudine.
1110 1200 1209 1239 Item,
1225 1210 1269 1231 an
1284 1200 1556 1241 jurisdiccionem
1579 1201 1703 1232 habeat

308 1249 344 1277 et
358 1246 504 1287 qualem,
520 1245 646 1277 scilicet
662 1255 704 1276 an
721 1245 848 1286 poterit
859 1244 1147 1276 excommunicare
1161 1244 1213 1275 vel
1228 1244 1434 1285 suspendere
1446 1255 1484 1275 ea
1496 1244 1701 1276 Excommu-

308 1289 478 1321 nicacione
494 1289 547 1321 vel
563 1289 789 1330 Suspensione
804 1299 872 1329 qua
887 1288 1073 1319 incurritur
1088 1287 1327 1328 irregularitas,
1343 1291 1378 1319 et
1394 1288 1436 1319 de
1454 1288 1612 1320 omnibus
1628 1288 1701 1320 aliis

307 1332 572 1365 circumstanciis
588 1333 674 1364 circa
690 1332 888 1374 hujusmodi
903 1332 1080 1373 negocium
1101 1331 1293 1363 necessariis
1308 1342 1368 1363 seu
1384 1332 1570 1372 oportunis,
1586 1335 1703 1364 tenore

309 1377 524 1409 Presencium
542 1376 631 1408 vices
645 1379 776 1407 nostras
798 1375 1056 1414 committimus,
1075 1385 1154 1407 cum
1169 1374 1355 1416 cujuslibet
1376 1375 1579 1407 cohercionis
1596 1375 1704 1408 Cano—

307 1421 380 1452 nice
396 1423 573 1462 potestate.
624 1420 675 1451 De
690 1419 754 1456 die,
773 1430 860 1459 vero,
876 1419 1078 1460 recepcionis
1096 1419 1318 1459 Presencium‚
1336 1421 1372 1450 et
1386 1418 1470 1460 quid
1485 1419 1520 1450 in
1534 1419 1704 1460 premissis

306 1464 471 1496 duxeritis
497 1464 700 1503 faciendum,
725 1466 762 1494 et
787 1463 829 1495 de
853 1463 1011 1495 omnibus
1034 1462 1118 1494 actis
1140 1462 1265 1494 habitis
1287 1473 1325 1494 ac
1347 1462 1452 1494 eciam
1475 1462 1623 1495 inventis
1645 1473 1705 1505 per

307 1508 507 1549 hujusmodi
517 1507 788 1549 Inquisicionem,
802 1507 960 1547 expedito
970 1506 1106 1548 negocio
1120 1516 1180 1537 nos
1193 1505 1376 1538 certificare
1388 1516 1484 1537 cures
1502 1506 1623 1538 Literis
1634 1507 1703 1538 tuis

308 1552 505 1593 patentibus
517 1551 722 1583 habentibus
733 1551 825 1582 hunc
836 1553 999 1590 tenorem,
1016 1550 1124 1590 sigillo
1134 1550 1307 1581 autentico
1318 1549 1479 1581 veraciter
1488 1550 1702 1591 consignatis.

307 1596 442 1627 —Data
456 1595 492 1627 in
509 1595 658 1626 Manerio
674 1597 791 1626 nostro
807 1595 850 1626 de
866 1594 964 1632 Clist,
981 1594 1103 1625 ultimo
1116 1593 1170 1625 die
1182 1593 1308 1625 mensis
1325 1593 1510 1633 Februarii,
1523 1593 1607 1626 AJ).
1623 1594 1704 1625 Mmo

310 1639 442 1672 OCCm⁰
458 1637 562 1670 lxxm⁰
577 1639 708 1680 quinto,
725 1641 761 1670 et
777 1636 1046 1670 consecracionis
1061 1640 1175 1669 nostre
1191 1637 1485 1679 quinto.—Hujus
1499 1637 1704 1670 auctoritate

311 1683 464 1715 Mandati
487 1683 591 1714 vestri
613 1682 797 1721 reverendi,
821 1682 947 1713 vocatis
970 1681 1130 1723 primitus
1153 1681 1284 1722 prefato
1307 1681 1470 1721 Magistro
1501 1681 1631 1713 Thoma
1661 1682 1703 1713 de

310 1725 573 1768 Walkyngtone,
586 1736 698 1757 coram
715 1736 768 1757 me
783 1726 819 1757 in
835 1725 926 1757 dicto
943 1725 1179 1767 Inquisicionis
1189 1724 1325 1766 negocio
1340 1724 1550 1766 procedente,
1564 1729 1634 1756 xmo
1649 1725 1704 1757 die

308 1770 433 1812 Aprilis
449 1771 536 1802 A.D.
554 1770 635 1801 Mmo
652 1769 784 1802 CCOm⁰
798 1767 906 1800 lxxmo
921 1769 1052 1810 quinto,
1076 1779 1135 1810 per
1157 1768 1350 1801 Johannem
1372 1768 1530 1809 Symone,
1553 1768 1595 1800 de
1618 1769 1703 1801 Pen-

308 1825 383 1856 ryn,
400 1815 656 1846 Procuratorem
671 1823 772 1845 suum
788 1813 972 1844 literatorie
988 1812 1226 1851 constitutum,
1239 1812 1274 1843 in
1287 1812 1397 1844 Domo
1414 1812 1601 1853 capitulari
1612 1812 1703 1844 dicte

307 1858 453 1890 Ecclesie
469 1857 651 1898 Collegiate
667 1860 927 1899 comparentem,
945 1856 1144 1898 prefatoque
1160 1856 1316 1896 Roberto,
1330 1855 1451 1887 Edicto
1467 1856 1600 1897 publice
1613 1856 1703 1889 Cita-

311 1902 415 1934 cionis
430 1902 465 1933 iu
481 1901 573 1933 dicta
592 1901 735 1933 Ecclesia
751 1900 969 1942 solempniter
985 1900 1166 1942 proposito,
1185 1910 1224 1931 eo
1239 1899 1332 1941 quod
1352 1899 1571 1941 personaliter
1586 1911 1702 1942 appre-

307 1945 411 1978 hendi
426 1956 493 1977 non
518 1945 632 1986 potuit
648 1956 709 1977 uec
725 1945 981 1976 Procuratorem
993 1944 1119 1975 ibidem
1132 1943 1272 1982 dimisit,
1284 1943 1531 1975 contumaciter
1548 1943 1687 1976 absente
1693 1956 1702 1984 3

309 2000 438 2021 necnon
454 1989 612 2020 omnibus
627 1988 701 2020 aliis
717 1998 864 2030 quorum
879 1988 914 2019 in
931 1987 992 2019 hac
1009 1990 1103 2029 parte
1126 1987 1268 2019 interest
1284 1997 1344 2028 per
1359 1987 1499 2019 dilectos
1515 1987 1615 2027 filios,
1633 1988 1701 2020 Ma-

308 2033 430 2075 gistros
445 2032 655 2064 Willelmum
678 2031 880 2072 Carsselake,
905 2032 1015 2063 Adam
1038 2031 1174 2072 Sparke‚
1200 2031 1385 2063 Henricum
1409 2031 1608 2071 Stauntone,
1633 2031 1702 2063 Do·

309 2077 419 2109 minos
434 2075 626 2109 Johannem
642 2076 741 2115 Rauf,
759 2075 995 2117 Reginaldum,
1011 2075 1202 2114 Saeristam,
1218 2074 1308 2106 dicte
1332 2074 1478 2106 Ecclesie
1495 2074 1679 2107 Canonicos
1692 2085 1702 2114 ;

310 2131 451 2159 necnon,
479 2120 644 2152 Dominos
670 2119 866 2160 Philippum
889 2119 1055 2158 Trelever,
1085 2118 1251 2150 Thomam
1275 2118 1455 2158 Lamauna,
1479 2121 1515 2150 et
1537 2118 1703 2151 'rhomam

311 2163 568 2205 Chamberleyn,
586 2163 732 2195 Vicarios
747 2162 910 2204 ejusdem,
927 2173 966 2194 ac
980 2162 1062 2194 alios
1085 2162 1268 2203 pleniorem
1283 2161 1444 2194 noticiam
1460 2162 1701 2203 premissorum

308 2208 481 2246 habentes,
497 2207 532 2238 in
548 2207 658 2239 forma
668 2206 758 2248 juris
773 2206 916 2247 juratos,
934 2206 977 2238 de
992 2206 1150 2238 omnibus
1165 2209 1201 2237 et
1215 2205 1357 2246 singulis
1373 2205 1408 2237 in
1425 2205 1516 2237 dicto
1539 2206 1702 2238 Mandato

312 2251 482 2284 contentis
497 2250 678 2291 diligenter
692 2249 862 2291 inquisivi.
902 2250 968 2288 Qui
983 2250 1104 2281 dicunt
1115 2249 1207 2290 quod
1219 2259 1278 2290 per
1291 2249 1549 2281 Ordinacionem
1564 2249 1634 2281 sive
1647 2249 1702 2282 In-

309 2295 526 2327 stitucionem
549 2293 742 2336 primariam
757 2293 982 2334 suprascripte
998 2293 1213 2334 Prepositure
1229 2303 1297 2324 non
1312 2295 1456 2331 constat,
1473 2303 1535 2325 nec
1550 2296 1702 2325 constare

310 2339 445 2380 poterit,
471 2338 580 2379 ipsam
611 2338 862 2378 Preposituram
885 2337 990 2368 fuisse
1011 2340 1073 2368 aut
1096 2347 1166 2368 esse
1190 2336 1412 2378 Dignitatem,
1435 2339 1497 2368 aut
1519 2337 1611 2378 quod
1632 2337 1702 2369 fuit

309 2393 370 2423 pro
393 2382 569 2422 Dignitate
591 2381 745 2413 ordinata
765 2391 825 2412 seu
849 2380 1005 2421 Dignitas
1020 2380 1196 2421 appellata,
1213 2390 1274 2411 nec
1289 2380 1332 2411 de
1355 2381 1600 2412 consuetudine
1615 2380 1702 2413 solet

311 2426 467 2467 Dignitas
479 2425 667 2466 nuncupari
677 2425 712 2456 in
725 2425 806 2456 loco.
832 2424 971 2464 Dicunt,
984 2423 1210 2465 tamen,qu0d
1223 2427 1275 2455 est
1288 2423 1445 2455 Officium
1456 2426 1491 2455 et
1502 2424 1551 2456 ita
1563 2427 1699 2465 reputa-

309 2473 367 2502 tur
382 2470 417 2501 in
434 2470 516 2508 loco,
535 2473 570 2501 et
586 2469 748 2500 hactenus
760 2469 803 2500 de
814 2467 1059 2499 consuetudine
1072 2467 1255 2508 prescripta
1266 2469 1468 2498 consuetum
1478 2471 1531 2499 est
1543 2467 1700 2500 Officium

309 2513 507 2554 nuncupari.
553 2513 600 2544 Et
618 2511 813 2553 Propositus
828 2512 917 2543 dicte
933 2510 1090 2548 Ecclesie,
1103 2510 1163 2552 qui
1178 2521 1238 2551 pro
1253 2513 1405 2551 tempore
1416 2510 1530 2550 fuerit,
1543 2511 1700 2544 omnibus

307 2558 350 2589 de
366 2557 514 2598 Collegio
530 2556 634 2588 habet
648 2566 788 2597 preesse,
805 2559 842 2587 et
857 2565 972 2587 curam
987 2558 1023 2586 et
1038 2554 1186 2595 regimen
1202 2553 1342 2594 Collegii
1364 2553 1495 2594 habere,
1512 2555 1700 2587 secundum

310 2601 502 2642 primariam
517 2600 609 2632 illius
633 2599 900 2632 Ordinacionem.
951 2599 1085 2637 Curam,
1109 2602 1234 2636 tamen,
1258 2598 1448 2629 animarum
1465 2597 1500 2629 in
1516 2597 1590 2630 foro
1604 2599 1699 2640 peni-

310 2644 443 2676 tenciali
459 2654 501 2676 ex
517 2643 738 2676 Ordinacione
760 2653 828 2674 uon
849 2645 990 2683 apparet
1014 2641 1226 2683 Prepositum
1249 2640 1382 2680 habere,
1398 2651 1459 2672 nec
1475 2651 1556 2673 usus
1580 2645 1633 2674 est
1654 2643 1698 2675 de

309 2686 554 2720 consuetudine
570 2697 579 2726 ;
601 2690 654 2718 set
671 2686 835 2728 Episcopi,
852 2686 913 2727 qui
928 2696 988 2726 pro
1004 2688 1156 2726 tempore
1179 2684 1317 2723 fuerint,
1334 2684 1516 2726 Prepositis
1533 2696 1593 2726 pro
1609 2689 1696 2718 tem-

309 2742 390 2773 pore
414 2731 638 2762 existentibus
664 2730 877 2762 committere
902 2731 1150 2760 consueverunt
1176 2728 1219 2759 ad
1245 2727 1453 2760 audiendum
1476 2729 1700 2762 confessiones

310 2774 544 2807 Ministrorum
566 2774 656 2806 dicte
679 2773 834 2810 Ecclesie‚
860 2773 996 2814 quando
1019 2775 1102 2804 sunt
1123 2774 1305 2812 presentes,
1331 2774 1367 2803 et
1388 2771 1424 2803 in
1447 2772 1601 2804 absencia
1623 2773 1701 2805 Pre-

312 2818 414 2859 positi
443 2817 588 2851 Sacriste
618 2818 708 2849 dicte
738 2817 895 2849 Ecclesie.
952 2815 1090 2854 Dicunt,
1114 2815 1230 2854 eciam,
1262 2815 1355 2856 quod
1385 2815 1580 2857 Prepositus
1610 2816 1700 2849 dicte

314 2860 470 2901 Ecclesie,
486 2861 673 2893 secuudum
689 2860 884 2902 primariam
899 2859 990 2891 illius
1007 2858 1224 2900 Prepesiture
1236 2858 1503 2898 Ordinacionem,
1519 2859 1555 2891 in
1572 2860 1700 2892 Canon-

314 2905 382 2937 icos
403 2908 439 2937 et
462 2908 590 2937 ceteros
613 2905 786 2936 Ministros
817 2903 963 2936 Ecclesie
986 2902 1108 2934 habuit
1138 2902 1280 2933 eandem
1301 2902 1575 2944 jurisdiccionem
1598 2914 1701 2945 quam

312 2948 416 2981 habet
430 2949 585 2981 Decanus
600 2948 747 2981 Ecclesie
763 2946 974 2981 Cathedralis
984 2945 1113 2978 Exonie
1127 2945 1164 2978 in
1180 2945 1352 2978 Ministros
1364 2945 1519 2987 ejusdem
1532 2946 1677 2979 Ecclesia
1690 2958 1700 2988 ;
