1988 3256
147 476 223 504 A.D.

150 512 215 537 1384

149 543 210 570 Vol.
222 545 245 571 1.

148 966 194 993 sol.
210 968 267 993 124.

435 372 748 411 saels'rnma
795 370 1252 411 commum-Anno
1293 363 1406 410 14⁶..
1596 361 1689 409 535

305 480 370 512 lice
386 481 660 522 dampnabiliter
680 481 901 514 incurrendo.
948 481 1008 519 Ac,
1033 480 1132 519 citra,
1157 480 1283 512 Missas
1299 479 1499 518 celebravit,
1523 489 1632 520 agens
1655 478 1691 509 in

304 525 426 564 officio,
443 528 483 556 ut
499 526 596 567 prius
611 530 733 557 notam
757 526 1028 567 irregularitatis
1051 525 1300 557 miserabiliter
1322 524 1543 556 incurrendo.
1606 523 1690 562 Quo,

304 570 422 601 omnia
437 573 473 601 et
490 571 638 611 singula,
663 573 745 602 sunt
768 571 856 602 adeo
878 570 1027 611 publica,
1052 569 1251 608 manifesta,
1268 571 1304 601 et
1320 569 1458 600 notoria
1481 568 1574 609 quod
1596 567 1691 598 nulla

302 615 596 654 tergiversacione
611 618 758 655 possunt
774 615 889 646 celari.
935 615 1112 652 Volentes,
1135 616 1265 652 tamen,
1291 624 1395 655 super
1417 613 1598 654 premissis
1620 611 1691 652 ple-

303 658 382 690 nius
409 659 603 698 informari,
631 660 731 691 vobis
766 660 1002 691 communiter
1027 661 1063 690 et
1090 659 1241 697 divisim,
1268 661 1346 697 ete.‚
1374 657 1629 689 committimus
1655 659 1692 686 et

302 703 511 734 mandamus
526 704 692 744 quatinus
707 704 833 741 citetis,
859 714 921 735 seu
944 703 1046 735 citari
1068 703 1219 741 faciatis,
1243 702 1487 743 peremptorie,
1511 701 1690 742 prefatum

305 748 462 779 Fratrem
494 748 693 779 Johannem
725 746 870 789 [blankL
894 748 1110 789 Religiosum
1140 748 1348 788 predictum,
1373 747 1466 788 quod
1489 746 1691 786 compareat

303 802 421 823 coram
445 793 592 824 officiali
615 795 736 824 nostro
760 793 959 834 Principali,
983 794 1056 831 aut,
1079 792 1117 822 in
1140 792 1218 833 ejus
1240 792 1413 830 absencia,
1438 801 1556 823 coram
1580 789 1691 820 Presi-

302 837 407 868 dente
425 837 631 868 Consistorii
646 837 759 868 nostri
775 837 992 875 Exoniensis,
1010 837 1065 868 die
1083 836 1247 868 Mercurii
1269 836 1428 877 proxima
1451 837 1530 876 post
1549 835 1691 865 Festum

303 881 551 921 Apostolorum
565 882 718 922 Philippi
727 883 764 913 et
775 882 796 913 J
798 882 898 914 acobi
909 881 1068 922 proximo
1079 881 1251 919 futurum,
1265 880 1494 921 probaciones
1509 889 1691 920 quascum-

302 936 368 966 que
385 936 491 966 super
505 926 686 966 premissis
697 929 792 965 tunc,
804 926 945 961 ibidem,
958 925 1211 966 producendas,
1224 925 1476 956 ministrandas
1487 926 1524 955 et
1535 923 1693 964 legitime

304 969 485 1001 faciendas
500 970 639 1001 visurus
655 974 691 1002 et
706 971 901 1009 auditurus,
918 971 1145 1010 facturusque
1161 970 1310 1001 ulterius
1326 971 1363 1001 et
1378 972 1584 1009 recepturus
1600 967 1692 1008 quod

304 1014 479 1046 Canonice
494 1015 530 1045 in
546 1015 612 1046 hac
627 1018 728 1055 parte
743 1015 955 1049 dictaverint
979 1014 1198 1046 Sancciones.
1245 1015 1297 1046 De
1320 1014 1386 1052 die,
1410 1024 1503 1051 vero,
1520 1012 1692 1053 recepcio-

304 1059 359 1090 nis
375 1059 600 1090 Presencium
616 1070 657 1090 ac
675 1059 865 1090 Citacionis
880 1061 1007 1097 vestre,
1032 1059 1203 1099 modoque
1219 1061 1255 1090 et
1271 1058 1387 1089 forma
1409 1058 1578 1099 ejusdem,
1603 1059 1639 1088 et
1663 1055 1692 1086 si

304 1103 437 1134 dictum
455 1103 615 1135 Fratrem
630 1104 828 1135 Johannem
851 1103 1084 1144 personaliter
1099 1103 1314 1140 citaveritis;
1338 1113 1484 1140 necnon,
1502 1101 1586 1142 quid
1602 1101 1691 1132 fece-

303 1148 382 1178 ritis
404 1148 440 1178 in
464 1148 653 1188 premissis,
677 1148 855 1188 prefatum
881 1148 1071 1180 Officialem
1096 1157 1157 1179 seu
1181 1147 1432 1184 Presidentem,
1450 1146 1555 1177 dict-is
1578 1145 1634 1177 die
1658 1148 1693 1176 et

303 1192 389 1230 loco,
405 1192 608 1224 certificetis
624 1203 687 1233 per
701 1196 846 1232 vestras,
864 1192 1092 1224 etc.-Dated
1106 1194 1144 1223 at
1161 1192 1269 1232 Clyst,
1286 1192 1329 1222 23
1346 1191 1456 1232 April.

149 1255 202 1282 fol:
255 1258 338 1295 The
359 1257 638 1308 Archbishop’s
657 1258 873 1297 Visitation
891 1270 900 1306 3
930 1258 1152 1307 Appellacio
1174 1257 1402 1295 Exoniensis
1432 1255 1616 1305 Episcopi
1635 1255 1691 1305 (in

148 1290 204 1316 125.

306 1326 331 1350 a
353 1313 452 1350 later
468 1312 661 1359 hand),—

260 1367 303 1397 ΙΝ
321 1367 391 1398 Dm
409 1367 570 1405 Noums,
588 1367 822 1399 Anax-Per
838 1377 982 1407 presens
994 1367 1178 1399 Publicum
1195 1367 1477 1398 Instrumentum
1488 1365 1624 1397 cunctis
1634 1375 1692 1406 ap-

304 1414 426 1451 pareat
441 1411 625 1443 evidenter
633 1411 735 1452 quod,
746 1411 850 1442 Anno
860 1411 904 1443 ab
915 1411 1166 1443 Incarnacione
1179 1411 1331 1449 Domini,
1344 1411 1537 1442 secundum
1553 1419 1694 1441 cursum

303 1458 339 1486 et
351 1455 653 1496 computacionem
670 1456 826 1487 Ecclesie
842 1455 1046 1496 Angficane,
1064 1457 1128 1487 M0.
1138 1455 1273 1488 CCC¹¹¹⁰
1288 1455 1415 1486 lxxx¹¹¹0
1431 1457 1566 1495 quarto,
1578 1453 1693 1485 Indic-

305 1500 403 1531 cione
427 1500 586 1540 septima,
612 1500 842 1531 Pontificatus
867 1500 1086 1532 Sanctissimi
1110 1500 1147 1530 in
1179 1499 1320 1531 Christo
1347 1499 1464 1530 Patris
1490 1501 1526 1530 et
1554 1498 1693 1530 Domini

303 1544 426 1583 nostri,
443 1544 584 1575 Domini
609 1544 755 1583 Urbani,
772 1544 901 1575 Divina
916 1545 1146 1576 Providencia
1169 1544 1263 1584 Pape
1289 1544 1395 1582 Sexti,
1413 1543 1516 1574 Anno
1533 1543 1693 1583 septimo,

304 1589 435 1620 mensis
458 1589 590 1629 Aprilis
613 1589 670 1620 die
693 1589 860 1620 vicesima
886 1589 1006 1628 tercia,
1034 1590 1071 1620 in
1095 1589 1239 1629 Capella
1263 1588 1412 1619 Manerii
1436 1587 1633 1619 Reverendi
1657 1587 1693 1618 in

303 1633 444 1664 Christo
465 1633 581 1664 Patris
604 1636 640 1664 et
664 1633 815 1671 Domini,
833 1633 974 1664 Domini
998 1634 1140 1672 Thome,
1158 1633 1223 1664 Dei
1246 1633 1365 1672 gracia
1382 1631 1589 1663 Exoniensis
1613 1632 1693 1672 Epi-

301 1677 406 1717 scopi,
424 1677 467 1708 de
485 1677 594 1718 Clyst,
612 1677 649 1708 in
665 1677 744 1716 mei,
758 1678 896 1708 Notarii
914 1678 1048 1709 Publici
1065 1677 1293 1717 infrascripti,
1305 1680 1340 1708 et
1356 1677 1502 1707 testium
1520 1676 1692 1716 subscrip-

300 1728 418 1752 torum
435 1722 618 1761 presencia
630 1722 862 1762 personaliter
873 1722 1097 1760 constitutus,
1116 1722 1290 1752 discretus
1301 1721 1365 1759 vir,
1380 1721 1551 1761 Magister
1564 1720 1692 1760 Roger-

300 1776 341 1796 us
350 1766 481 1804 Hunte,
491 1766 649 1805 clericus,
660 1766 890 1797 Eboracensis
901 1766 1068 1805 Diocesis,
1077 1767 1288 1797 Procurator
1295 1765 1491 1796 Reverendi
1503 1765 1540 1795 in
1552 1764 1693 1795 Christo

303 1810 419 1841 Patris
435 1813 471 1841 et
487 1810 638 1849 Domini,
652 1810 794 1841 Domini
811 1810 952 1849 Thome‚
966 1814 1043 1850 etc„
1059 1810 1222 1851 Episcopi
1235 1810 1394 1850 predicti,
1408 1809 1452 1840 ad
1465 1809 1693 1849 infrascripta

303 1854 517 1885 sufficienter
540 1854 739 1895 deputatus,
755 1857 860 1894 prout
882 1865 946 1895 per
969 1855 1143 1895 quoddam
1167 1854 1375 1885 Mandatum
1399 1863 1501 1884 suum
1526 1853 1692 1884 Procura-

305 1899 445 1937 torium,
471 1899 571 1939 signo
597 1901 634 1929 et
660 1899 919 1939 subscripcione
950 1900 1039 1930 meis
1069 1899 1257 1940 signatum,
1284 1898 1385 1939 cujus
1411 1900 1514 1928 tenor
1544 1897 1693 1928 inferius

306 1943 444 1983 plenius
467 1943 687 1981 describitur,
705 1943 812 1974 michi
836 1943 881 1974 ad
904 1943 1047 1984 plenum
1072 1943 1266 1981 constabat,
1282 1942 1458 1983 quandam
1476 1942 1692 1982 Appellacio-

306 1997 397 2026 nem,
414 1988 451 2018 in
469 1987 616 2027 Scriptis
632 1987 822 2026 redactam,
833 1988 974 2018 nomine
992 1987 1235 2019 Procuratorio
1252 1987 1338 2018 dicti
1355 1986 1549 2017 Reverendi
1566 1986 1692 2023 Patris,

306 2031 402 2071 fecit,
418 2032 515 2072 legit,
532 2034 568 2062 et
584 2032 795 2072 interposuit
811 2042 852 2063 ac
868 2032 1077 2072 appellavit;
1101 2032 1355 2072 Apostolosque
1379 2031 1510 2071 pluries
1526 2030 1639 2070 petiit,
1657 2035 1692 2060 et

305 2076 447 2116 juravit,
465 2076 529 2106 sub
545 2086 586 2107 eo
601 2076 660 2116 qui
677 2077 835 2116 sequitur
857 2080 978 2107 tenore
995 2077 1182 2107 verborum
1197 2089 1251 2107 :—

262 2121 305 2151 IN
324 2121 393 2151 Dm
411 2120 443 2150 N
447 2128 536 2150 omN
542 2129 572 2158 s,
589 2120 883 2151 Amen—Coram
895 2121 1004 2158 vobis,
1017 2121 1196 2152 autentica
1205 2130 1364 2160 persona,
1377 2120 1409 2150 N
1412 2119 1523 2150 otario
1539 2118 1693 2158 Publico,

154 2735 199 2762 fol.
213 2735 288 2762 1251).

307 2167 343 2195 et
366 2165 517 2195 testibus
539 2165 726 2205 fidedignis
749 2165 806 2196 hic
830 2165 1061 2205 presentibus,
1088 2175 1162 2205 ego,
1190 2165 1347 2204 Rogerus
1371 2164 1502 2201 Hunte,
1535 2163 1691 2202 clericus,

308 2209 538 2239 Eboraoensis
562 2209 726 2247 Diocesis,
755 2209 966 2240 Procurator
987 2212 1024 2240 et
1048 2209 1291 2240 Procuratorio
1314 2208 1455 2239 nomine
1473 2207 1692 2238 Venerabilis

307 2253 344 2283 in
370 2252 510 2283 Christo
537 2253 653 2284 Patris
677 2256 711 2284 et
743 2254 895 2292 Domini,
920 2253 1062 2284 Domini
1089 2253 1231 2292 Thome‚
1256 2253 1320 2283 Dei
1343 2252 1462 2292 gracia
1486 2251 1693 2282 Exoniensis

309 2297 481 2336 Episcopi,
498 2297 585 2335 dico,
596 2297 719 2337 allego,
730 2300 766 2328 et
782 2298 819 2328 in
835 2298 903 2328 hiis
921 2297 1068 2338 Scriptis
1083 2307 1238 2338 propono
1254 2297 1347 2338 quod
1362 2297 1456 2327 idem
1472 2296 1693 2327 Venerabilis

307 2341 422 2379 Pater,
438 2343 516 2379 etc„
532 2340 602 2371 fuit
617 2343 654 2372 et
669 2343 724 2372 est
740 2341 874 2373 dictum
892 2342 1141 2382 Episcopatum
1165 2341 1408 2379 Exoniensem,
1425 2351 1505 2372 cum
1529 2339 1692 2371 omnibus

308 2385 380 2416 suis
395 2385 532 2425 juribus
548 2387 584 2416 et
599 2386 827 2425 pertinenciis
842 2386 1025 2424 universis,
1043 2386 1217 2417 Canonice
1233 2388 1424 2423 assecutus,
1441 2385 1625 2425 ipsumque
1642 2384 1691 2415 sic

307 2432 507 2460 assecutum
522 2439 586 2469 per
600 2439 671 2460 non
686 2430 824 2460 modica
838 2432 998 2470 tempora
1019 2430 1176 2470 possedit
1198 2430 1341 2470 pacifice
1365 2431 1402 2460 et
1424 2429 1560 2469 quiete3
1584 2428 1690 2469 quod·

307 2483 383 2513 que,
400 2476 473 2504 tam
490 2473 533 2504 de
549 2473 627 2513 jure
643 2474 820 2504 communi
837 2484 941 2514 quam
958 2474 1069 2505 eciam
1085 2473 1336 2505 consuetudine
1352 2473 1498 2514 antiqua
1512 2473 1690 2511 laudabili,

307 2518 343 2548 in
361 2517 512 2548 Civitate
536 2520 572 2548 et
595 2517 733 2549 Diocesi
757 2518 888 2549 Exonie
912 2518 1096 2549 observata
1119 2521 1155 2549 et
1178 2518 1335 2558 legitime
1351 2518 1388 2548 in
1410 2517 1476 2548 hac
1490 2520 1590 2557 parte
1614 2526 1689 2557 pre-

308 2562 448 2601 scripta,
475 2562 699 2593 Presentatos
726 2572 962 2603 quoscumque
992 2563 1147 2603 ydoneos
1173 2562 1219 2593 ad
1244 2562 1420 2593 Beneficia
1445 2561 1690 2592 Ecclesiastica

307 2606 482 2637 dictarum
499 2605 662 2636 Civitatis
676 2610 712 2637 et
734 2607 890 2638 Diocesis
903 2607 1080 2645 vacancia,
1097 2609 1133 2637 et
1155 2617 1218 2647 pro
1241 2610 1399 2646 tempore
1415 2608 1592 2644 vacatura,
1609 2615 1690 2646 que-

307 2660 456 2690 cumque
480 2652 515 2680 et
542 2650 806 2691 qualiacumque
830 2650 974 2690 fuerint,
1001 2651 1047 2682 ad
1075 2661 1373 2692 quorumcumque
1404 2649 1692 2681 Presentaciones

308 2694 516 2734 spectancia,
540 2694 728 2725 admittere
758 2698 794 2725 et
825 2695 1010 2726 instituere
1041 2695 1215 2726 Canoniee
1246 2695 1282 2725 in
1313 2694 1467 2732 eisdem;
1507 2696 1691 2734 ceteraque

310 2738 485 2769 Beneficia
504 2738 758 2777 Ecclesiastica,
776 2739 879 2779 pleno
901 2740 979 2780 jure
1003 2749 1064 2770 seu
1087 2739 1252 2770 devoluto
1267 2739 1311 2770 ad
1335 2739 1450 2778 ipsum
1474 2738 1691 2778 pertinencia
1723 2758 1727 2761 v

309 2783 420 2813 eciam
450 2786 486 2813 et
513 2782 687 2821 vacancia,
712 2783 882 2822 conferre,
906 2787 942 2814 et
968 2784 1044 2823 ipsa
1071 2784 1114 2814 de
1145 2783 1307 2814 Personis
1330 2783 1477 2824 ydoneis
1508 2782 1692 2819 ordinare;

310 2826 516 2867 Electosque
546 2836 781 2867 quoscumque
812 2827 849 2858 in
880 2828 1036 2859 Abbates
1067 2837 1128 2858 seu
1159 2827 1306 2862 Priores.
1335 2837 1406 2857 non
1436 2829 1626 2866 exemptos,
1654 2826 1691 2856 in

312 2870 531 2901 Monasteriis
547 2880 610 2902 seu
626 2871 842 2902 Prioratibus
858 2871 1031 2902 dictarum
1050 2872 1213 2903 Civitatis
1229 2875 1264 2902 et
1281 2871 1447 2909 Diocesis,
1475 2871 1690 2906 consu-mare,

307 2925 348 2946 ac
364 2918 544 2955 exemptos
559 2918 595 2946 et
610 2925 681 2946 non
697 2918 877 2956 exemptos
902 2916 1126 2947 confirmatos
1148 2915 1354 2946 benedicere
1368 2929 1375 2951 3
1403 2914 1692 2954 Beneficiatisque

254 2987 256 2989 ,
309 2958 593 2999 quibuscumque,
610 2959 647 2989 in
663 2959 795 2990 eisdem
813 2959 964 2991 Civitate
981 2963 1017 2990 et
1041 2959 1189 2999 Diocesi,
1207 2959 1382 2990 Beneficia
1406 2968 1469 2990 sua
1491 2960 1692 2998 permutare
