1988 3256
477 359 777 395 >Rse1sTRnM
814 361 1276 395 COMMUNE—ANNO
1319 352 1377 396 3⁰.
1614 351 1710 398 317

165 465 242 492 A-D·
323 468 521 500 Exoniensis
535 479 544 507 ;
566 465 780 510 presentibus
796 472 888 508 tunc,
904 469 1040 508 ibidem,
1057 469 1192 500 Decano
1207 470 1243 501 et
1253 469 1413 510 Capitulo
1428 468 1585 510 ejusdem
1599 468 1710 501 Eccle-

166 499 242 560 13313·
252 532 266 560 1
322 511 370 543 sie
385 515 421 544 et
435 523 609 544 assensum
624 524 724 545 suum
739 513 782 544 ad
796 513 858 545 hec
873 523 1027 554 expresse
1037 512 1256 554 prebentibus
1271 523 1279 550 ;
1295 513 1329 544 in
1348 513 1517 553 presencia
1535 513 1711 554 Magistro-

224 555 230 560 ”
271 554 277 559 “
323 566 401 587 rum
419 556 576 587 Willelmi
592 557 696 598 Byde,
713 557 870 589 Officialis
884 557 1001 593 nostri,
1017 567 1056 588 ac
1079 556 1232 596 Hugonis
1260 556 1481 598 Hikelynghe,
1501 556 1660 588 Ganonici
1677 557 1712 589 in

321 599 468 631 Ecclesia
498 600 613 631 Sancti
652 600 844 639 Karentoci,
877 603 913 632 et
949 600 1093 631 aliorum
1128 599 1385 640 fidedignorum,
1416 600 1644 638 restituimus,
1677 603 1713 633 et

319 643 572 675 restituendum
587 643 816 675 ordinavimus
831 654 909 676 cum
921 644 1064 681 effectu;
1081 643 1175 675 vobis
1190 644 1438 675 committimus
1449 646 1485 675 et
1498 644 1712 684 mandamus,

318 687 407 718 sicut
421 686 502 718 alias
519 687 763 727 mandavimus,
779 687 922 719 firmiter
937 687 1166 728 injungentes,
1181 687 1345 728 quatinus
1360 687 1493 719 dictum
1513 687 1710 727 Henricum,

321 730 364 761 ad
380 733 512 762 statum
527 730 592 771 [et]
606 731 752 771 gradum
775 741 853 762 suos
876 731 1036 772 pristinos
1058 731 1093 762 in
1117 730 1205 771 Aula
1226 741 1286 762 seu
1307 731 1412 762 Domo
1427 734 1545 762 nostra
1561 731 1714 772 predicta

318 784 379 815 per
393 784 454 805 nos
468 774 516 806 sic
531 775 741 810 restitutum.
755 774 981 806 effectualiter
995 774 1199 814 admittatis,
1216 778 1253 806 et
1275 774 1388 815 ipsum
1411 774 1446 805 in
1470 774 1599 806 eisdem
1617 779 1711 807 actu-

317 817 418 849 aliter
450 818 631 858 reponatis.
693 819 738 850 Et
764 818 848 859 quid
871 818 1019 850 feceritis
1041 818 1077 849 in
1101 818 1163 849 hac
1189 820 1287 858 parte
1317 817 1512 850 certificetis
1541 828 1603 850 nos
1626 819 1714 850 citra

320 861 460 893 Festum
476 862 591 893 Sancti
602 861 775 893 Valentini
793 862 944 903 proximo
959 862 1129 900 futurum,
1147 861 1270 893 Literis
1288 861 1409 893 vestris
1425 862 1635 902 patentibus,
1647 866 1711 895 etc.

320 905 491 936 —Datum
505 905 541 936 in
558 906 666 936 Domo
682 908 798 937 nostra
815 905 1001 946 Capitulini
1025 904 1170 936 Ecclesie
1192 908 1309 936 nostre
1326 905 1526 937 Exoniensis
1550 906 1712 946 predicte,

319 948 374 980 die
388 952 424 980 et
439 949 538 980 Anno
554 949 691 980 Domini
713 949 926 990 supradictis,
949 952 986 980 et
1010 949 1279 980 consecracionis
1302 953 1418 980 nostre
1439 959 1530 980 anno
1554 950 1714 982 tercio.—

320 990 427 1032 Cujus
441 992 647 1024 auctoritate
662 993 815 1024 Mandati
832 992 936 1024 vestri
948 992 1101 1033 predicti,
1118 1002 1188 1031 uos,
1203 992 1372 1024 Robertus
1384 992 1575 1032 Lideforde,
1594 994 1715 1025 nector
1748 994 1751 997 ’

318 1035 502 1077 predictus,
533 1035 705 1075 Ricardus,
731 1036 914 1073 Johannes,
939 1039 1014 1075 etc.,
1039 1036 1278 1077 prenominati,
1307 1036 1461 1067 Consocii
1488 1040 1525 1068 et
1551 1037 1713 1077 scolares,

320 1089 436 1111 omnes
458 1082 494 1111 et
516 1079 649 1121 singuli,
674 1080 827 1121 ejusdem
850 1079 990 1120 Collegii
1015 1089 1075 1111 seu
1102 1079 1190 1110 Aule
1216 1082 1329 1111 vestre
1351 1080 1494 1120 prefate,
1519 1080 1714 1120 predictum

323 1123 507 1155 Henricum
524 1124 749 1162 Beaumonde,
765 1123 934 1159 clericum,
950 1133 990 1154 ac
1006 1123 1206 1154 Consocium
1222 1126 1380 1155 nostrum
1396 1123 1536 1164 Collegii
1551 1134 1611 1155 seu
1627 1125 1715 1165 Aule

318 1169 430 1198 vestre
445 1166 608 1208 predicte,
627 1177 686 1208 per
701 1171 848 1199 vestram
866 1166 1113 1198 Paternitatem
1131 1166 1350 1198 reverendam
1367 1166 1411 1198 ad
1427 1169 1559 1199 statum
1582 1170 1618 1200 et
1640 1178 1714 1209 gra-

319 1210 403 1242 dum
414 1221 493 1242 suos
515 1211 684 1252 pristinos,
701 1211 736 1242 in
752 1211 844 1243 dicto
862 1210 1022 1242 Mandato
1038 1214 1151 1242 vestro
1170 1215 1391 1251 expressatos,
1408 1210 1443 1242 in
1458 1211 1550 1242 dicto
1567 1211 1715 1253 Oollegio

319 1254 390 1285 sive
414 1254 501 1285 Aula
523 1257 636 1286 vestra
658 1254 823 1295 prelibata
844 1254 1095 1286 sentencialiter
1117 1253 1330 1293 restitutum,
1347 1253 1391 1285 ad
1413 1254 1502 1295 ipsos
1525 1258 1657 1287 statum
1680 1259 1716 1287 et

319 1297 463 1338 gradum
485 1308 563 1329 suos
586 1298 745 1339 pristinos
767 1298 936 1339 predictos
958 1298 993 1329 in
1012 1297 1104 1329 dicto
1121 1297 1269 1337 Collegio
1291 1307 1352 1328 seu
1375 1298 1464 1329 Aula
1486 1301 1610 1337 vestra,
1626 1299 1716 1331 sicut

319 1341 547 1382 premittitur,
557 1342 768 1381 restitutum,
786 1342 845 1373 Die
857 1341 1039 1380 Dominica,
1056 1341 1214 1372 videlicet
1224 1340 1394 1372 tricesima
1408 1341 1463 1373 die
1475 1342 1599 1374 mensis
1612 1343 1714 1374 Octo-

321 1385 398 1423 bris,
414 1384 496 1416 hora
510 1385 619 1425 prima
640 1385 794 1426 ejusdem
817 1385 892 1422 diei,
913 1385 979 1416 sub
1001 1385 1100 1416 Anno
1115 1384 1361 1416 lucar-nacionis
1379 1385 1514 1416 Domini
1531 1386 1592 1417 ΜΟ.
1613 1386 1717 1418 CCC⁰

319 1428 444 1469 lxxiij⁰‚
460 1428 496 1460 in
519 1428 656 1469 Capella
669 1429 822 1470 ejusdem
841 1428 978 1470 Collegii
993 1438 1052 1460 seu
1068 1428 1155 1459 Aule
1170 1431 1282 1460 vestre
1296 1428 1478 1468 antedicte,
1495 1429 1530 1460 in
1546 1430 1717 1470 presencia

321 1472 475 1512 Magistri
497 1472 662 1504 Johannis
684 1472 831 1513 Chayne,
849 1472 1039 1504 Confratris
1062 1471 1175 1510 vestri,
1194 1471 1416 1513 personaliter
1437 1475 1474 1504 et
1495 1473 1718 1506 effectualiter

320 1515 527 1554 admisimus,
550 1526 589 1547 ac
611 1516 756 1556 quilibet
775 1519 932 1547 nostrum
954 1515 1183 1557 predictorum
1207 1515 1427 1556 personaliter
1442 1518 1478 1548 et
1493 1516 1718 1550 effectualiter

324 1559 506 1590 Henricum
515 1559 728 1591 antedictum
742 1559 890 1598 admisit,
900 1562 936 1592 et
951 1559 1063 1600 ipsum
1078 1559 1261 1590 Henricum
1277 1559 1500 1599 Beaumonde,
1515 1560 1716 1593 Consocium

320 1606 476 1634 nostrum
499 1603 722 1642 antedictum,
739 1603 774 1635 in
789 1603 916 1635 eisdem
938 1605 1034 1635 statu
1050 1605 1086 1634 et
1101 1603 1209 1643 gradu
1224 1602 1295 1634 suis
1310 1602 1474 1643 pristinis,
1489 1604 1645 1645 superius
1661 1615 1716 1637 ex-

319 1646 489 1687 pressatis,
506 1647 686 1678 actualiter
700 1647 922 1688 reposuimus,
941 1649 978 1678 et
992 1646 1039 1678 sic
1054 1646 1198 1687 quilibet
1215 1649 1371 1678 nostrum
1386 1646 1616 1687 predictorum
1630 1648 1715 1680 Con-

0 1726 1 1731 1
317 1690 481 1722 sociorum
505 1693 542 1722 et
565 1690 750 1724 Scolarium
772 1690 855 1722 dicti
881 1690 1020 1731 Collegii
1039 1700 1099 1721 seu
1116 1689 1202 1721 Aule
1219 1693 1329 1722 vestre
1346 1690 1496 1731 predicte
1509 1691 1645 1724 realiter
1666 1703 1716 1724 re-

0 1744 10 1777 ;,
319 1734 432 1774 posuit
447 1744 525 1765 cum
540 1734 674 1766 effectu.
720 1734 843 1775 Sicque
863 1733 1063 1765 Mandatum
1079 1733 1301 1765 Paternitatis
1316 1736 1429 1765 vestre
1443 1735 1626 1767 reverende
1641 1746 1717 1777 pre-

0 1779 9 1792 ’“
318 1777 460 1815 dictum,
487 1787 525 1809 ac
547 1777 661 1809 omnia
682 1780 719 1809 et
741 1777 874 1819 singula
895 1777 931 1809 in
953 1777 1026 1818 ipso
1052 1781 1222 1816 contenta,
1245 1780 1450 1816 reverenter,
1472 1777 1657 1819 humiliter,
1681 1782 1718 1811 et

319 1821 467 1861 plenarie
489 1831 608 1852 sumus
630 1821 950 1853 executi—Datum
976 1820 1114 1860 Oxonie‚
1137 1820 1172 1852 in
1200 1821 1337 1861 Capella
1363 1820 1503 1862 Collegii
1529 1823 1634 1855 vestri
1657 1833 1718 1855 seu

317 1864 405 1896 Aule
419 1867 531 1896 vestre
546 1865 687 1906 prefate,
704 1865 768 1896 Die
785 1864 969 1904 Dominica,
986 1864 1144 1896 videlicet
1160 1864 1327 1897 tricesima
1343 1864 1398 1896 die
1414 1865 1538 1897 mensis
1550 1866 1717 1906 Octobris,

320 1907 405 1940 A.D.
422 1908 483 1941 M0.
501 1908 720 1950 cccolxxiij.

167 1960 216 2021 ἕξ·-
281 1963 524 2001 Parliament
545 1976 555 2010 ;
589 1963 725 2001 Litera
751 1963 1028 2012 procurator-ia
1061 1962 1137 2001 sive
1167 1963 1433 2019 attornatoria
1470 1964 1524 2002 ad
1565 1964 1718 2003 interes-

175 2028 250 2060 [No-
338 2018 495 2055 sendum
523 2018 793 2056 Parliamento
814 2030 891 2066 pro
909 2017 1148 2063 Domino,--

169 2069 250 2127 ζξξὶ
282 2071 456 2104 Universis
480 2074 596 2112 pateat
618 2082 679 2113 per
702 2072 880 2103 Presentes
902 2072 994 2113 qnod
1016 2081 1087 2110 nos,
1104 2070 1262 2110 Thomas,
1287 2074 1365 2110 etc.,
1381 2072 1426 2104 ad
1449 2073 1717 2106 Parliamentum

230 2116 236 2122 ”
328 2114 611 2147 Excellentissimi
635 2115 808 2156 Principis,
825 2118 900 2154 etc.,
925 2115 1094 2152 Edwardi,
1111 2118 1186 2153 etc.,
1203 2125 1282 2146 cum
1306 2115 1461 2155 Prelatis,
1489 2117 1715 2157 Magnatibus,

321 2161 358 2190 et
382 2158 579 2190 Proceribus
602 2159 706 2200 Regni
729 2159 850 2199 Anglie
871 2158 964 2200 apud
987 2158 1342 2198 Westmonasterium,
1367 2160 1404 2191 in
1429 2161 1577 2192 crastino
1599 2161 1718 2193 Sancti

326 2202 509 2242 Edmundi,
530 2203 626 2243 Regis
642 2206 679 2234 et
695 2202 854 2242 Martii-is,
872 2202 1025 2243 proximo
1040 2202 1160 2233 futuro
1182 2202 1366 2234 salubriter
1388 2204 1586 2243 tenendum,
1602 2204 1718 2236 arduis

323 2245 468 2286 negociis
484 2256 544 2277 nos
559 2249 596 2278 et
621 2245 802 2277 Ecclesiam
817 2248 971 2278 nostram
994 2245 1276 2277 concernentibus
1299 2247 1477 2287 prepediti,
1495 2248 1718 2288 personaliter

322 2289 479 2320 accedere
501 2299 569 2321 non
592 2289 753 2327 valentes,
778 2289 957 2330 Magistros
983 2289 1189 2321 willelmum
1213 2289 1317 2330 Byde,
1342 2290 1525 2322 Officialem
1549 2294 1716 2331 nostrum,

318 2335 355 2364 et
369 2332 562 2365 Johannem
577 2333 620 2364 de
635 2332 908 2375 Schyllyngford,
928 2333 1056 2374 Legum
1084 2333 1254 2372 Doctores,
1271 2343 1309 2364 ac
1326 2333 1512 2366 Dominum
1525 2335 1715 2367 Walterum

322 2376 508 2418 Aldebury,
525 2376 733 2409 canonicum
754 2376 790 2408 in
806 2376 953 2408 Ecclesia
970 2376 1086 2407 Sancti
1104 2376 1200 2407 Pauli
1223 2376 1486 2416 Londoniarum,
1504 2378 1716 2419 conjunctim

320 2422 357 2451 et
371 2419 516 2459 divisim,
533 2423 569 2452 et
583 2420 771 2461 quemlibet
788 2430 905 2452 eorum
927 2420 1120 2459 insolidum,
1137 2422 1272 2451 nostros
1294 2421 1536 2453 constituimus
1554 2423 1715 2454 Procura-

322 2465 422 2502 tores,
445 2464 489 2494 ad
511 2463 775 2504 comparendum
798 2466 835 2495 et
857 2463 1138 2502 interessendum,
1162 2473 1222 2504 pro
1248 2463 1345 2495 nobis
1371 2470 1408 2496 et·
1430 2465 1566 2497 nomine
1589 2470 1715 2505 nostro,

323 2517 390 2538 uua
419 2517 497 2538 cum
531 2507 685 2545 Prelatis,
712 2510 788 2546 etc.,
816 2507 988 2547 predictis,
1018 2506 1054 2538 in
1084 2507 1176 2538 dicto
1207 2506 1444 2547 Parliamento,
1476 2508 1519 2540 de
1548 2512 1585 2541 et
1614 2520 1718 2549 super

322 2549 466 2590 negociis
495 2550 530 2581 in
561 2550 634 2591 ipso
666 2550 892 2582 Parliamento
923 2550 1130 2591 exponendis
1161 2550 1391 2590 tractandum,
1425 2552 1650 2594 omnibusque
1680 2556 1717 2585 et

321 2593 462 2633 singulis
485 2603 552 2634 que
574 2594 710 2633 ibidem,
733 2594 776 2625 de
798 2594 971 2626 communi
993 2597 1030 2626 et
1054 2593 1206 2625 unanimi
1227 2603 1366 2626 assensu
1393 2595 1615 2634 Prelatorum,
1639 2599 1715 2636 etc.,

322 2636 562 2677 predictorum,
580 2637 623 2668 ad
639 2637 802 2668 honorem
820 2637 882 2668 Dei
897 2641 933 2668 et
950 2637 1106 2675 Ecclesie,
1125 2647 1164 2668 ac
1179 2637 1317 2669 Domini
1339 2639 1447 2670 nostri
1475 2639 1581 2680 Regis,
1598 2640 1715 2680 Regni,

321 2683 358 2711 et
375 2679 493 2721 Populi
509 2680 563 2712 sui
584 2680 785 2718 utilitatem,
806 2680 930 2712 Divina
951 2680 1090 2712 favente
1112 2680 1303 2719 clemencia,
1329 2681 1477 2714 ordinari
1499 2683 1714 2723 contigerint,

320 2722 601 2755 consenciendum
619 2735 627 2763 3
649 2728 766 2755 ratum
789 2726 825 2755 et
847 2726 984 2765 gratum
1007 2723 1159 2756 habituri
1181 2724 1343 2765 quicquid
1365 2725 1449 2757 dicti
1468 2727 1576 2758 nostri
1593 2727 1714 2758 Procu-

322 2770 464 2806 ratores,
481 2770 543 2798 aut
564 2777 682 2799 eorum
704 2767 838 2808 aliquis,
856 2768 1001 2799 fecerint
1019 2767 1071 2798 vel
1096 2767 1223 2805 fecerit,
1240 2768 1472 2801 consenserint
1494 2779 1553 2801 seu
1577 2780 1714 2802 cousen-

320 2810 414 2848 serit,
429 2812 599 2851 quatenus
613 2810 657 2842 ad
674 2821 735 2842 nos
750 2811 878 2843 attinet
894 2811 928 2843 in
945 2810 1285 2851 premissis—Dat&
1300 2814 1339 2843 at
1356 2811 1463 2853 Clyst,
1480 2814 1500 2844 4
1518 2813 1604 2845 Nov.

165 2863 230 2924 13ῑὺ-
283 2863 550 2966 Οοῗνοοεἓὲοῐι
566 2877 576 2911 ;
597 2865 835 2921 Mandatum
854 2865 1021 2903 Domini
1038 2865 1327 2914 Archiepiscopi
1335 2879 1413 2915 pro
1436 2857 1719 2907 Convocacione’

357 2931 418 2956 act
490 2931 588 2966 a,—

280 2972 380 3012 Item,
410 2975 451 3004 1⁰
481 2971 536 3004 die
573 2972 698 3005 mensis
735 2971 947 3011 Novembris,
978 2971 1170 3004 Indiccione
1206 2972 1282 3015 xij⁸,
1318 2973 1542 3008 Pontificatus
1580 2976 1718 3010 Domini
