<?xml version="1.0" encoding="UTF-8"?>
<!DOCTYPE html PUBLIC "-//W3C//DTD XHTML 1.0 Transitional//EN"
    "http://www.w3.org/TR/xhtml1/DTD/xhtml1-transitional.dtd">
<html xmlns="http://www.w3.org/1999/xhtml" xml:lang="en" lang="en">
 <head>
  <title>
</title>
<meta http-equiv="Content-Type" content="text/html;charset=utf-8" />
  <meta name='ocr-system' content='tesseract 3.04.00' />
  <meta name='ocr-capabilities' content='ocr_page ocr_carea ocr_par ocr_line ocrx_word'/>
</head>
<body>
  <div class='ocr_page' id='page_1' title='image "./registerofthomas01hinguoft/registerofthomas01hinguoft_0558.png"; bbox 0 0 1988 3256; ppageno 0'>
   <div class='ocr_carea' id='block_1_1' title="bbox 317 345 412 391">
    <p class='ocr_par' dir='ltr' id='par_1_1' title="bbox 317 345 412 391">
     <span class='ocr_line' id='line_1_1' title="bbox 317 345 412 391; baseline 0.021 -2"><span class='ocrx_word' id='word_1_1' title='bbox 317 345 412 391; x_wconf 89' lang='grc'>540</span> 
     </span>
    </p>
   </div>
   <div class='ocr_carea' id='block_1_2' title="bbox 315 457 424 551">
    <p class='ocr_par' dir='ltr' id='par_1_2' title="bbox 315 457 413 551">
     <span class='ocr_line' id='line_1_2' title="bbox 315 457 390 484; baseline 0.03 -2"><span class='ocrx_word' id='word_1_2' title='bbox 315 457 347 482; x_wconf 87' lang='grc' dir='ltr'>Α.</span> <span class='ocrx_word' id='word_1_3' title='bbox 353 457 390 484; x_wconf 88' lang='lat' dir='ltr'>D.</span> 
     </span>
     <span class='ocr_line' id='line_1_3' title="bbox 316 492 389 518; baseline 0.031 -2"><span class='ocrx_word' id='word_1_4' title='bbox 316 492 389 518; x_wconf 84' lang='lat'>1384</span> 
     </span>
     <span class='ocr_line' id='line_1_4' title="bbox 316 524 424 551; baseline 0.01 -1"><span class='ocrx_word' id='word_1_5' title='bbox 316 524 377 551; x_wconf 91' lang='lat' dir='ltr'>Vol.</span> <span class='ocrx_word' id='word_1_6' title='bbox 402 525 424 551; x_wconf 90' lang='lat'>1.</span> 
     </span>
    </p>
   </div>
   <div class='ocr_carea' id='block_1_3' title="bbox 529 358 1657 400">
    <p class='ocr_par' dir='ltr' id='par_1_3' title="bbox 529 358 1657 400">
     <span class='ocr_line' id='line_1_5' title="bbox 529 358 1657 400; baseline 0.002 -8"><span class='ocrx_word' id='word_1_7' title='bbox 529 358 630 393; x_wconf 85' lang='lat' dir='ltr'>THE</span> <span class='ocrx_word' id='word_1_8' title='bbox 665 359 907 399; x_wconf 78' lang='lat' dir='ltr'>REGISTER</span> <span class='ocrx_word' id='word_1_9' title='bbox 940 359 1004 393; x_wconf 76' lang='lat' dir='ltr'>OF</span> <span class='ocrx_word' id='word_1_10' title='bbox 1038 359 1218 394; x_wconf 87' lang='lat' dir='ltr'>BISHOP</span> <span class='ocrx_word' id='word_1_11' title='bbox 1252 359 1657 400; x_wconf 74' lang='lat' dir='ltr'>BRANTYNGHAM.</span> 
     </span>
    </p>
   </div>
   <div class='ocr_carea' id='block_1_4' title="bbox 467 462 1861 1125">
    <p class='ocr_par' dir='ltr' id='par_1_4' title="bbox 467 462 1861 1125">
     <span class='ocr_line' id='line_1_6' title="bbox 473 462 1860 506; baseline 0.001 -13"><span class='ocrx_word' id='word_1_12' title='bbox 473 462 623 493; x_wconf 88' lang='lat' dir='ltr'>testibus</span> <span class='ocrx_word' id='word_1_13' title='bbox 644 462 830 503; x_wconf 81' lang='lat' dir='ltr'>fidedignis</span> <span class='ocrx_word' id='word_1_14' title='bbox 853 463 1057 502; x_wconf 84' lang='lat' dir='ltr'>interpono;</span> <span class='ocrx_word' id='word_1_15' title='bbox 1081 472 1121 494; x_wconf 76' lang='lat' dir='ltr'>ac</span> <span class='ocrx_word' id='word_1_16' title='bbox 1145 462 1332 503; x_wconf 73' lang='lat' dir='ltr'>Apostolos</span> <span class='ocrx_word' id='word_1_17' title='bbox 1355 465 1447 503; x_wconf 88' lang='lat' dir='ltr'>peto,</span> <span class='ocrx_word' id='word_1_18' title='bbox 1463 466 1505 494; x_wconf 87' lang='lat' dir='ltr'>ut</span> <span class='ocrx_word' id='word_1_19' title='bbox 1521 473 1644 504; x_wconf 74' lang='lat' dir='ltr'>supra3</span> <span class='ocrx_word' id='word_1_20' title='bbox 1668 464 1860 506; x_wconf 80' lang='lat' dir='ltr'>ipsamque,</span> 
     </span>
     <span class='ocr_line' id='line_1_7' title="bbox 472 507 1860 548; baseline 0.002 -11"><span class='ocrx_word' id='word_1_21' title='bbox 472 509 508 537; x_wconf 87' lang='lat' dir='ltr'>et</span> <span class='ocrx_word' id='word_1_22' title='bbox 525 507 642 538; x_wconf 81' lang='lat' dir='ltr'>onmia</span> <span class='ocrx_word' id='word_1_23' title='bbox 658 507 695 537; x_wconf 90' lang='lat' dir='ltr'>in</span> <span class='ocrx_word' id='word_1_24' title='bbox 710 507 913 548; x_wconf 86' lang='lat' dir='ltr'>hujusmodi</span> <span class='ocrx_word' id='word_1_25' title='bbox 936 507 1185 547; x_wconf 74' lang='lat' dir='ltr'>Appellacione</span> <span class='ocrx_word' id='word_1_26' title='bbox 1209 510 1385 546; x_wconf 88' lang='lat' dir='ltr'>contenta,</span> <span class='ocrx_word' id='word_1_27' title='bbox 1402 507 1528 539; x_wconf 87' lang='lat' dir='ltr'>intimo</span> <span class='ocrx_word' id='word_1_28' title='bbox 1543 510 1580 539; x_wconf 86' lang='lat' dir='ltr'>et</span> <span class='ocrx_word' id='word_1_29' title='bbox 1595 508 1757 546; x_wconf 64' lang='lat' dir='ltr'>notitiem</span> <span class='ocrx_word' id='word_1_30' title='bbox 1780 518 1860 540; x_wconf 81' lang='lat' dir='ltr'>uec·</span> 
     </span>
     <span class='ocr_line' id='line_1_8' title="bbox 471 533 1860 592; baseline 0.002 -11"><span class='ocrx_word' id='word_1_31' title='bbox 471 562 551 589; x_wconf 88' lang='lat' dir='ltr'>non,</span> <span class='ocrx_word' id='word_1_32' title='bbox 569 551 613 582; x_wconf 80' lang='lat' dir='ltr'>ad</span> <span class='ocrx_word' id='word_1_33' title='bbox 630 554 795 590; x_wconf 89' lang='lat' dir='ltr'>vestram,</span> <span class='ocrx_word' id='word_1_34' title='bbox 812 554 848 583; x_wconf 92' lang='lat' dir='ltr'>et</span> <span class='ocrx_word' id='word_1_35' title='bbox 864 562 1161 592; x_wconf 86' lang='lat' dir='ltr'>quorumcumque</span> <span class='ocrx_word' id='word_1_36' title='bbox 1178 552 1326 583; x_wconf 84' lang='lat' dir='ltr'>aliorum</span> <span class='ocrx_word' id='word_1_37' title='bbox 1343 562 1491 592; x_wconf 88' lang='lat' dir='ltr'>quorum</span> <span class='ocrx_word' id='word_1_38' title='bbox 1507 552 1680 591; x_wconf 85' lang='lat' dir='ltr'>intererit,</span> <span class='ocrx_word' id='word_1_39' title='bbox 1692 533 1860 584; x_wconf 62' lang='lat' dir='ltr'>not’iciam</span> 
     </span>
     <span class='ocr_line' id='line_1_9' title="bbox 470 595 1860 637; baseline 0.001 -11"><span class='ocrx_word' id='word_1_40' title='bbox 470 595 507 626; x_wconf 89' lang='lat' dir='ltr'>in</span> <span class='ocrx_word' id='word_1_41' title='bbox 531 598 702 636; x_wconf 86' lang='lat' dir='ltr'>quantum</span> <span class='ocrx_word' id='word_1_42' title='bbox 726 606 868 636; x_wconf 88' lang='lat' dir='ltr'>possum</span> <span class='ocrx_word' id='word_1_43' title='bbox 893 596 1047 634; x_wconf 83' lang='lat' dir='ltr'>deduco,</span> <span class='ocrx_word' id='word_1_44' title='bbox 1079 598 1280 636; x_wconf 88' lang='lat' dir='ltr'>protestans</span> <span class='ocrx_word' id='word_1_45' title='bbox 1310 596 1427 637; x_wconf 85' lang='lat' dir='ltr'>palam</span> <span class='ocrx_word' id='word_1_46' title='bbox 1452 598 1489 627; x_wconf 86' lang='lat' dir='ltr'>et</span> <span class='ocrx_word' id='word_1_47' title='bbox 1515 606 1687 637; x_wconf 81' lang='lat' dir='ltr'>expresse,</span> <span class='ocrx_word' id='word_1_48' title='bbox 1719 597 1860 628; x_wconf 89' lang='lat' dir='ltr'>nomine</span> 
     </span>
     <span class='ocr_line' id='line_1_10' title="bbox 471 640 1860 681; baseline 0.002 -11"><span class='ocrx_word' id='word_1_49' title='bbox 471 640 555 670; x_wconf 89' lang='lat' dir='ltr'>dicti</span> <span class='ocrx_word' id='word_1_50' title='bbox 572 641 713 671; x_wconf 88' lang='lat' dir='ltr'>Domini</span> <span class='ocrx_word' id='word_1_51' title='bbox 729 640 808 678; x_wconf 89' lang='lat' dir='ltr'>mei,</span> <span class='ocrx_word' id='word_1_52' title='bbox 826 651 882 671; x_wconf 89' lang='lat' dir='ltr'>me</span> <span class='ocrx_word' id='word_1_53' title='bbox 898 640 987 672; x_wconf 89' lang='lat' dir='ltr'>velle</span> <span class='ocrx_word' id='word_1_54' title='bbox 1004 640 1095 671; x_wconf 84' lang='lat' dir='ltr'>hanc</span> <span class='ocrx_word' id='word_1_55' title='bbox 1110 641 1396 681; x_wconf 86' lang='lat' dir='ltr'>Appellacionem</span> <span class='ocrx_word' id='word_1_56' title='bbox 1420 641 1594 681; x_wconf 85' lang='lat' dir='ltr'>corrigere</span> <span class='ocrx_word' id='word_1_57' title='bbox 1610 643 1646 672; x_wconf 91' lang='lat' dir='ltr'>et</span> <span class='ocrx_word' id='word_1_58' title='bbox 1662 641 1860 679; x_wconf 76' lang='lat' dir='ltr'>emendam,</span> 
     </span>
     <span class='ocr_line' id='line_1_11' title="bbox 470 684 1859 737; baseline 0.001 -22"><span class='ocrx_word' id='word_1_59' title='bbox 470 684 652 725; x_wconf 83' lang='lat' dir='ltr'>eidemque</span> <span class='ocrx_word' id='word_1_60' title='bbox 669 685 797 716; x_wconf 81' lang='lat' dir='ltr'>addere</span> <span class='ocrx_word' id='word_1_61' title='bbox 813 688 850 715; x_wconf 90' lang='lat' dir='ltr'>et</span> <span class='ocrx_word' id='word_1_62' title='bbox 866 684 1052 716; x_wconf 77' lang='lat' dir='ltr'>detrahere</span> <span class='ocrx_word' id='word_1_63' title='bbox 1070 685 1114 716; x_wconf 85' lang='lat' dir='ltr'>ab</span> <span class='ocrx_word' id='word_1_64' title='bbox 1130 685 1263 724; x_wconf 84' lang='lat' dir='ltr'>eadem,</span> <span class='ocrx_word' id='word_1_65' title='bbox 1280 695 1344 725; x_wconf 90' lang='lat' dir='ltr'>pro</span> <span class='ocrx_word' id='word_1_66' title='bbox 1359 685 1435 716; x_wconf 82' lang='lat' dir='ltr'>loco</span> <span class='ocrx_word' id='word_1_67' title='bbox 1445 687 1481 716; x_wconf 87' lang='lat' dir='ltr'>et</span> <span class='ocrx_word' id='word_1_68' title='bbox 1492 687 1650 725; x_wconf 88' lang='lat' dir='ltr'>tempore</span> <span class='ocrx_word' id='word_1_69' title='bbox 1665 685 1859 737; x_wconf 80' lang='lat' dir='ltr'>oportunis,</span> 
     </span>
     <span class='ocr_line' id='line_1_12' title="bbox 470 729 1861 772; baseline 0.002 -13"><span class='ocrx_word' id='word_1_70' title='bbox 470 739 511 768; x_wconf 90' lang='lat' dir='ltr'>pr</span> <span class='ocrx_word' id='word_1_71' title='bbox 513 732 574 760; x_wconf 86' lang='lat' dir='ltr'>out</span> <span class='ocrx_word' id='word_1_72' title='bbox 591 729 697 760; x_wconf 89' lang='lat' dir='ltr'>michi</span> <span class='ocrx_word' id='word_1_73' title='bbox 714 731 749 760; x_wconf 92' lang='lat' dir='ltr'>et</span> <span class='ocrx_word' id='word_1_74' title='bbox 766 729 859 760; x_wconf 85' lang='lat' dir='ltr'>dicto</span> <span class='ocrx_word' id='word_1_75' title='bbox 877 729 1025 760; x_wconf 86' lang='lat' dir='ltr'>Domino</span> <span class='ocrx_word' id='word_1_76' title='bbox 1042 739 1120 760; x_wconf 89' lang='lat' dir='ltr'>meo</span> <span class='ocrx_word' id='word_1_77' title='bbox 1137 729 1262 761; x_wconf 88' lang='lat' dir='ltr'>melius</span> <span class='ocrx_word' id='word_1_78' title='bbox 1277 729 1455 760; x_wconf 87' lang='lat' dir='ltr'>videbitur</span> <span class='ocrx_word' id='word_1_79' title='bbox 1469 730 1643 770; x_wconf 84' lang='lat' dir='ltr'>expedire,</span> <span class='ocrx_word' id='word_1_80' title='bbox 1658 729 1784 771; x_wconf 80' lang='lat' dir='ltr'>juxta</span> <span class='ocrx_word' id='word_1_81' title='bbox 1770 730 1861 772; x_wconf 76' lang='lat' dir='ltr'>Juris</span> 
     </span>
     <span class='ocr_line' id='line_1_13' title="bbox 470 773 1861 817; baseline 0.001 -13"><span class='ocrx_word' id='word_1_82' title='bbox 470 774 664 812; x_wconf 84' lang='lat' dir='ltr'>consilium,</span> <span class='ocrx_word' id='word_1_83' title='bbox 689 774 883 813; x_wconf 86' lang='lat' dir='ltr'>peritorum</span> <span class='ocrx_word' id='word_1_84' title='bbox 906 773 996 817; x_wconf 76' lang='lat' dir='ltr'>juris</span> <span class='ocrx_word' id='word_1_85' title='bbox 1019 774 1187 804; x_wconf 88' lang='lat' dir='ltr'>beneficio</span> <span class='ocrx_word' id='word_1_86' title='bbox 1210 774 1247 804; x_wconf 91' lang='lat' dir='ltr'>in</span> <span class='ocrx_word' id='word_1_87' title='bbox 1271 773 1434 805; x_wconf 89' lang='lat' dir='ltr'>omnibus</span> <span class='ocrx_word' id='word_1_88' title='bbox 1457 784 1596 814; x_wconf 82' lang='lat' dir='ltr'>semper</span> <span class='ocrx_word' id='word_1_89' title='bbox 1617 774 1723 806; x_wconf 82' lang='lat' dir='ltr'>salvo.</span> <span class='ocrx_word' id='word_1_90' title='bbox 1728 775 1861 806; x_wconf 79' lang='lat' dir='ltr'>—Acta</span> 
     </span>
     <span class='ocr_line' id='line_1_14' title="bbox 471 813 1859 858; baseline 0.001 -10"><span class='ocrx_word' id='word_1_91' title='bbox 471 820 553 849; x_wconf 86' lang='lat' dir='ltr'>suut</span> <span class='ocrx_word' id='word_1_92' title='bbox 570 818 643 856; x_wconf 89' lang='lat' dir='ltr'>hec,</span> <span class='ocrx_word' id='word_1_93' title='bbox 661 820 766 858; x_wconf 89' lang='lat' dir='ltr'>prout</span> <span class='ocrx_word' id='word_1_94' title='bbox 783 828 888 858; x_wconf 85' lang='lat' dir='ltr'>supra</span> <span class='ocrx_word' id='word_1_95' title='bbox 904 813 1116 856; x_wconf 84' lang='lat' dir='ltr'>scribuntur,</span> <span class='ocrx_word' id='word_1_96' title='bbox 1134 818 1246 856; x_wconf 85' lang='lat' dir='ltr'>Anno,</span> <span class='ocrx_word' id='word_1_97' title='bbox 1264 818 1475 856; x_wconf 87' lang='lat' dir='ltr'>Indiccione‚</span> <span class='ocrx_word' id='word_1_98' title='bbox 1493 818 1715 857; x_wconf 83' lang='lat' dir='ltr'>Pontificatu,</span> <span class='ocrx_word' id='word_1_99' title='bbox 1728 829 1859 858; x_wconf 77' lang='lat' dir='ltr'>mense,</span> 
     </span>
     <span class='ocr_line' id='line_1_15' title="bbox 470 862 1858 903; baseline 0.001 -10"><span class='ocrx_word' id='word_1_100' title='bbox 470 862 536 901; x_wconf 85' lang='lat' dir='ltr'>die,</span> <span class='ocrx_word' id='word_1_101' title='bbox 553 865 589 893; x_wconf 88' lang='lat' dir='ltr'>et</span> <span class='ocrx_word' id='word_1_102' title='bbox 606 863 681 893; x_wconf 89' lang='grc'><strong>1000</strong></span> <span class='ocrx_word' id='word_1_103' title='bbox 705 862 893 903; x_wconf 82' lang='lat' dir='ltr'>predictis3</span> <span class='ocrx_word' id='word_1_104' title='bbox 918 862 1140 902; x_wconf 77' lang='lat' dir='ltr'>presentibus</span> <span class='ocrx_word' id='word_1_105' title='bbox 1163 865 1257 900; x_wconf 88' lang='lat' dir='ltr'>tunc,</span> <span class='ocrx_word' id='word_1_106' title='bbox 1282 862 1422 902; x_wconf 87' lang='lat' dir='ltr'>ibidem,</span> <span class='ocrx_word' id='word_1_107' title='bbox 1447 863 1708 895; x_wconf 82' lang='lat' dir='ltr'>honorabilibus</span> <span class='ocrx_word' id='word_1_108' title='bbox 1730 866 1767 895; x_wconf 83' lang='lat' dir='ltr'>et</span> <span class='ocrx_word' id='word_1_109' title='bbox 1790 863 1858 895; x_wconf 81' lang='lat' dir='ltr'>dis-</span> 
     </span>
     <span class='ocr_line' id='line_1_16' title="bbox 470 907 1858 949; baseline 0.001 -12"><span class='ocrx_word' id='word_1_110' title='bbox 470 907 575 938; x_wconf 88' lang='lat' dir='ltr'>cretis</span> <span class='ocrx_word' id='word_1_111' title='bbox 603 907 697 945; x_wconf 87' lang='lat' dir='ltr'>viris,</span> <span class='ocrx_word' id='word_1_112' title='bbox 727 907 906 947; x_wconf 83' lang='lat' dir='ltr'>Magistris</span> <span class='ocrx_word' id='word_1_113' title='bbox 930 907 1104 938; x_wconf 90' lang='lat' dir='ltr'>Willelmo</span> <span class='ocrx_word' id='word_1_114' title='bbox 1128 907 1226 938; x_wconf 89' lang='lat' dir='ltr'>Piers</span> <span class='ocrx_word' id='word_1_115' title='bbox 1250 910 1286 937; x_wconf 89' lang='lat' dir='ltr'>et</span> <span class='ocrx_word' id='word_1_116' title='bbox 1314 907 1451 947; x_wconf 82' lang='lat' dir='ltr'>Rogero</span> <span class='ocrx_word' id='word_1_117' title='bbox 1475 907 1583 948; x_wconf 81' lang='lat' dir='ltr'>Payn,</span> <span class='ocrx_word' id='word_1_118' title='bbox 1610 907 1700 949; x_wconf 82' lang='lat' dir='ltr'>juris</span> <span class='ocrx_word' id='word_1_119' title='bbox 1723 907 1858 948; x_wconf 85' lang='lat' dir='ltr'>peritis,</span> 
     </span>
     <span class='ocr_line' id='line_1_17' title="bbox 470 951 1856 991; baseline 0.002 -10"><span class='ocrx_word' id='word_1_120' title='bbox 470 952 691 983; x_wconf 79' lang='lat' dir='ltr'>Auctoritate</span> <span class='ocrx_word' id='word_1_121' title='bbox 716 951 918 991; x_wconf 86' lang='lat' dir='ltr'>Apostolica</span> <span class='ocrx_word' id='word_1_122' title='bbox 943 951 1100 982; x_wconf 81' lang='lat' dir='ltr'>Notariis</span> <span class='ocrx_word' id='word_1_123' title='bbox 1127 951 1290 989; x_wconf 89' lang='lat' dir='ltr'>Publicis,</span> <span class='ocrx_word' id='word_1_124' title='bbox 1316 961 1357 982; x_wconf 87' lang='lat' dir='ltr'>ac</span> <span class='ocrx_word' id='word_1_125' title='bbox 1382 952 1533 982; x_wconf 84' lang='lat' dir='ltr'>Domino</span> <span class='ocrx_word' id='word_1_126' title='bbox 1559 952 1719 983; x_wconf 82' lang='lat' dir='ltr'>Johanne</span> <span class='ocrx_word' id='word_1_127' title='bbox 1743 952 1856 984; x_wconf 64' lang='grc' dir='ltr'><strong>1111Πο-</strong></span> 
     </span>
     <span class='ocr_line' id='line_1_18' title="bbox 469 995 1856 1036; baseline 0.002 -11"><span class='ocrx_word' id='word_1_128' title='bbox 469 996 580 1036; x_wconf 83' lang='lat' dir='ltr'>wyke,</span> <span class='ocrx_word' id='word_1_129' title='bbox 599 996 746 1027; x_wconf 78' lang='lat' dir='ltr'>Rectore</span> <span class='ocrx_word' id='word_1_130' title='bbox 764 996 917 1026; x_wconf 88' lang='lat' dir='ltr'>Ecclesie</span> <span class='ocrx_word' id='word_1_131' title='bbox 935 995 1149 1026; x_wconf 84' lang='lat' dir='ltr'>Parochialis</span> <span class='ocrx_word' id='word_1_132' title='bbox 1168 996 1210 1026; x_wconf 91' lang='lat' dir='ltr'>de</span> <span class='ocrx_word' id='word_1_133' title='bbox 1236 996 1402 1034; x_wconf 86' lang='lat' dir='ltr'>Mersshe,</span> <span class='ocrx_word' id='word_1_134' title='bbox 1421 996 1674 1028; x_wconf 85' lang='lat' dir='ltr'>Linoolniensis</span> <span class='ocrx_word' id='word_1_135' title='bbox 1690 996 1856 1036; x_wconf 85' lang='lat' dir='ltr'>Diocesis,</span> 
     </span>
     <span class='ocr_line' id='line_1_19' title="bbox 469 1040 1856 1079; baseline 0.001 -8"><span class='ocrx_word' id='word_1_136' title='bbox 469 1043 504 1071; x_wconf 88' lang='lat' dir='ltr'>et</span> <span class='ocrx_word' id='word_1_137' title='bbox 525 1041 686 1071; x_wconf 71' lang='grc'><strong>«1011811110</strong></span> <span class='ocrx_word' id='word_1_138' title='bbox 708 1040 869 1078; x_wconf 88' lang='lat' dir='ltr'>Vincent,</span> <span class='ocrx_word' id='word_1_139' title='bbox 894 1040 1029 1078; x_wconf 88' lang='lat' dir='ltr'>clerico,</span> <span class='ocrx_word' id='word_1_140' title='bbox 1054 1040 1146 1071; x_wconf 88' lang='lat' dir='ltr'>dicte</span> <span class='ocrx_word' id='word_1_141' title='bbox 1171 1040 1424 1071; x_wconf 86' lang='lat' dir='ltr'>Lincolniensis</span> <span class='ocrx_word' id='word_1_142' title='bbox 1448 1041 1614 1079; x_wconf 84' lang='lat' dir='ltr'>Diocesis‚</span> <span class='ocrx_word' id='word_1_143' title='bbox 1638 1041 1789 1072; x_wconf 88' lang='lat' dir='ltr'>testibus</span> <span class='ocrx_word' id='word_1_144' title='bbox 1811 1041 1856 1073; x_wconf 78' lang='lat' dir='ltr'>ad</span> 
     </span>
     <span class='ocr_line' id='line_1_20' title="bbox 467 1084 1212 1125; baseline 0 -10"><span class='ocrx_word' id='word_1_145' title='bbox 467 1095 509 1124; x_wconf 81' lang='lat' dir='ltr'>pi</span> <span class='ocrx_word' id='word_1_146' title='bbox 510 1085 640 1116; x_wconf 84' lang='lat' dir='ltr'>emissa</span> <span class='ocrx_word' id='word_1_147' title='bbox 654 1085 788 1116; x_wconf 85' lang='lat' dir='ltr'>vocatis</span> <span class='ocrx_word' id='word_1_148' title='bbox 804 1084 1002 1125; x_wconf 79' lang='lat' dir='ltr'>specialiter</span> <span class='ocrx_word' id='word_1_149' title='bbox 1017 1086 1053 1116; x_wconf 87' lang='lat' dir='ltr'>et</span> <span class='ocrx_word' id='word_1_150' title='bbox 1069 1085 1212 1124; x_wconf 86' lang='lat' dir='ltr'>rogatis.</span> 
     </span>
    </p>
   </div>
   <div class='ocr_carea' id='block_1_5' title="bbox 312 1125 1858 1168">
    <p class='ocr_par' dir='ltr' id='par_1_5' title="bbox 312 1125 1858 1168">
     <span class='ocr_line' id='line_1_21' title="bbox 312 1125 1858 1168; baseline 0.001 -9"><span class='ocrx_word' id='word_1_151' title='bbox 312 1125 413 1152; x_wconf 86' lang='lat' dir='ltr'>Procu-</span> <span class='ocrx_word' id='word_1_152' title='bbox 425 1130 539 1168; x_wconf 78' lang='lat' dir='ltr'>Tenor,</span> <span class='ocrx_word' id='word_1_153' title='bbox 556 1139 641 1168; x_wconf 72' lang='grc' dir='ltr'><strong>τωο,</strong></span> <span class='ocrx_word' id='word_1_154' title='bbox 658 1129 817 1159; x_wconf 72' lang='lat' dir='ltr'>Mandati</span> <span class='ocrx_word' id='word_1_155' title='bbox 833 1129 1062 1160; x_wconf 71' lang='lat' dir='ltr'>P1·ociw··ato›ii</span> <span class='ocrx_word' id='word_1_156' title='bbox 1086 1129 1125 1159; x_wconf 81' lang='lat' dir='ltr'>de</span> <span class='ocrx_word' id='word_1_157' title='bbox 1150 1139 1213 1167; x_wconf 80' lang='lat' dir='ltr'>quo</span> <span class='ocrx_word' id='word_1_158' title='bbox 1237 1139 1342 1168; x_wconf 68' lang='lat' dir='ltr'>snpra</span> <span class='ocrx_word' id='word_1_159' title='bbox 1359 1129 1401 1168; x_wconf 81' lang='lat' dir='ltr'>fit</span> <span class='ocrx_word' id='word_1_160' title='bbox 1425 1129 1552 1160; x_wconf 76' lang='lat' dir='ltr'>mencio</span> <span class='ocrx_word' id='word_1_161' title='bbox 1577 1129 1767 1161; x_wconf 75' lang='lat' dir='ltr'>dinoscitur</span> <span class='ocrx_word' id='word_1_162' title='bbox 1788 1140 1858 1161; x_wconf 68' lang='lat' dir='ltr'>esse</span> 
     </span>
    </p>
   </div>
   <div class='ocr_carea' id='block_1_6' title="bbox 310 1165 407 1219">
    <p class='ocr_par' dir='ltr' id='par_1_6' title="bbox 310 1165 407 1219">
     <span class='ocr_line' id='line_1_22' title="bbox 310 1165 407 1186; baseline 0.012 -1"><span class='ocrx_word' id='word_1_163' title='bbox 310 1165 407 1186; x_wconf 79' lang='lat' dir='ltr'>raton-</span> 
     </span>
     <span class='ocr_line' id='line_1_23' title="bbox 310 1202 357 1219; baseline 0 0"><span class='ocrx_word' id='word_1_164' title='bbox 310 1202 328 1219; x_wconf 86' lang='lat' dir='ltr'>u</span> <span class='ocrx_word' id='word_1_165' title='bbox 333 1202 357 1219; x_wconf 82' lang='lat' dir='ltr'>m</span> 
     </span>
    </p>
   </div>
   <div class='ocr_carea' id='block_1_7' title="bbox 308 1260 420 1460">
    <p class='ocr_par' dir='ltr' id='par_1_7' title="bbox 308 1260 404 1460">
     <span class='ocr_line' id='line_1_24' title="bbox 310 1260 387 1294; baseline -0.013 -7"><span class='ocrx_word' id='word_1_166' title='bbox 310 1260 387 1294; x_wconf 88' lang='lat' dir='ltr'>scopi</span> 
     </span>
     <span class='ocr_line' id='line_1_25' title="bbox 311 1293 420 1321; baseline -0.011 0"><span class='ocrx_word' id='word_1_167' title='bbox 311 1293 420 1321; x_wconf 82' lang='lat' dir='ltr'>Exoni-</span> 
     </span>
     <span class='ocr_line' id='line_1_26' title="bbox 310 1328 385 1354; baseline 0 0"><span class='ocrx_word' id='word_1_168' title='bbox 310 1328 385 1354; x_wconf 75' lang='lat' dir='ltr'>ensis</span> 
     </span>
     <span class='ocr_line' id='line_1_27' title="bbox 310 1364 386 1392; baseline 0.026 -6"><span class='ocrx_word' id='word_1_169' title='bbox 310 1364 348 1392; x_wconf 73' lang='lat' dir='ltr'>[in</span> <span class='ocrx_word' id='word_1_170' title='bbox 368 1371 386 1388; x_wconf 83' lang='lat' dir='ltr'><em>a</em></span> 
     </span>
     <span class='ocr_line' id='line_1_28' title="bbox 311 1398 380 1421; baseline 0 0"><span class='ocrx_word' id='word_1_171' title='bbox 311 1398 380 1421; x_wconf 75' lang='lat' dir='ltr'>Inter</span> 
     </span>
     <span class='ocr_line' id='line_1_29' title="bbox 308 1430 402 1460; baseline 0.011 -5"><span class='ocrx_word' id='word_1_172' title='bbox 308 1430 402 1460; x_wconf 78' lang='lat' dir='ltr'>hand).</span> 
     </span>
    </p>
   </div>
   <div class='ocr_carea' id='block_1_8' title="bbox 305 2637 441 2665">
    <p class='ocr_par' dir='ltr' id='par_1_8' title="bbox 305 2637 441 2665">
     <span class='ocr_line' id='line_1_30' title="bbox 305 2637 441 2665; baseline 0 -1"><span class='ocrx_word' id='word_1_173' title='bbox 305 2638 351 2665; x_wconf 62' lang='lat' dir='ltr'>fol.</span> <span class='ocrx_word' id='word_1_174' title='bbox 368 2637 441 2665; x_wconf 67' lang='lat'>13712.</span> 
     </span>
    </p>
   </div>
   <div class='ocr_carea' id='block_1_9' title="bbox 468 1173 601 1211">
    <p class='ocr_par' dir='ltr' id='par_1_9' title="bbox 468 1173 601 1211">
     <span class='ocr_line' id='line_1_31' title="bbox 468 1173 601 1211; baseline 0 -8"><span class='ocrx_word' id='word_1_175' title='bbox 468 1173 601 1211; x_wconf 74' lang='lat' dir='ltr'>tulis,-</span> 
     </span>
    </p>
   </div>
   <div class='ocr_carea' id='block_1_10' title="bbox 311 1218 1855 1260">
    <p class='ocr_par' dir='ltr' id='par_1_10' title="bbox 311 1218 1855 1260">
     <span class='ocr_line' id='line_1_32' title="bbox 311 1218 1855 1260; baseline 0.001 -11"><span class='ocrx_word' id='word_1_176' title='bbox 311 1226 378 1260; x_wconf 75' lang='lat' dir='ltr'>Epi-</span> <span class='ocrx_word' id='word_1_177' title='bbox 423 1218 465 1249; x_wconf 89' lang='grc' dir='ltr'>1Ν</span> <span class='ocrx_word' id='word_1_178' title='bbox 492 1219 561 1249; x_wconf 76' lang='lat' dir='ltr'>Dm</span> <span class='ocrx_word' id='word_1_179' title='bbox 587 1218 748 1255; x_wconf 65' lang='lat' dir='ltr'>Nouum,</span> <span class='ocrx_word' id='word_1_180' title='bbox 773 1218 893 1248; x_wconf 62' lang='lat' dir='ltr'>Amas.</span> <span class='ocrx_word' id='word_1_181' title='bbox 897 1218 1007 1249; x_wconf 88' lang='lat' dir='ltr'>--Per</span> <span class='ocrx_word' id='word_1_182' title='bbox 1029 1228 1173 1257; x_wconf 82' lang='lat' dir='ltr'>presens</span> <span class='ocrx_word' id='word_1_183' title='bbox 1198 1218 1380 1249; x_wconf 89' lang='lat' dir='ltr'>Publicum</span> <span class='ocrx_word' id='word_1_184' title='bbox 1404 1218 1687 1250; x_wconf 76' lang='lat' dir='ltr'>lustramentum</span> <span class='ocrx_word' id='word_1_185' title='bbox 1718 1219 1855 1250; x_wconf 85' lang='lat' dir='ltr'>cunctis</span> 
     </span>
    </p>
   </div>
   <div class='ocr_carea' id='block_1_11' title="bbox 456 1262 1866 2989">
    <p class='ocr_par' dir='ltr' id='par_1_11' title="bbox 458 1262 1866 2989">
     <span class='ocr_line' id='line_1_33' title="bbox 467 1262 1854 1303; baseline 0.001 -9"><span class='ocrx_word' id='word_1_186' title='bbox 467 1264 634 1303; x_wconf 79' lang='lat' dir='ltr'>appareat</span> <span class='ocrx_word' id='word_1_187' title='bbox 651 1262 833 1293; x_wconf 86' lang='lat' dir='ltr'>evidenter</span> <span class='ocrx_word' id='word_1_188' title='bbox 847 1262 949 1302; x_wconf 88' lang='lat' dir='ltr'>quod,</span> <span class='ocrx_word' id='word_1_189' title='bbox 966 1262 1069 1292; x_wconf 89' lang='lat' dir='ltr'>Anno</span> <span class='ocrx_word' id='word_1_190' title='bbox 1085 1262 1129 1292; x_wconf 85' lang='lat' dir='ltr'>ab</span> <span class='ocrx_word' id='word_1_191' title='bbox 1146 1262 1395 1293; x_wconf 79' lang='lat' dir='ltr'>Incarnacione</span> <span class='ocrx_word' id='word_1_192' title='bbox 1412 1262 1552 1293; x_wconf 88' lang='lat' dir='ltr'>Domini</span> <span class='ocrx_word' id='word_1_193' title='bbox 1569 1263 1762 1294; x_wconf 89' lang='lat' dir='ltr'>secundum</span> <span class='ocrx_word' id='word_1_194' title='bbox 1777 1272 1854 1295; x_wconf 86' lang='lat' dir='ltr'>cur-</span> 
     </span>
     <span class='ocr_line' id='line_1_34' title="bbox 466 1306 1854 1348; baseline 0.001 -10"><span class='ocrx_word' id='word_1_195' title='bbox 466 1318 543 1347; x_wconf 79' lang='lat' dir='ltr'>sum</span> <span class='ocrx_word' id='word_1_196' title='bbox 560 1309 596 1338; x_wconf 91' lang='lat' dir='ltr'>et</span> <span class='ocrx_word' id='word_1_197' title='bbox 612 1307 914 1346; x_wconf 82' lang='lat' dir='ltr'>computacionem</span> <span class='ocrx_word' id='word_1_198' title='bbox 939 1306 1093 1337; x_wconf 84' lang='lat' dir='ltr'>Ecclesie</span> <span class='ocrx_word' id='word_1_199' title='bbox 1117 1306 1321 1346; x_wconf 83' lang='lat' dir='ltr'>Anglicane,</span> <span class='ocrx_word' id='word_1_200' title='bbox 1347 1307 1410 1338; x_wconf 74' lang='grc' dir='ltr'>ΜΟ.</span> <span class='ocrx_word' id='word_1_201' title='bbox 1428 1306 1560 1338; x_wconf 77' lang='lat' dir='ltr'>CCCm⁰</span> <span class='ocrx_word' id='word_1_202' title='bbox 1576 1307 1703 1338; x_wconf 79' lang='lat' dir='ltr'>lxxx¹¹¹⁰</span> <span class='ocrx_word' id='word_1_203' title='bbox 1718 1310 1854 1348; x_wconf 79' lang='lat' dir='ltr'>quarto,</span> 
     </span>
     <span class='ocr_line' id='line_1_35' title="bbox 466 1351 1854 1391; baseline 0.001 -9"><span class='ocrx_word' id='word_1_204' title='bbox 466 1352 667 1382; x_wconf 87' lang='lat' dir='ltr'>Indiccione</span> <span class='ocrx_word' id='word_1_205' title='bbox 692 1351 851 1391; x_wconf 85' lang='lat' dir='ltr'>septima,</span> <span class='ocrx_word' id='word_1_206' title='bbox 870 1351 1100 1382; x_wconf 84' lang='lat' dir='ltr'>Pontificatus</span> <span class='ocrx_word' id='word_1_207' title='bbox 1124 1351 1344 1382; x_wconf 87' lang='lat' dir='ltr'>Sanctissimi</span> <span class='ocrx_word' id='word_1_208' title='bbox 1367 1351 1403 1381; x_wconf 91' lang='lat' dir='ltr'>in</span> <span class='ocrx_word' id='word_1_209' title='bbox 1428 1351 1569 1382; x_wconf 85' lang='lat' dir='ltr'>Christo</span> <span class='ocrx_word' id='word_1_210' title='bbox 1594 1351 1711 1383; x_wconf 79' lang='lat' dir='ltr'>Patris</span> <span class='ocrx_word' id='word_1_211' title='bbox 1727 1354 1764 1383; x_wconf 87' lang='lat' dir='ltr'>et</span> <span class='ocrx_word' id='word_1_212' title='bbox 1787 1352 1854 1384; x_wconf 93' lang='lat' dir='ltr'>Do-</span> 
     </span>
     <span class='ocr_line' id='line_1_36' title="bbox 468 1395 1855 1436; baseline 0.001 -10"><span class='ocrx_word' id='word_1_213' title='bbox 468 1396 553 1427; x_wconf 85' lang='lat' dir='ltr'>mini</span> <span class='ocrx_word' id='word_1_214' title='bbox 570 1396 692 1434; x_wconf 81' lang='lat' dir='ltr'>nostri,</span> <span class='ocrx_word' id='word_1_215' title='bbox 710 1396 850 1426; x_wconf 89' lang='lat' dir='ltr'>Domini</span> <span class='ocrx_word' id='word_1_216' title='bbox 867 1395 1013 1434; x_wconf 81' lang='lat' dir='ltr'>Urbani,</span> <span class='ocrx_word' id='word_1_217' title='bbox 1031 1395 1159 1426; x_wconf 85' lang='lat' dir='ltr'>Divina</span> <span class='ocrx_word' id='word_1_218' title='bbox 1175 1395 1403 1426; x_wconf 85' lang='lat' dir='ltr'>Providencia</span> <span class='ocrx_word' id='word_1_219' title='bbox 1420 1395 1513 1436; x_wconf 84' lang='lat' dir='ltr'>Pape</span> <span class='ocrx_word' id='word_1_220' title='bbox 1531 1395 1638 1435; x_wconf 86' lang='lat' dir='ltr'>Sexti,</span> <span class='ocrx_word' id='word_1_221' title='bbox 1654 1396 1758 1427; x_wconf 75' lang='lat' dir='ltr'>Almo</span> <span class='ocrx_word' id='word_1_222' title='bbox 1781 1406 1855 1428; x_wconf 84' lang='lat' dir='ltr'>sex-</span> 
     </span>
     <span class='ocr_line' id='line_1_37' title="bbox 468 1439 1857 1480; baseline 0.001 -9"><span class='ocrx_word' id='word_1_223' title='bbox 468 1444 514 1479; x_wconf 89' lang='lat' dir='ltr'>to,</span> <span class='ocrx_word' id='word_1_224' title='bbox 532 1440 664 1471; x_wconf 87' lang='lat' dir='ltr'>mensis</span> <span class='ocrx_word' id='word_1_225' title='bbox 679 1440 810 1480; x_wconf 88' lang='lat' dir='ltr'>Aprilis</span> <span class='ocrx_word' id='word_1_226' title='bbox 827 1440 883 1471; x_wconf 88' lang='lat' dir='ltr'>die</span> <span class='ocrx_word' id='word_1_227' title='bbox 900 1440 1020 1478; x_wconf 81' lang='lat' dir='ltr'>tercia,</span> <span class='ocrx_word' id='word_1_228' title='bbox 1037 1439 1074 1470; x_wconf 92' lang='lat' dir='ltr'>in</span> <span class='ocrx_word' id='word_1_229' title='bbox 1092 1440 1248 1471; x_wconf 87' lang='lat' dir='ltr'>Manerio</span> <span class='ocrx_word' id='word_1_230' title='bbox 1265 1439 1461 1471; x_wconf 82' lang='lat' dir='ltr'>Reverendi</span> <span class='ocrx_word' id='word_1_231' title='bbox 1476 1440 1514 1470; x_wconf 90' lang='lat' dir='ltr'>in</span> <span class='ocrx_word' id='word_1_232' title='bbox 1531 1439 1672 1471; x_wconf 86' lang='lat' dir='ltr'>Christo</span> <span class='ocrx_word' id='word_1_233' title='bbox 1688 1440 1805 1472; x_wconf 80' lang='lat' dir='ltr'>Patris</span> <span class='ocrx_word' id='word_1_234' title='bbox 1820 1443 1857 1472; x_wconf 86' lang='lat' dir='ltr'>et</span> 
     </span>
     <span class='ocr_line' id='line_1_38' title="bbox 467 1484 1855 1526; baseline 0.001 -11"><span class='ocrx_word' id='word_1_235' title='bbox 467 1485 617 1523; x_wconf 87' lang='lat' dir='ltr'>Domini,</span> <span class='ocrx_word' id='word_1_236' title='bbox 636 1484 776 1515; x_wconf 90' lang='lat' dir='ltr'>Domini</span> <span class='ocrx_word' id='word_1_237' title='bbox 793 1484 935 1523; x_wconf 90' lang='lat' dir='ltr'>Thome,</span> <span class='ocrx_word' id='word_1_238' title='bbox 954 1484 1016 1515; x_wconf 88' lang='lat' dir='ltr'>Dei</span> <span class='ocrx_word' id='word_1_239' title='bbox 1034 1484 1152 1524; x_wconf 68' lang='lat' dir='ltr'>gracia</span> <span class='ocrx_word' id='word_1_240' title='bbox 1168 1484 1376 1515; x_wconf 88' lang='lat' dir='ltr'>Exoniensis</span> <span class='ocrx_word' id='word_1_241' title='bbox 1389 1484 1561 1525; x_wconf 81' lang='lat' dir='ltr'>Episcopi,</span> <span class='ocrx_word' id='word_1_242' title='bbox 1579 1484 1622 1516; x_wconf 88' lang='lat' dir='ltr'>de</span> <span class='ocrx_word' id='word_1_243' title='bbox 1639 1485 1749 1526; x_wconf 87' lang='lat' dir='ltr'>Clyst,</span> <span class='ocrx_word' id='word_1_244' title='bbox 1759 1485 1855 1517; x_wconf 89' lang='lat' dir='ltr'>idem</span> 
     </span>
     <span class='ocr_line' id='line_1_39' title="bbox 468 1528 1854 1569; baseline 0.001 -9"><span class='ocrx_word' id='word_1_245' title='bbox 468 1529 692 1561; x_wconf 71' lang='lat' dir='ltr'>Rcvercndus</span> <span class='ocrx_word' id='word_1_246' title='bbox 709 1529 824 1567; x_wconf 85' lang='lat' dir='ltr'>Pater,</span> <span class='ocrx_word' id='word_1_247' title='bbox 849 1529 1041 1569; x_wconf 80' lang='lat' dir='ltr'>Episcopus</span> <span class='ocrx_word' id='word_1_248' title='bbox 1064 1528 1253 1569; x_wconf 86' lang='lat' dir='ltr'>predictus,</span> <span class='ocrx_word' id='word_1_249' title='bbox 1277 1529 1315 1559; x_wconf 92' lang='lat' dir='ltr'>in</span> <span class='ocrx_word' id='word_1_250' title='bbox 1336 1528 1405 1560; x_wconf 89' lang='lat' dir='ltr'>mei</span> <span class='ocrx_word' id='word_1_251' title='bbox 1429 1529 1461 1559; x_wconf 89' lang='lat' dir='ltr'>N</span> <span class='ocrx_word' id='word_1_252' title='bbox 1464 1529 1567 1560; x_wconf 82' lang='lat' dir='ltr'>otarii</span> <span class='ocrx_word' id='word_1_253' title='bbox 1583 1529 1719 1560; x_wconf 84' lang='lat' dir='ltr'>Publici</span> <span class='ocrx_word' id='word_1_254' title='bbox 1733 1532 1771 1561; x_wconf 89' lang='lat' dir='ltr'>et</span> <span class='ocrx_word' id='word_1_255' title='bbox 1786 1532 1854 1562; x_wconf 76' lang='lat' dir='ltr'>tes-</span> 
     </span>
     <span class='ocr_line' id='line_1_40' title="bbox 464 1573 1855 1613; baseline 0.001 -8"><span class='ocrx_word' id='word_1_256' title='bbox 464 1575 553 1605; x_wconf 84' lang='lat' dir='ltr'>tium</span> <span class='ocrx_word' id='word_1_257' title='bbox 572 1574 848 1613; x_wconf 84' lang='lat' dir='ltr'>subscriptorum</span> <span class='ocrx_word' id='word_1_258' title='bbox 865 1573 1047 1613; x_wconf 83' lang='lat' dir='ltr'>presencia</span> <span class='ocrx_word' id='word_1_259' title='bbox 1062 1573 1294 1613; x_wconf 79' lang='lat' dir='ltr'>personaliter</span> <span class='ocrx_word' id='word_1_260' title='bbox 1317 1573 1541 1611; x_wconf 73' lang='lat' dir='ltr'>constitutus,</span> <span class='ocrx_word' id='word_1_261' title='bbox 1558 1573 1704 1605; x_wconf 85' lang='lat' dir='ltr'>dilectos</span> <span class='ocrx_word' id='word_1_262' title='bbox 1727 1573 1794 1605; x_wconf 91' lang='lat' dir='ltr'>sibi</span> <span class='ocrx_word' id='word_1_263' title='bbox 1817 1574 1855 1606; x_wconf 85' lang='lat' dir='ltr'>in</span> 
     </span>
     <span class='ocr_line' id='line_1_41' title="bbox 466 1617 1854 1658; baseline 0.001 -9"><span class='ocrx_word' id='word_1_264' title='bbox 466 1619 607 1650; x_wconf 79' lang='lat' dir='ltr'>Christo</span> <span class='ocrx_word' id='word_1_265' title='bbox 631 1618 820 1658; x_wconf 77' lang='lat' dir='ltr'>Magistros</span> <span class='ocrx_word' id='word_1_266' title='bbox 837 1618 1049 1648; x_wconf 85' lang='lat' dir='ltr'>Willelmum</span> <span class='ocrx_word' id='word_1_267' title='bbox 1074 1617 1230 1656; x_wconf 86' lang='lat' dir='ltr'>Colt0ne‚</span> <span class='ocrx_word' id='word_1_268' title='bbox 1255 1617 1297 1648; x_wconf 88' lang='lat' dir='ltr'>de</span> <span class='ocrx_word' id='word_1_269' title='bbox 1322 1617 1443 1655; x_wconf 87' lang='lat' dir='ltr'>Lcdes,</span> <span class='ocrx_word' id='word_1_270' title='bbox 1462 1620 1498 1649; x_wconf 87' lang='lat' dir='ltr'>ct</span> <span class='ocrx_word' id='word_1_271' title='bbox 1523 1618 1699 1658; x_wconf 78' lang='lat' dir='ltr'>Rogeruln</span> <span class='ocrx_word' id='word_1_272' title='bbox 1722 1618 1854 1658; x_wconf 79' lang='lat' dir='ltr'>Hunte,</span> 
     </span>
     <span class='ocr_line' id='line_1_42' title="bbox 465 1661 1852 1702; baseline 0 -8"><span class='ocrx_word' id='word_1_273' title='bbox 465 1663 619 1701; x_wconf 84' lang='grc'><strong>01011008,</strong></span> <span class='ocrx_word' id='word_1_274' title='bbox 644 1662 873 1693; x_wconf 69' lang='lat' dir='ltr'>Eboracensis</span> <span class='ocrx_word' id='word_1_275' title='bbox 897 1662 1062 1700; x_wconf 88' lang='lat' dir='ltr'>Diocesis,</span> <span class='ocrx_word' id='word_1_276' title='bbox 1086 1661 1308 1693; x_wconf 86' lang='lat' dir='ltr'>Auctoritate</span> <span class='ocrx_word' id='word_1_277' title='bbox 1332 1662 1534 1702; x_wconf 81' lang='lat' dir='ltr'>Apostolica</span> <span class='ocrx_word' id='word_1_278' title='bbox 1556 1662 1721 1694; x_wconf 79' lang='lat' dir='ltr'>Notarius</span> <span class='ocrx_word' id='word_1_279' title='bbox 1737 1662 1852 1694; x_wconf 89' lang='lat' dir='ltr'>Publi-</span> 
     </span>
     <span class='ocr_line' id='line_1_43' title="bbox 465 1706 1853 1748; baseline 0 -9"><span class='ocrx_word' id='word_1_280' title='bbox 465 1718 532 1746; x_wconf 86' lang='lat' dir='ltr'>cos,</span> <span class='ocrx_word' id='word_1_281' title='bbox 549 1707 766 1748; x_wconf 84' lang='lat' dir='ltr'>conjunctim</span> <span class='ocrx_word' id='word_1_282' title='bbox 790 1709 826 1738; x_wconf 90' lang='lat' dir='ltr'>ct</span> <span class='ocrx_word' id='word_1_283' title='bbox 851 1707 1000 1744; x_wconf 88' lang='lat' dir='ltr'>divisim,</span> <span class='ocrx_word' id='word_1_284' title='bbox 1024 1717 1065 1737; x_wconf 82' lang='lat' dir='ltr'>ac</span> <span class='ocrx_word' id='word_1_285' title='bbox 1087 1706 1280 1747; x_wconf 84' lang='lat' dir='ltr'>quemlibet</span> <span class='ocrx_word' id='word_1_286' title='bbox 1303 1716 1423 1737; x_wconf 88' lang='lat' dir='ltr'>eorum</span> <span class='ocrx_word' id='word_1_287' title='bbox 1447 1706 1483 1737; x_wconf 90' lang='lat' dir='ltr'>in</span> <span class='ocrx_word' id='word_1_288' title='bbox 1505 1706 1665 1745; x_wconf 90' lang='lat' dir='ltr'>solidum,</span> <span class='ocrx_word' id='word_1_289' title='bbox 1687 1707 1739 1738; x_wconf 84' lang='lat' dir='ltr'>ita</span> <span class='ocrx_word' id='word_1_290' title='bbox 1760 1707 1853 1748; x_wconf 90' lang='lat' dir='ltr'>quod</span> 
     </span>
     <span class='ocr_line' id='line_1_44' title="bbox 465 1750 1854 1792; baseline 0 -9"><span class='ocrx_word' id='word_1_291' title='bbox 465 1763 535 1783; x_wconf 90' lang='lat' dir='ltr'>non</span> <span class='ocrx_word' id='word_1_292' title='bbox 552 1752 597 1782; x_wconf 90' lang='lat' dir='ltr'>sit</span> <span class='ocrx_word' id='word_1_293' title='bbox 614 1751 738 1782; x_wconf 88' lang='lat' dir='ltr'>melior</span> <span class='ocrx_word' id='word_1_294' title='bbox 753 1751 910 1782; x_wconf 85' lang='lat' dir='ltr'>condicio</span> <span class='ocrx_word' id='word_1_295' title='bbox 926 1751 1139 1790; x_wconf 83' lang='lat' dir='ltr'>occupantis,</span> <span class='ocrx_word' id='word_1_296' title='bbox 1153 1753 1207 1781; x_wconf 91' lang='lat' dir='ltr'>set</span> <span class='ocrx_word' id='word_1_297' title='bbox 1222 1750 1314 1791; x_wconf 91' lang='lat' dir='ltr'>quod</span> <span class='ocrx_word' id='word_1_298' title='bbox 1330 1761 1421 1781; x_wconf 88' lang='lat' dir='ltr'>unus</span> <span class='ocrx_word' id='word_1_299' title='bbox 1436 1761 1557 1782; x_wconf 86' lang='lat' dir='ltr'>eorum</span> <span class='ocrx_word' id='word_1_300' title='bbox 1574 1751 1743 1792; x_wconf 87' lang='lat' dir='ltr'>inceperit</span> <span class='ocrx_word' id='word_1_301' title='bbox 1762 1752 1854 1783; x_wconf 81' lang='lat' dir='ltr'>alter</span> 
     </span>
     <span class='ocr_line' id='line_1_45' title="bbox 463 1795 1853 1837; baseline 0.001 -10"><span class='ocrx_word' id='word_1_302' title='bbox 463 1796 635 1837; x_wconf 79' lang='lat' dir='ltr'>prosequi,</span> <span class='ocrx_word' id='word_1_303' title='bbox 652 1795 806 1827; x_wconf 82' lang='lat' dir='ltr'>mediare</span> <span class='ocrx_word' id='word_1_304' title='bbox 822 1795 948 1834; x_wconf 80' lang='lat' dir='ltr'>valcat,</span> <span class='ocrx_word' id='word_1_305' title='bbox 965 1797 1001 1826; x_wconf 91' lang='lat' dir='ltr'>et</span> <span class='ocrx_word' id='word_1_306' title='bbox 1017 1795 1129 1834; x_wconf 87' lang='lat' dir='ltr'>finire,</span> <span class='ocrx_word' id='word_1_307' title='bbox 1140 1805 1221 1826; x_wconf 89' lang='lat' dir='ltr'>suos</span> <span class='ocrx_word' id='word_1_308' title='bbox 1238 1805 1338 1826; x_wconf 86' lang='lat' dir='ltr'>veros</span> <span class='ocrx_word' id='word_1_309' title='bbox 1353 1798 1389 1826; x_wconf 88' lang='lat' dir='ltr'>et</span> <span class='ocrx_word' id='word_1_310' title='bbox 1405 1795 1582 1835; x_wconf 81' lang='lat' dir='ltr'>legitimos</span> <span class='ocrx_word' id='word_1_311' title='bbox 1594 1795 1853 1835; x_wconf 78' lang='lat' dir='ltr'>Procuratores,</span> 
     </span>
     <span class='ocr_line' id='line_1_46' title="bbox 464 1839 1852 1880; baseline 0 -9"><span class='ocrx_word' id='word_1_312' title='bbox 464 1841 687 1880; x_wconf 81' lang='lat' dir='ltr'>negociorum</span> <span class='ocrx_word' id='word_1_313' title='bbox 706 1840 881 1878; x_wconf 81' lang='lat' dir='ltr'>Gestores,</span> <span class='ocrx_word' id='word_1_314' title='bbox 898 1843 934 1871; x_wconf 90' lang='lat' dir='ltr'>et</span> <span class='ocrx_word' id='word_1_315' title='bbox 950 1840 982 1870; x_wconf 90' lang='lat' dir='ltr'>N</span> <span class='ocrx_word' id='word_1_316' title='bbox 986 1840 1106 1870; x_wconf 85' lang='lat' dir='ltr'>uncios</span> <span class='ocrx_word' id='word_1_317' title='bbox 1122 1839 1299 1879; x_wconf 81' lang='lat' dir='ltr'>speciales,</span> <span class='ocrx_word' id='word_1_318' title='bbox 1316 1839 1407 1871; x_wconf 87' lang='lat' dir='ltr'>citra</span> <span class='ocrx_word' id='word_1_319' title='bbox 1426 1839 1688 1871; x_wconf 61' lang='lat' dir='ltr'>revocat-ionem</span> <span class='ocrx_word' id='word_1_320' title='bbox 1703 1840 1852 1871; x_wconf 86' lang='lat' dir='ltr'>aliorum</span> 
     </span>
     <span class='ocr_line' id='line_1_47' title="bbox 466 1884 1851 1924; baseline 0 -8"><span class='ocrx_word' id='word_1_321' title='bbox 466 1886 735 1916; x_wconf 80' lang='lat' dir='ltr'>Procuratorum</span> <span class='ocrx_word' id='word_1_322' title='bbox 753 1895 894 1915; x_wconf 84' lang='lat' dir='ltr'>suorum</span> <span class='ocrx_word' id='word_1_323' title='bbox 913 1894 975 1924; x_wconf 90' lang='lat' dir='ltr'>per</span> <span class='ocrx_word' id='word_1_324' title='bbox 991 1884 1105 1924; x_wconf 89' lang='lat' dir='ltr'>ipsum</span> <span class='ocrx_word' id='word_1_325' title='bbox 1122 1887 1228 1915; x_wconf 80' lang='lat' dir='ltr'>antea</span> <span class='ocrx_word' id='word_1_326' title='bbox 1243 1884 1527 1923; x_wconf 80' lang='lat' dir='ltr'>constitutorum,</span> <span class='ocrx_word' id='word_1_327' title='bbox 1552 1884 1738 1923; x_wconf 86' lang='lat' dir='ltr'>ordinavit,</span> <span class='ocrx_word' id='word_1_328' title='bbox 1754 1884 1851 1924; x_wconf 86' lang='lat' dir='ltr'>fecit,</span> 
     </span>
     <span class='ocr_line' id='line_1_48' title="bbox 464 1928 1852 1968; baseline 0 -7"><span class='ocrx_word' id='word_1_329' title='bbox 464 1933 500 1961; x_wconf 87' lang='lat' dir='ltr'>ct</span> <span class='ocrx_word' id='word_1_330' title='bbox 517 1929 711 1967; x_wconf 84' lang='lat' dir='ltr'>coustituit,</span> <span class='ocrx_word' id='word_1_331' title='bbox 729 1931 823 1967; x_wconf 85' lang='lat' dir='ltr'>tuuc,</span> <span class='ocrx_word' id='word_1_332' title='bbox 840 1929 980 1966; x_wconf 85' lang='lat' dir='ltr'>ibidem,</span> <span class='ocrx_word' id='word_1_333' title='bbox 998 1928 1163 1968; x_wconf 84' lang='lat' dir='ltr'>deditque</span> <span class='ocrx_word' id='word_1_334' title='bbox 1180 1931 1216 1959; x_wconf 86' lang='lat' dir='ltr'>et</span> <span class='ocrx_word' id='word_1_335' title='bbox 1232 1928 1405 1959; x_wconf 81' lang='lat' dir='ltr'>concessit</span> <span class='ocrx_word' id='word_1_336' title='bbox 1416 1928 1548 1959; x_wconf 87' lang='lat' dir='ltr'>eisdem</span> <span class='ocrx_word' id='word_1_337' title='bbox 1562 1928 1852 1961; x_wconf 82' lang='lat' dir='ltr'>Proeuratoribus</span> 
     </span>
     <span class='ocr_line' id='line_1_49' title="bbox 465 1972 1851 2014; baseline 0 -9"><span class='ocrx_word' id='word_1_338' title='bbox 465 1974 546 2012; x_wconf 89' lang='lat' dir='ltr'>suis,</span> <span class='ocrx_word' id='word_1_339' title='bbox 564 1976 599 2004; x_wconf 86' lang='lat' dir='ltr'>ct</span> <span class='ocrx_word' id='word_1_340' title='bbox 618 1973 755 2013; x_wconf 86' lang='lat' dir='ltr'>utrique</span> <span class='ocrx_word' id='word_1_341' title='bbox 771 1983 892 2003; x_wconf 86' lang='lat' dir='ltr'>eorum</span> <span class='ocrx_word' id='word_1_342' title='bbox 908 1983 972 2013; x_wconf 88' lang='lat' dir='ltr'>per</span> <span class='ocrx_word' id='word_1_343' title='bbox 988 1983 1034 2011; x_wconf 87' lang='lat' dir='ltr'>se,</span> <span class='ocrx_word' id='word_1_344' title='bbox 1053 1972 1190 2003; x_wconf 87' lang='lat' dir='ltr'>divisim</span> <span class='ocrx_word' id='word_1_345' title='bbox 1215 1975 1251 2004; x_wconf 87' lang='lat' dir='ltr'>ct</span> <span class='ocrx_word' id='word_1_346' title='bbox 1275 1973 1312 2003; x_wconf 88' lang='lat' dir='ltr'>iu</span> <span class='ocrx_word' id='word_1_347' title='bbox 1336 1972 1495 2011; x_wconf 86' lang='lat' dir='ltr'>solidum,</span> <span class='ocrx_word' id='word_1_348' title='bbox 1512 1975 1724 2013; x_wconf 84' lang='lat' dir='ltr'>potestatem</span> <span class='ocrx_word' id='word_1_349' title='bbox 1747 1983 1851 2014; x_wconf 80' lang='lat' dir='ltr'>gene-</span> 
     </span>
     <span class='ocr_line' id='line_1_50' title="bbox 463 2017 1852 2059; baseline 0 -10"><span class='ocrx_word' id='word_1_350' title='bbox 463 2019 571 2050; x_wconf 80' lang='lat' dir='ltr'>ralem</span> <span class='ocrx_word' id='word_1_351' title='bbox 589 2021 625 2048; x_wconf 88' lang='lat' dir='ltr'>ct</span> <span class='ocrx_word' id='word_1_352' title='bbox 643 2018 848 2048; x_wconf 84' lang='lat' dir='ltr'>Mandatum</span> <span class='ocrx_word' id='word_1_353' title='bbox 866 2017 1024 2057; x_wconf 82' lang='lat' dir='ltr'>speciale,</span> <span class='ocrx_word' id='word_1_354' title='bbox 1048 2027 1112 2057; x_wconf 85' lang='lat' dir='ltr'>pro</span> <span class='ocrx_word' id='word_1_355' title='bbox 1136 2027 1172 2048; x_wconf 86' lang='lat' dir='ltr'>se</span> <span class='ocrx_word' id='word_1_356' title='bbox 1196 2020 1231 2048; x_wconf 89' lang='lat' dir='ltr'>et</span> <span class='ocrx_word' id='word_1_357' title='bbox 1256 2017 1396 2048; x_wconf 87' lang='lat' dir='ltr'>nomine</span> <span class='ocrx_word' id='word_1_358' title='bbox 1419 2027 1492 2055; x_wconf 86' lang='lat' dir='ltr'>suo,</span> <span class='ocrx_word' id='word_1_359' title='bbox 1517 2017 1554 2048; x_wconf 89' lang='lat' dir='ltr'>in</span> <span class='ocrx_word' id='word_1_360' title='bbox 1577 2017 1852 2059; x_wconf 78' lang='lat' dir='ltr'>quibuscumque</span> 
     </span>
     <span class='ocr_line' id='line_1_51' title="bbox 464 2061 1850 2102; baseline 0 -8"><span class='ocrx_word' id='word_1_361' title='bbox 464 2063 588 2094; x_wconf 78' lang='lat' dir='ltr'>Causis</span> <span class='ocrx_word' id='word_1_362' title='bbox 615 2065 650 2093; x_wconf 88' lang='lat' dir='ltr'>ct</span> <span class='ocrx_word' id='word_1_363' title='bbox 678 2061 832 2102; x_wconf 84' lang='lat' dir='ltr'>negociis</span> <span class='ocrx_word' id='word_1_364' title='bbox 855 2062 969 2101; x_wconf 89' lang='lat' dir='ltr'>ipsum</span> <span class='ocrx_word' id='word_1_365' title='bbox 995 2061 1183 2092; x_wconf 87' lang='lat' dir='ltr'>Dominum</span> <span class='ocrx_word' id='word_1_366' title='bbox 1208 2061 1419 2101; x_wconf 84' lang='lat' dir='ltr'>Episcopum</span> <span class='ocrx_word' id='word_1_367' title='bbox 1442 2071 1483 2092; x_wconf 89' lang='lat' dir='ltr'>ac</span> <span class='ocrx_word' id='word_1_368' title='bbox 1507 2061 1725 2102; x_wconf 77' lang='lat' dir='ltr'>Dignitatem</span> <span class='ocrx_word' id='word_1_369' title='bbox 1749 2072 1850 2094; x_wconf 84' lang='lat' dir='ltr'>suam</span> 
     </span>
     <span class='ocr_line' id='line_1_52' title="bbox 465 2105 1848 2147; baseline 0 -9"><span class='ocrx_word' id='word_1_370' title='bbox 465 2107 716 2147; x_wconf 83' lang='lat' dir='ltr'>Episcopalem,</span> <span class='ocrx_word' id='word_1_371' title='bbox 735 2116 796 2137; x_wconf 88' lang='lat' dir='ltr'>seu</span> <span class='ocrx_word' id='word_1_372' title='bbox 813 2106 1005 2137; x_wconf 84' lang='lat' dir='ltr'>Ecclesiam</span> <span class='ocrx_word' id='word_1_373' title='bbox 1021 2116 1120 2136; x_wconf 83' lang='lat' dir='ltr'>suam</span> <span class='ocrx_word' id='word_1_374' title='bbox 1134 2105 1377 2143; x_wconf 85' lang='lat' dir='ltr'>Exoniensem,</span> <span class='ocrx_word' id='word_1_375' title='bbox 1390 2105 1690 2147; x_wconf 78' lang='lat' dir='ltr'>qualitercumque</span> <span class='ocrx_word' id='word_1_376' title='bbox 1704 2109 1848 2147; x_wconf 79' lang='lat' dir='ltr'>tangen-</span> 
     </span>
     <span class='ocr_line' id='line_1_53' title="bbox 465 2149 1849 2190; baseline 0 -8"><span class='ocrx_word' id='word_1_377' title='bbox 465 2152 569 2190; x_wconf 86' lang='lat' dir='ltr'>tibus,</span> <span class='ocrx_word' id='word_1_378' title='bbox 586 2151 692 2181; x_wconf 88' lang='lat' dir='ltr'>motis</span> <span class='ocrx_word' id='word_1_379' title='bbox 708 2161 770 2181; x_wconf 88' lang='lat' dir='ltr'>seu</span> <span class='ocrx_word' id='word_1_380' title='bbox 793 2150 984 2188; x_wconf 87' lang='lat' dir='ltr'>movendis,</span> <span class='ocrx_word' id='word_1_381' title='bbox 1002 2149 1213 2190; x_wconf 87' lang='lat' dir='ltr'>provocandi</span> <span class='ocrx_word' id='word_1_382' title='bbox 1237 2152 1273 2180; x_wconf 91' lang='lat' dir='ltr'>et</span> <span class='ocrx_word' id='word_1_383' title='bbox 1289 2150 1498 2189; x_wconf 87' lang='lat' dir='ltr'>appellandi,</span> <span class='ocrx_word' id='word_1_384' title='bbox 1516 2150 1790 2182; x_wconf 79' lang='lat' dir='ltr'>Provocaciones</span> <span class='ocrx_word' id='word_1_385' title='bbox 1811 2153 1849 2182; x_wconf 86' lang='lat' dir='ltr'>et</span> 
     </span>
     <span class='ocr_line' id='line_1_54' title="bbox 463 2194 1846 2236; baseline 0 -10"><span class='ocrx_word' id='word_1_386' title='bbox 463 2195 729 2236; x_wconf 79' lang='lat' dir='ltr'>Appellaciones</span> <span class='ocrx_word' id='word_1_387' title='bbox 744 2194 931 2226; x_wconf 89' lang='lat' dir='ltr'>intimandi</span> <span class='ocrx_word' id='word_1_388' title='bbox 948 2197 983 2225; x_wconf 89' lang='lat' dir='ltr'>et</span> <span class='ocrx_word' id='word_1_389' title='bbox 999 2194 1214 2232; x_wconf 79' lang='lat' dir='ltr'>notificandi,</span> <span class='ocrx_word' id='word_1_390' title='bbox 1231 2194 1418 2234; x_wconf 86' lang='lat' dir='ltr'>Apostolos</span> <span class='ocrx_word' id='word_1_391' title='bbox 1433 2194 1577 2235; x_wconf 86' lang='lat' dir='ltr'>petendi</span> <span class='ocrx_word' id='word_1_392' title='bbox 1593 2198 1629 2226; x_wconf 88' lang='lat' dir='ltr'>et</span> <span class='ocrx_word' id='word_1_393' title='bbox 1645 2194 1846 2236; x_wconf 83' lang='lat' dir='ltr'>reeipiendi,</span> 
     </span>
     <span class='ocr_line' id='line_1_55' title="bbox 461 2238 1848 2280; baseline 0 -9"><span class='ocrx_word' id='word_1_394' title='bbox 461 2252 501 2272; x_wconf 85' lang='lat' dir='ltr'>ac</span> <span class='ocrx_word' id='word_1_395' title='bbox 517 2239 696 2280; x_wconf 87' lang='lat' dir='ltr'>quodlibet</span> <span class='ocrx_word' id='word_1_396' title='bbox 713 2249 824 2279; x_wconf 85' lang='lat' dir='ltr'>genus</span> <span class='ocrx_word' id='word_1_397' title='bbox 840 2239 927 2270; x_wconf 89' lang='lat' dir='ltr'>liciti</span> <span class='ocrx_word' id='word_1_398' title='bbox 945 2238 1162 2270; x_wconf 84' lang='lat' dir='ltr'>Sacramenti</span> <span class='ocrx_word' id='word_1_399' title='bbox 1178 2238 1215 2269; x_wconf 90' lang='lat' dir='ltr'>in</span> <span class='ocrx_word' id='word_1_400' title='bbox 1231 2238 1385 2269; x_wconf 80' lang='lat' dir='ltr'>animam</span> <span class='ocrx_word' id='word_1_401' title='bbox 1402 2248 1500 2269; x_wconf 84' lang='lat' dir='ltr'>suam</span> <span class='ocrx_word' id='word_1_402' title='bbox 1525 2238 1717 2279; x_wconf 84' lang='lat' dir='ltr'>prestandi,</span> <span class='ocrx_word' id='word_1_403' title='bbox 1739 2239 1848 2271; x_wconf 80' lang='lat' dir='ltr'>alium</span> 
     </span>
     <span class='ocr_line' id='line_1_56' title="bbox 461 2283 1847 2324; baseline 0.001 -9"><span class='ocrx_word' id='word_1_404' title='bbox 461 2285 515 2316; x_wconf 86' lang='lat' dir='ltr'>vcl</span> <span class='ocrx_word' id='word_1_405' title='bbox 532 2284 619 2316; x_wconf 82' lang='lat' dir='ltr'>alios</span> <span class='ocrx_word' id='word_1_406' title='bbox 636 2284 901 2315; x_wconf 81' lang='lat' dir='ltr'>Procuratorem</span> <span class='ocrx_word' id='word_1_407' title='bbox 918 2283 974 2315; x_wconf 87' lang='lat' dir='ltr'>vel</span> <span class='ocrx_word' id='word_1_408' title='bbox 990 2283 1238 2314; x_wconf 80' lang='lat' dir='ltr'>Procuratores</span> <span class='ocrx_word' id='word_1_409' title='bbox 1261 2283 1336 2314; x_wconf 88' lang='lat' dir='ltr'>loc-o</span> <span class='ocrx_word' id='word_1_410' title='bbox 1359 2293 1480 2314; x_wconf 89' lang='lat' dir='ltr'>eorum</span> <span class='ocrx_word' id='word_1_411' title='bbox 1496 2286 1533 2314; x_wconf 89' lang='lat' dir='ltr'>et</span> <span class='ocrx_word' id='word_1_412' title='bbox 1547 2283 1703 2324; x_wconf 86' lang='lat' dir='ltr'>ipsorum</span> <span class='ocrx_word' id='word_1_413' title='bbox 1718 2283 1847 2316; x_wconf 83' lang='lat' dir='ltr'>utrius-</span> 
     </span>
     <span class='ocr_line' id='line_1_57' title="bbox 461 2327 1846 2369; baseline 0.001 -10"><span class='ocrx_word' id='word_1_414' title='bbox 461 2340 526 2369; x_wconf 86' lang='lat' dir='ltr'>que</span> <span class='ocrx_word' id='word_1_415' title='bbox 551 2328 798 2366; x_wconf 86' lang='lat' dir='ltr'>substituendi,</span> <span class='ocrx_word' id='word_1_416' title='bbox 823 2328 1034 2359; x_wconf 87' lang='lat' dir='ltr'>substitutos</span> <span class='ocrx_word' id='word_1_417' title='bbox 1057 2337 1118 2359; x_wconf 89' lang='lat' dir='ltr'>seu</span> <span class='ocrx_word' id='word_1_418' title='bbox 1142 2327 1405 2358; x_wconf 84' lang='lat' dir='ltr'>substituendos</span> <span class='ocrx_word' id='word_1_419' title='bbox 1428 2327 1624 2366; x_wconf 86' lang='lat' dir='ltr'>revocandi,</span> <span class='ocrx_word' id='word_1_420' title='bbox 1641 2327 1846 2360; x_wconf 85' lang='lat' dir='ltr'>Procurato-</span> 
     </span>
     <span class='ocr_line' id='line_1_58' title="bbox 461 2371 1846 2414; baseline 0 -10"><span class='ocrx_word' id='word_1_421' title='bbox 461 2374 577 2414; x_wconf 86' lang='lat' dir='ltr'>risque</span> <span class='ocrx_word' id='word_1_422' title='bbox 595 2373 754 2404; x_wconf 87' lang='lat' dir='ltr'>Officium</span> <span class='ocrx_word' id='word_1_423' title='bbox 779 2372 1030 2410; x_wconf 83' lang='lat' dir='ltr'>reassumendi,</span> <span class='ocrx_word' id='word_1_424' title='bbox 1046 2372 1211 2412; x_wconf 87' lang='lat' dir='ltr'>quociens</span> <span class='ocrx_word' id='word_1_425' title='bbox 1227 2374 1262 2402; x_wconf 88' lang='lat' dir='ltr'>et</span> <span class='ocrx_word' id='word_1_426' title='bbox 1279 2371 1418 2412; x_wconf 88' lang='lat' dir='ltr'>quando</span> <span class='ocrx_word' id='word_1_427' title='bbox 1439 2372 1506 2402; x_wconf 89' lang='lat' dir='ltr'>sibi</span> <span class='ocrx_word' id='word_1_428' title='bbox 1521 2372 1576 2403; x_wconf 83' lang='lat' dir='ltr'>vel</span> <span class='ocrx_word' id='word_1_429' title='bbox 1600 2382 1720 2403; x_wconf 79' lang='lat' dir='ltr'>eorum</span> <span class='ocrx_word' id='word_1_430' title='bbox 1743 2372 1846 2404; x_wconf 76' lang='lat' dir='ltr'>alteri</span> 
     </span>
     <span class='ocr_line' id='line_1_59' title="bbox 459 2415 1846 2456; baseline 0 -8"><span class='ocrx_word' id='word_1_431' title='bbox 459 2417 636 2448; x_wconf 84' lang='lat' dir='ltr'>videbitur</span> <span class='ocrx_word' id='word_1_432' title='bbox 659 2416 840 2456; x_wconf 83' lang='lat' dir='ltr'>expedire;</span> <span class='ocrx_word' id='word_1_433' title='bbox 865 2416 1050 2456; x_wconf 84' lang='lat' dir='ltr'>omniaque</span> <span class='ocrx_word' id='word_1_434' title='bbox 1073 2416 1142 2447; x_wconf 84' lang='lat' dir='ltr'>alia</span> <span class='ocrx_word' id='word_1_435' title='bbox 1165 2419 1201 2447; x_wconf 87' lang='lat' dir='ltr'>et</span> <span class='ocrx_word' id='word_1_436' title='bbox 1225 2416 1363 2455; x_wconf 79' lang='lat' dir='ltr'>singula</span> <span class='ocrx_word' id='word_1_437' title='bbox 1385 2415 1548 2454; x_wconf 79' lang='lat' dir='ltr'>faciendi,</span> <span class='ocrx_word' id='word_1_438' title='bbox 1571 2416 1786 2455; x_wconf 80' lang='lat' dir='ltr'>excercendi,</span> <span class='ocrx_word' id='word_1_439' title='bbox 1809 2418 1846 2448; x_wconf 83' lang='lat' dir='ltr'>et</span> 
     </span>
     <span class='ocr_line' id='line_1_60' title="bbox 460 2460 1847 2502; baseline -0.001 -9"><span class='ocrx_word' id='word_1_440' title='bbox 460 2461 666 2502; x_wconf 80' lang='lat' dir='ltr'>expediendi</span> <span class='ocrx_word' id='word_1_441' title='bbox 694 2471 760 2501; x_wconf 89' lang='lat' dir='ltr'>que</span> <span class='ocrx_word' id='word_1_442' title='bbox 784 2461 820 2491; x_wconf 91' lang='lat' dir='ltr'>in</span> <span class='ocrx_word' id='word_1_443' title='bbox 844 2460 1024 2501; x_wconf 88' lang='lat' dir='ltr'>premissis</span> <span class='ocrx_word' id='word_1_444' title='bbox 1047 2460 1102 2491; x_wconf 90' lang='lat' dir='ltr'>vel</span> <span class='ocrx_word' id='word_1_445' title='bbox 1126 2470 1245 2491; x_wconf 87' lang='lat' dir='ltr'>corum</span> <span class='ocrx_word' id='word_1_446' title='bbox 1269 2460 1385 2500; x_wconf 88' lang='lat' dir='ltr'>aliquo</span> <span class='ocrx_word' id='word_1_447' title='bbox 1407 2460 1603 2491; x_wconf 80' lang='lat' dir='ltr'>necessaria</span> <span class='ocrx_word' id='word_1_448' title='bbox 1626 2460 1760 2492; x_wconf 83' lang='lat' dir='ltr'>fuerint</span> <span class='ocrx_word' id='word_1_449' title='bbox 1784 2471 1847 2493; x_wconf 86' lang='lat' dir='ltr'>seu</span> 
     </span>
     <span class='ocr_line' id='line_1_61' title="bbox 459 2504 1846 2547; baseline 0 -11"><span class='ocrx_word' id='word_1_450' title='bbox 459 2505 719 2547; x_wconf 83' lang='lat' dir='ltr'>quomodolibet</span> <span class='ocrx_word' id='word_1_451' title='bbox 750 2511 932 2545; x_wconf 84' lang='lat' dir='ltr'>oportuna,</span> <span class='ocrx_word' id='word_1_452' title='bbox 965 2505 1076 2536; x_wconf 88' lang='lat' dir='ltr'>eciam</span> <span class='ocrx_word' id='word_1_453' title='bbox 1108 2505 1135 2535; x_wconf 89' lang='lat' dir='ltr'>si</span> <span class='ocrx_word' id='word_1_454' title='bbox 1166 2504 1202 2535; x_wconf 90' lang='lat' dir='ltr'>in</span> <span class='ocrx_word' id='word_1_455' title='bbox 1234 2514 1270 2535; x_wconf 88' lang='grc'>80</span> <span class='ocrx_word' id='word_1_456' title='bbox 1307 2505 1513 2535; x_wconf 80' lang='lat' dir='ltr'>Mandat-um</span> <span class='ocrx_word' id='word_1_457' title='bbox 1551 2505 1665 2545; x_wconf 81' lang='lat' dir='ltr'>magis</span> <span class='ocrx_word' id='word_1_458' title='bbox 1701 2505 1846 2545; x_wconf 81' lang='lat' dir='ltr'>exigant</span> 
     </span>
     <span class='ocr_line' id='line_1_62' title="bbox 461 2547 1866 2591; baseline 0 -10"><span class='ocrx_word' id='word_1_459' title='bbox 461 2550 620 2591; x_wconf 81' lang='lat' dir='ltr'>speciale.</span> <span class='ocrx_word' id='word_1_460' title='bbox 659 2550 727 2580; x_wconf 86' lang='lat' dir='ltr'>Pro</span> <span class='ocrx_word' id='word_1_461' title='bbox 753 2550 895 2587; x_wconf 86' lang='lat' dir='ltr'>eisdem,</span> <span class='ocrx_word' id='word_1_462' title='bbox 924 2559 1016 2587; x_wconf 88' lang='lat' dir='ltr'>vcro,</span> <span class='ocrx_word' id='word_1_463' title='bbox 1042 2549 1330 2580; x_wconf 84' lang='lat' dir='ltr'>Procuratoribus</span> <span class='ocrx_word' id='word_1_464' title='bbox 1354 2549 1426 2580; x_wconf 89' lang='lat' dir='ltr'>suis</span> <span class='ocrx_word' id='word_1_465' title='bbox 1449 2551 1485 2580; x_wconf 87' lang='lat' dir='ltr'>et</span> <span class='ocrx_word' id='word_1_466' title='bbox 1508 2559 1629 2580; x_wconf 83' lang='lat' dir='ltr'>eorum</span> <span class='ocrx_word' id='word_1_467' title='bbox 1660 2549 1782 2588; x_wconf 83' lang='lat' dir='ltr'>altero,</span> <span class='ocrx_word' id='word_1_468' title='bbox 1805 2547 1866 2581; x_wconf 68' lang='grc' dir='ltr'>ω’</span> 
     </span>
     <span class='ocr_line' id='line_1_63' title="bbox 461 2593 1846 2632; baseline -0.001 -7"><span class='ocrx_word' id='word_1_469' title='bbox 461 2595 653 2626; x_wconf 82' lang='lat' dir='ltr'>substituto</span> <span class='ocrx_word' id='word_1_470' title='bbox 677 2596 712 2624; x_wconf 88' lang='lat' dir='ltr'>ct</span> <span class='ocrx_word' id='word_1_471' title='bbox 736 2594 937 2624; x_wconf 85' lang='lat' dir='ltr'>substitutis</span> <span class='ocrx_word' id='word_1_472' title='bbox 961 2594 1005 2624; x_wconf 88' lang='lat' dir='ltr'>ab</span> <span class='ocrx_word' id='word_1_473' title='bbox 1029 2593 1160 2624; x_wconf 86' lang='lat' dir='ltr'>eisdem</span> <span class='ocrx_word' id='word_1_474' title='bbox 1184 2593 1239 2624; x_wconf 86' lang='lat' dir='ltr'>vel</span> <span class='ocrx_word' id='word_1_475' title='bbox 1263 2603 1384 2624; x_wconf 89' lang='lat' dir='ltr'>eorum</span> <span class='ocrx_word' id='word_1_476' title='bbox 1407 2593 1529 2632; x_wconf 85' lang='lat' dir='ltr'>altero,</span> <span class='ocrx_word' id='word_1_477' title='bbox 1553 2593 1646 2624; x_wconf 87' lang='lat' dir='ltr'>idem</span> <span class='ocrx_word' id='word_1_478' title='bbox 1674 2593 1846 2625; x_wconf 85' lang='lat' dir='ltr'>Dominus</span> 
     </span>
     <span class='ocr_line' id='line_1_64' title="bbox 463 2637 1845 2679; baseline -0.001 -9"><span class='ocrx_word' id='word_1_479' title='bbox 463 2639 655 2679; x_wconf 86' lang='lat' dir='ltr'>Episcopus</span> <span class='ocrx_word' id='word_1_480' title='bbox 672 2638 789 2676; x_wconf 87' lang='lat' dir='ltr'>michi,</span> <span class='ocrx_word' id='word_1_481' title='bbox 807 2638 837 2668; x_wconf 87' lang='lat' dir='ltr'>N</span> <span class='ocrx_word' id='word_1_482' title='bbox 841 2638 952 2668; x_wconf 80' lang='lat' dir='ltr'>otario</span> <span class='ocrx_word' id='word_1_483' title='bbox 969 2637 1112 2668; x_wconf 81' lang='lat' dir='ltr'>Publice</span> <span class='ocrx_word' id='word_1_484' title='bbox 1128 2637 1363 2677; x_wconf 81' lang='lat' dir='ltr'>infrascripto,</span> <span class='ocrx_word' id='word_1_485' title='bbox 1380 2638 1521 2669; x_wconf 87' lang='lat' dir='ltr'>nomine</span> <span class='ocrx_word' id='word_1_486' title='bbox 1537 2640 1573 2668; x_wconf 88' lang='lat' dir='ltr'>et</span> <span class='ocrx_word' id='word_1_487' title='bbox 1589 2637 1664 2668; x_wconf 87' lang='lat' dir='ltr'>vice</span> <span class='ocrx_word' id='word_1_488' title='bbox 1687 2637 1845 2669; x_wconf 86' lang='lat' dir='ltr'>omnium</span> 
     </span>
     <span class='ocr_line' id='line_1_65' title="bbox 458 2681 1844 2723; baseline -0.001 -9"><span class='ocrx_word' id='word_1_489' title='bbox 458 2693 605 2723; x_wconf 86' lang='lat' dir='ltr'>quorum</span> <span class='ocrx_word' id='word_1_490' title='bbox 621 2682 769 2713; x_wconf 85' lang='lat' dir='ltr'>interest</span> <span class='ocrx_word' id='word_1_491' title='bbox 785 2682 840 2713; x_wconf 86' lang='lat' dir='ltr'>vel</span> <span class='ocrx_word' id='word_1_492' title='bbox 856 2682 1024 2712; x_wconf 87' lang='lat' dir='ltr'>iuteresse</span> <span class='ocrx_word' id='word_1_493' title='bbox 1045 2681 1185 2722; x_wconf 85' lang='lat' dir='ltr'>poterit,</span> <span class='ocrx_word' id='word_1_494' title='bbox 1203 2681 1430 2722; x_wconf 86' lang='lat' dir='ltr'>solempniter</span> <span class='ocrx_word' id='word_1_495' title='bbox 1453 2681 1647 2722; x_wconf 81' lang='lat' dir='ltr'>stipulanti,</span> <span class='ocrx_word' id='word_1_496' title='bbox 1663 2691 1700 2713; x_wconf 83' lang='lat' dir='ltr'>se</span> <span class='ocrx_word' id='word_1_497' title='bbox 1716 2683 1844 2721; x_wconf 83' lang='lat' dir='ltr'>ratum,</span> 
     </span>
     <span class='ocr_line' id='line_1_66' title="bbox 459 2725 1843 2767; baseline 0 -9"><span class='ocrx_word' id='word_1_498' title='bbox 459 2738 501 2767; x_wconf 76' lang='lat' dir='ltr'>ri</span> <span class='ocrx_word' id='word_1_499' title='bbox 502 2730 612 2764; x_wconf 80' lang='lat' dir='ltr'>atum</span> <span class='ocrx_word' id='word_1_500' title='bbox 629 2728 665 2757; x_wconf 83' lang='lat' dir='ltr'>et</span> <span class='ocrx_word' id='word_1_501' title='bbox 681 2727 821 2757; x_wconf 77' lang='lat' dir='ltr'>firmum</span> <span class='ocrx_word' id='word_1_502' title='bbox 838 2729 1008 2766; x_wconf 83' lang='lat' dir='ltr'>perpetuo</span> <span class='ocrx_word' id='word_1_503' title='bbox 1024 2725 1167 2756; x_wconf 78' lang='lat' dir='ltr'>habitur</span> <span class='ocrx_word' id='word_1_504' title='bbox 1170 2736 1227 2756; x_wconf 88' lang='lat' dir='ltr'>um</span> <span class='ocrx_word' id='word_1_505' title='bbox 1244 2726 1408 2766; x_wconf 84' lang='lat' dir='ltr'>quicquid</span> <span class='ocrx_word' id='word_1_506' title='bbox 1425 2725 1511 2756; x_wconf 85' lang='lat' dir='ltr'>dicti</span> <span class='ocrx_word' id='word_1_507' title='bbox 1528 2726 1776 2757; x_wconf 81' lang='lat' dir='ltr'>Procuratores</span> <span class='ocrx_word' id='word_1_508' title='bbox 1788 2725 1843 2758; x_wconf 77' lang='lat' dir='ltr'>sui</span> 
     </span>
     <span class='ocr_line' id='line_1_67' title="bbox 459 2770 1843 2810; baseline -0.001 -7.993"><span class='ocrx_word' id='word_1_509' title='bbox 459 2774 519 2802; x_wconf 73' lang='lat' dir='ltr'>uut</span> <span class='ocrx_word' id='word_1_510' title='bbox 536 2781 655 2802; x_wconf 84' lang='grc'><strong>00111111</strong></span> <span class='ocrx_word' id='word_1_511' title='bbox 681 2770 779 2808; x_wconf 80' lang='lat' dir='ltr'>alter,</span> <span class='ocrx_word' id='word_1_512' title='bbox 805 2780 865 2801; x_wconf 88' lang='grc'><strong>8011</strong></span> <span class='ocrx_word' id='word_1_513' title='bbox 890 2770 1104 2801; x_wconf 83' lang='lat' dir='ltr'>substitutus</span> <span class='ocrx_word' id='word_1_514' title='bbox 1128 2770 1181 2800; x_wconf 86' lang='grc'>101</span> <span class='ocrx_word' id='word_1_515' title='bbox 1206 2770 1389 2800; x_wconf 88' lang='lat' dir='ltr'>substituti</span> <span class='ocrx_word' id='word_1_516' title='bbox 1406 2770 1450 2801; x_wconf 79' lang='lat' dir='ltr'>ab</span> <span class='ocrx_word' id='word_1_517' title='bbox 1466 2770 1597 2801; x_wconf 85' lang='lat' dir='ltr'>eisdem</span> <span class='ocrx_word' id='word_1_518' title='bbox 1612 2779 1674 2801; x_wconf 86' lang='lat' dir='ltr'>seu</span> <span class='ocrx_word' id='word_1_519' title='bbox 1688 2770 1843 2810; x_wconf 79' lang='lat' dir='ltr'>ipsorum</span> 
     </span>
     <span class='ocr_line' id='line_1_68' title="bbox 456 2814 1845 2855; baseline 0 -9"><span class='ocrx_word' id='word_1_520' title='bbox 456 2816 577 2851; x_wconf 42' lang='lat' dir='ltr'>:multem</span> <span class='ocrx_word' id='word_1_521' title='bbox 594 2815 743 2846; x_wconf 80' lang='lat' dir='ltr'>fecerint</span> <span class='ocrx_word' id='word_1_522' title='bbox 759 2824 819 2845; x_wconf 75' lang='grc'><strong>8111</strong></span> <span class='ocrx_word' id='word_1_523' title='bbox 837 2816 931 2846; x_wconf 60' lang='grc'><strong>11001</strong></span> <span class='ocrx_word' id='word_1_524' title='bbox 934 2815 960 2845; x_wconf 72' lang='lat' dir='ltr'>it</span> <span class='ocrx_word' id='word_1_525' title='bbox 976 2814 1012 2845; x_wconf 88' lang='lat' dir='ltr'>in</span> <span class='ocrx_word' id='word_1_526' title='bbox 1030 2814 1209 2854; x_wconf 84' lang='lat' dir='ltr'>premissis</span> <span class='ocrx_word' id='word_1_527' title='bbox 1232 2814 1402 2854; x_wconf 84' lang='lat' dir='ltr'>promisit,</span> <span class='ocrx_word' id='word_1_528' title='bbox 1419 2817 1454 2846; x_wconf 88' lang='lat' dir='ltr'>et</span> <span class='ocrx_word' id='word_1_529' title='bbox 1478 2814 1662 2846; x_wconf 81' lang='lat' dir='ltr'>cauciones</span> <span class='ocrx_word' id='word_1_530' title='bbox 1684 2814 1845 2855; x_wconf 83' lang='lat' dir='ltr'>exposuit</span> 
     </span>
     <span class='ocr_line' id='line_1_69' title="bbox 458 2858 1844 2899; baseline 0 -9"><span class='ocrx_word' id='word_1_531' title='bbox 458 2860 522 2890; x_wconf 77' lang='lat' dir='ltr'>sub</span> <span class='ocrx_word' id='word_1_532' title='bbox 545 2859 760 2899; x_wconf 79' lang='lat' dir='ltr'>obligacione</span> <span class='ocrx_word' id='word_1_533' title='bbox 785 2859 894 2890; x_wconf 84' lang='lat' dir='ltr'>bonor</span> <span class='ocrx_word' id='word_1_534' title='bbox 897 2869 955 2889; x_wconf 88' lang='grc'><strong>11111</strong></span> <span class='ocrx_word' id='word_1_535' title='bbox 979 2868 1061 2889; x_wconf 87' lang='grc'><strong>81101·</strong></span> <span class='ocrx_word' id='word_1_536' title='bbox 1064 2869 1121 2889; x_wconf 84' lang='grc'><strong>11111</strong></span> <span class='ocrx_word' id='word_1_537' title='bbox 1145 2866 1180 2889; x_wconf 82' lang='lat' dir='ltr'>ct</span> <span class='ocrx_word' id='word_1_538' title='bbox 1204 2868 1321 2889; x_wconf 84' lang='lat' dir='ltr'>rerum</span> <span class='ocrx_word' id='word_1_539' title='bbox 1345 2859 1500 2889; x_wconf 86' lang='lat' dir='ltr'>omnium</span> <span class='ocrx_word' id='word_1_540' title='bbox 1524 2858 1707 2899; x_wconf 19' lang='grc' dir='ltr'><strong>1Ἣροι11001ι</strong></span> <span class='ocrx_word' id='word_1_541' title='bbox 1711 2859 1844 2890; x_wconf 77' lang='lat' dir='ltr'>—Aeta</span> 
     </span>
     <span class='ocr_line' id='line_1_70' title="bbox 460 2898 1842 2942; baseline -0.001 -7"><span class='ocrx_word' id='word_1_542' title='bbox 460 2906 542 2935; x_wconf 84' lang='lat' dir='ltr'>sunt</span> <span class='ocrx_word' id='word_1_543' title='bbox 566 2903 630 2934; x_wconf 87' lang='lat' dir='ltr'>hec</span> <span class='ocrx_word' id='word_1_544' title='bbox 655 2904 767 2941; x_wconf 80' lang='lat' dir='ltr'>Anno,</span> <span class='ocrx_word' id='word_1_545' title='bbox 792 2902 1003 2941; x_wconf 78' lang='lat' dir='ltr'>Indiceione,</span> <span class='ocrx_word' id='word_1_546' title='bbox 1029 2902 1250 2940; x_wconf 68' lang='lat' dir='ltr'>Pontificum,</span> <span class='ocrx_word' id='word_1_547' title='bbox 1275 2913 1405 2940; x_wconf 84' lang='lat' dir='ltr'>mense,</span> <span class='ocrx_word' id='word_1_548' title='bbox 1423 2902 1489 2941; x_wconf 86' lang='lat' dir='ltr'>die,</span> <span class='ocrx_word' id='word_1_549' title='bbox 1506 2905 1541 2934; x_wconf 85' lang='lat' dir='ltr'>et</span> <span class='ocrx_word' id='word_1_550' title='bbox 1558 2902 1633 2934; x_wconf 84' lang='lat' dir='ltr'>loco</span> <span class='ocrx_word' id='word_1_551' title='bbox 1656 2898 1842 2942; x_wconf 80' lang='lat' dir='ltr'>predictis3</span> 
     </span>
     <span class='ocr_line' id='line_1_71' title="bbox 458 2945 1843 2989; baseline 0 -9"><span class='ocrx_word' id='word_1_552' title='bbox 458 2948 679 2989; x_wconf 74' lang='lat' dir='ltr'>pxeseutibus</span> <span class='ocrx_word' id='word_1_553' title='bbox 703 2947 864 2979; x_wconf 83' lang='lat' dir='ltr'>discretis</span> <span class='ocrx_word' id='word_1_554' title='bbox 894 2947 987 2986; x_wconf 89' lang='lat' dir='ltr'>viris,</span> <span class='ocrx_word' id='word_1_555' title='bbox 1018 2946 1176 2987; x_wconf 80' lang='lat' dir='ltr'>Magisti</span> <span class='ocrx_word' id='word_1_556' title='bbox 1167 2957 1197 2978; x_wconf 88' lang='grc'>18</span> <span class='ocrx_word' id='word_1_557' title='bbox 1222 2945 1357 2987; x_wconf 77' lang='lat' dir='ltr'>Rogero</span> <span class='ocrx_word' id='word_1_558' title='bbox 1389 2947 1496 2988; x_wconf 77' lang='lat' dir='ltr'>Payn,</span> <span class='ocrx_word' id='word_1_559' title='bbox 1530 2946 1683 2979; x_wconf 85' lang='lat' dir='ltr'>Ecclesie</span> <span class='ocrx_word' id='word_1_560' title='bbox 1715 2945 1843 2980; x_wconf 73' lang='lat' dir='ltr'>sancte</span> 
     </span>
    </p>
   </div>
   <div class='ocr_carea' id='block_1_12' title="bbox 1901 1623 1988 3256">
    <p class='ocr_par' dir='ltr' id='par_1_12' title="bbox 1901 1623 1988 3256">
     <span class='ocr_line' id='line_1_72' title="bbox 1901 1623 1988 3256; baseline 0 0"><span class='ocrx_word' id='word_1_561' title='bbox 1901 1623 1988 3256; x_wconf 95' lang='lat' dir='ltr'> </span> 
     </span>
    </p>
   </div>
  </div>
 </body>
</html>
