1988 3256
298 347 395 395 344

298 464 335 491 Α.
340 464 376 492 D.

299 498 375 526 1374.

302 532 363 559 Vol.
385 534 408 560 1.

300 599 349 627 sol.
359 602 401 629 54.

512 363 613 398 ΤΗΕ
647 364 892 400 REGISTER
926 365 986 399 oF
1020 364 1200 400 BISHOP
1233 365 1643 402 BRANTYNGHAM.

453 468 624 509 quillitate
649 469 748 502 letari
774 470 919 509 valeant,
943 470 1060 510 foveri,
1084 473 1120 503 et
1147 471 1344 504 conversari.
1391 471 1451 512 Ut,
1473 474 1600 511 autem,
1624 481 1681 503 eos
1702 474 1739 503 et
1760 470 1844 504 alios

454 512 581 545 Christi
605 513 719 545 fideles
742 517 875 545 nostros
898 514 1078 555 utriusque
1102 524 1203 546 sexus
1227 514 1381 547 subditos
1404 515 1448 547 ad
1473 515 1624 557 predicta
1651 514 1843 547 devocionis

452 565 553 596 opera
567 557 730 589 allectivis
746 557 1042 598 Indulgenciarum
1059 558 1256 590 muneribus
1279 559 1477 600 propensius
1492 559 1682 598 incitemus,
1700 557 1842 599 singulis

453 609 570 631 eorum
587 600 629 631 ad
645 601 735 632 viam
751 601 878 633 Salutis
890 601 1085 642 preparatis,
1099 602 1157 643 qui
1170 602 1278 634 dictas
1291 602 1407 634 Missas
1418 602 1599 642 audierint,
1614 602 1843 634 Processiones
1907 619 1910 623 ⁴

455 644 563 675 secuti
584 644 722 684 fuerint,
740 645 1005 685 Oracionemque
1028 645 1239 677 Dominicam
1261 656 1339 678 cum
1363 646 1576 678 Salutacione
1599 645 1751 678 Gloriose
1765 644 1840 677 Vir-

454 686 541 727 ginis
568 687 685 726 Marie,
711 688 898 720 Genetricis
921 688 994 728 Dei,
1020 689 1179 729 dixerint,
1206 689 1262 730 pia
1285 693 1408 727 mente,
1427 700 1489 731 pro
1515 689 1684 730 predictis,
1712 689 1754 720 de
1779 688 1841 720 Dei

456 711 709 771 Omnipotent'is
731 732 965 771 misericordia,
986 714 1188 764 'Beatissime
1210 736 1246 765 et
1269 733 1420 765 Gloriose
1438 733 1595 774 Virginis,
1623 732 1742 764 Matris
1765 732 1843 771 Sue,

455 784 584 806 necnon
609 775 789 806 Beatorum
811 775 906 807 Petri
928 779 964 807 et
987 776 1093 815 Pauli,
1117 776 1366 818 Apostolorum,
1391 777 1616 808 Patronorum
1638 779 1844 813 nostrorum,

456 818 685 860 Omniumque
712 819 914 850 Sanctorum
941 819 1071 851 meritis
1094 823 1130 852 et
1153 821 1307 861 precibus
1329 820 1545 859 confidentes,
1569 819 1726 851 omnibus
1748 818 1845 851 nobis

454 861 531 902 jure
547 862 731 894 Diocesano
746 862 918 904 subjectis,
934 866 970 895 et
985 863 1059 895 aliis
1074 874 1219 905 quorum
1246 864 1418 896 Diocesani
1441 863 1527 895 hanc
1549 866 1702 895 nostram
1724 862 1843 895 Indul-

455 905 608 945 genciam
638 909 749 937 ratam
778 906 962 938 habuerint
994 910 1030 938 et
1065 910 1248 948 acceptam,
1279 911 1315 939 et
1345 907 1649 949 quocienscumque
1683 906 1846 948 premissa

455 948 608 989 fecerint,
634 949 859 991 quadraginta
885 950 956 982 dies
982 950 1025 982 de
1049 951 1204 992 injuncta
1233 951 1281 983 eis
1309 951 1497 1001 penitencia
1523 950 1783 982 misericorditer
1807 949 1844 982 in

457 992 603 1024 Domino
629 993 829 1025 relaxamus.
877 994 1014 1026 Proviso
1038 995 1130 1036 quod
1155 995 1315 1045 premissa
1342 994 1464 1035 exequi
1490 994 1632 1026 sollicite
1658 993 1783 1026 curetis
1809 995 1846 1026 et

456 1035 629 1076 continue,
647 1036 752 1068 donec
766 1037 859 1068 aliud
874 1037 953 1069 inde
970 1037 1065 1069 vobis
1087 1038 1279 1070 dederimus
1301 1038 1336 1070 in
1359 1038 1539 1070 mandatis.
1587 1038 1694 1077 Diem,
1717 1041 1845 1076 autem,

457 1080 659 1121 recepcionis
675 1080 901 1119 Presencium,
920 1084 956 1113 et
972 1082 1179 1113 execucionis
1201 1092 1318 1114 earum
1340 1082 1494 1120 formam,
1511 1081 1616 1120 nobis,
1633 1081 1723 1113 infra
1738 1081 1845 1120 Quin-

457 1123 579 1154 denam
610 1126 687 1164 post
712 1124 852 1156 Festum
881 1104 997 1156 Sancti
1021 1125 1191 1157 Michaelis
1217 1126 1370 1166 proximo
1396 1125 1468 1167 jam
1487 1106 1662 1164 futurum,
1688 1124 1848 1156 intimare

457 1167 624 1199 studeatis
647 1177 708 1208 per
729 1171 859 1199 vestras
882 1171 1038 1209 patentes
1062 1169 1200 1207 Literas,
1225 1169 1389 1201 habentes
1411 1168 1503 1200 hunc
1525 1172 1688 1200 tenorem.
1691 1167 1848 1200 —Dated

456 1212 494 1241 at
510 1210 710 1252 Chudleigh,
727 1212 746 1243 9
764 1212 962 1252 September
963 1212 1116 1250 .,—Item
1130 1212 1313 1244 consimilia
1325 1212 1488 1244 Mandata
1499 1214 1702 1244 emanarunt
1715 1211 1849 1243 Decano

456 1254 603 1286 Ecclesie
627 1255 847 1294 Oathedralis,
863 1265 901 1286 ac
916 1255 1167 1288 Archidiaconis
1191 1257 1328 1296 Exonie,
1345 1256 1514 1296 Tottonie,
1530 1259 1566 1287 et
1586 1254 1848 1296 Barnastapolie,

457 1307 515 1329 seu
533 1308 651 1330 eorum
667 1295 881 1331 Officialibus.

417 1347 732 1398 Indulgence,—

415 1402 515 1442 Item,
541 1412 584 1443 ap
587 1402 633 1434 ud
663 1402 914 1443 Chuddeleghe,
942 1403 1068 1435 eisdem
1096 1403 1160 1441 die,
1187 1402 1269 1442 loco,
1299 1405 1335 1434 et
1364 1412 1462 1441 anno,
1495 1395 1661 1433 Dominus
1687 1400 1852 1433 concessit

459 1446 714 1487 Indulgenciam
729 1447 763 1477 xl
780 1446 911 1478 dierum
935 1446 1092 1478 omnibus
1115 1444 1325 1487 parochianis
1348 1446 1427 1484 suis,
1447 1448 1483 1478 et
1505 1445 1579 1477 aliis
1601 1455 1748 1486 quorum
1771 1444 1850 1476 Dio

458 1490 578 1529 cesani,
595 1493 658 1522 etc.
651 1514 670 1530 .,
687 1490 745 1531 qui
766 1500 828 1530 pro
850 1490 962 1522 anima
986 1490 1117 1528 Cecilie,
1134 1490 1305 1531 quondam
1330 1489 1444 1521 uxoris
1470 1489 1639 1530 Radulphi
1663 1488 1850 1530 Schillyng-

459 1533 564 1573 forde,
578 1543 616 1565 ac
631 1544 692 1574 pro
707 1533 884 1565 animabus
900 1534 1052 1565 omnium
1070 1533 1238 1565 Fidelium
1251 1533 1504 1572 defunctorum,
1523 1533 1717 1565 Oracionem
1735 1531 1851 1563 Domi-

460 1577 571 1608 nicam
602 1587 680 1608 cum
708 1577 922 1609 Salutacione
952 1577 1113 1618 Angelica
1144 1577 1294 1609 dixerint
1324 1574 1439 1608 mente
1469 1576 1551 1618 piag
1580 1576 1786 1608 ratificantes
1814 1578 1852 1608 et

460 1620 698 1653 confirmantes
714 1621 948 1661 Indulgencias
969 1631 989 1652 a
1004 1621 1276 1662 quibuscumque
1293 1620 1465 1661 Episcopis
1483 1619 1701 1660 Catholicis,
1691 1630 1725 1651 ιιι
1743 1629 1850 1661 quan-

460 1667 538 1696 tum
553 1674 573 1696 a
586 1664 663 1705 jure
679 1664 879 1705 permissum
896 1667 958 1704 est,
975 1665 1011 1696 in
1026 1665 1088 1696 hac
1103 1667 1201 1705 parte
1216 1674 1395 1696 concessas.

415 1718 600 1767 Ashton3
628 1718 941 1769 Sequestrum,—

416 1773 517 1812 Item,
534 1749 660 1805 eisdem
675 1773 729 1805 die
744 1776 781 1805 et
795 1773 876 1814 loco,
893 1773 1064 1805 emanavit
1081 1783 1188 1805 unum
1205 1773 1438 1815 Sequestrum,
1455 1783 1515 1814 per
1538 1771 1721 1804 Dominum
1745 1772 1849 1804 inter-

460 1817 610 1858 positum
634 1827 676 1848 ex
699 1817 815 1849 Officio
837 1822 992 1858 promoto
1015 1827 1075 1858 per
1097 1817 1263 1849 Jacobum
1286 1817 1329 1848 de
1352 1816 1602 1857 Chuddeleghe,
1625 1815 1850 1855 domicellum,

462 1861 596 1892 Decano
611 1860 653 1892 de
671 1861 859 1892 Donsforde
876 1864 912 1892 et
930 1861 1064 1892 Rectori
1088 1861 1234 1892 Ecclesie
1256 1861 1298 1892 de
1322 1861 1410 1902 Leye
1434 1858 1786 1900 [Doddisoombsleith
1808 1859 1853 1891 ad

463 1904 758 1945 sequestrandum,
774 1907 811 1936 et
836 1905 900 1936 sub
917 1904 1091 1945 Sequestri
1113 1904 1267 1936 custodia
1290 1904 1503 1942 servandum,
1519 1903 1604 1935 duas
1626 1907 1740 1944 partes
1762 1903 1852 1934 fruc·

458 1951 559 1979 tuum
575 1950 612 1980 et
627 1947 873 1979 obvencionum
897 1947 1043 1979 Ecclesie
1065 1947 1268 1979 Parochialis
1291 1947 1333 1979 de
1349 1947 1582 1986 Asschestone,
1598 1947 1641 1978 de
1666 1947 1852 1978 patronatu

464 1991 548 2023 dicti
563 1991 583 2022 J
587 1991 681 2022 acobi
696 2002 704 2030 3
728 2002 789 2032 pro
804 2002 843 2023 eo
859 1992 949 2032 quod
966 1991 1091 2023 Rector
1106 1991 1211 2031 ipsius
1232 1991 1373 2022 Ecclesie
1389 1991 1506 2022 domos
1530 1990 1684 2022 Rectoric
1706 1992 1743 2021 et
1765 1990 1851 2022 Can-

461 2035 584 2066 cellum
599 2035 707 2066 ruinis
722 2037 838 2075 patere
853 2038 889 2066 et
904 2034 1078 2076 subjacere
1092 2034 1266 2076 permittit
1279 2045 1288 2072 ;
1310 2034 1518 2066 duraturum
1540 2043 1716 2075 quousque
1738 2033 1852 2066 dict-us

464 2078 589 2110 Rector
603 2078 826 2110 sufficientem
842 2078 1035 2110 caucionem
1051 2078 1093 2109 de
1109 2077 1303 2118 reparando,
1321 2081 1400 2118 etc.‚
1418 2077 1563 2109 Domino
1582 2076 1782 2118 prestiterit.

621 2121 741 2163 [Space
755 2122 809 2153 for
823 2132 887 2153 one
903 2122 1015 2163 Entry
1033 2122 1066 2160 (2
1081 2120 1180 2163 lines)
1195 2131 1262 2153 was
1277 2121 1433 2153 reserved
1448 2120 1557 2161 here.]

421 2175 615 2214 Buckfast
635 2176 778 2226 Bridge
791 2189 802 2224 3
834 2175 1284 2226 Indulyencia—-Pontis
1303 2175 1591 2225 Bukfestvies-

422 2229 522 2269 Item,
548 2230 683 2270 ibidem,
700 2230 735 2271 xj
753 2230 807 2261 die
830 2230 955 2262 mensis
976 2230 1140 2271 ejusdem,
1161 2229 1327 2261 Dominus
1349 2229 1513 2261 concessit
1535 2229 1760 2271 quadraginta
1782 2227 1854 2260 dies

465 2273 686 2314 Indulgencie
700 2274 856 2305 omnibus
872 2273 1081 2315 parochianis
1096 2274 1175 2313 suis,
1191 2276 1227 2305 et
1242 2273 1316 2305 aliis
1332 2283 1478 2314 quorum
1501 2273 1687 2313 Diocesani,
1702 2275 1778 2311 etc„
1795 2271 1855 2313 qui

465 2317 510 2348 ad
531 2317 694 2349 fabricam
716 2327 775 2349 seu
798 2317 1073 2349 reformaciouem
1090 2317 1209 2349 Pontis
1226 2317 1428 2356 Bukfestde,
1445 2316 1545 2357 juxta
1560 2316 1684 2348 Villam
1699 2316 1742 2347 de
1765 2315 1855 2348 Buk-

467 2361 601 2402 fastley,
615 2361 832 2401 contulerint,
845 2361 1057 2400 donaverint,
1071 2371 1131 2392 seu
1142 2360 1248 2392 eciam
1262 2360 1508 2402 assignaverint
1523 2359 1673 2392 subsidia
1683 2359 1854 2399 caritatis3

466 2414 528 2446 per
541 2404 718 2436 biennium
732 2415 752 2436 a
767 2405 846 2436 data
862 2404 1078 2436 Presencium
1095 2404 1334 2436 tantummodo
1350 2404 1562 2435 duraturam.

422 2458 624 2497 Hartland
645 2459 787 2511 Abbey
799 2472 811 2507 ς
838 2459 868 2497 I
866 2459 1163 2510 mlulqeneia,—-

425 2512 525 2552 Item,
541 2512 679 2552 ibidem,
697 2515 734 2545 et
759 2513 876 2545 eodem
900 2513 964 2552 die,
981 2513 1147 2545 Dominus
1169 2511 1332 2544 concessit
1354 2511 1609 2553 Indulgenciam
1632 2510 1856 2553 quadraginta

469 2556 602 2588 dierum
618 2557 774 2588 omnibus
789 2556 997 2598 parochianis
1013 2556 1091 2596 suis,
1108 2559 1144 2588 et
1158 2556 1232 2588 aliis
1247 2566 1393 2597 quorum
1417 2555 1603 2595 Diocesani,
1620 2559 1696 2593 etc„
1712 2554 1773 2596 qui
1795 2564 1856 2595 pro

466 2600 581 2631 anima
602 2600 747 2632 Domine
769 2600 923 2632 Murielle
947 2600 1115 2642 Dynham,
1132 2599 1231 2641 cujus
1246 2609 1368 2640 corpus
1390 2599 1425 2630 in
1449 2598 1654 2631 Monasterio
1669 2597 1713 2629 de
1729 2598 1855 2639 Herty·

467 2643 568 2675 londe
589 2644 770 2685 requiescit
791 2644 983 2683 humatum,
1005 2654 1044 2675 ac
1066 2653 1127 2684 pro
1149 2642 1326 2674 animabus
1347 2642 1500 2674 omnium
1524 2641 1692 2674 Fidelium
1717 2641 1856 2673 defunc-

470 2687 796 2727 torum,0racionem
806 2687 1016 2719 Dominicam
1028 2697 1106 2718 cum
1118 2686 1331 2719 Salutacione
1341 2685 1500 2727 Angelica
1509 2685 1658 2717 dixerint
1668 2687 1782 2717 mente
1792 2684 1856 2726 pia.

424 2740 631 2788 Honiton3
663 2741 694 2780 I
691 2741 1115 2791 ndulqencza—Sancte
1133 2741 1424 2790 Maryarete,—

424 2794 524 2834 Item,
541 2795 679 2834 ibidem,
698 2795 766 2836 xvij
784 2795 839 2827 die
855 2795 979 2827 mensis
995 2795 1157 2837 ejusdem,
1175 2794 1341 2826 Dominus
1355 2793 1520 2826 concessit
1542 2793 1796 2844 Indulgcnciam
1811 2802 1858 2824 xx

468 2838 601 2870 dierum
618 2838 775 2870 omnibus
791 2839 999 2880 parochianis
1013 2839 1092 2878 suis,
1109 2841 1145 2870 et
1166 2837 1240 2870 aliis
1265 2847 1410 2879 quorum
1435 2837 1621 2877 Diocesmi,
1637 2840 1701 2868 etc.
1693 2859 1716 2876 .,
1732 2836 1791 2878 qui
1813 2835 1858 2868 ad

468 2882 756 2914 sustentacionem
779 2892 967 2923 pauperum
989 2882 1214 2923 Lepi-osorum
1241 2880 1426 2923 Hospitalis
1453 2880 1577 2913 Sancte
1604 2880 1794 2921 Margurete
1814 2879 1858 2911 de

467 2924 660 2966 Honytone,
679 2926 897 2965 contulerint,
914 2925 1124 2964 donaverint,
1141 2935 1201 2957 seu
1217 2924 1322 2957 eciam
1337 2924 1584 2965 assignaverint
1605 2923 1754 2955 subsidia
1774 2922 1856 2955 eari-

466 2967 570 3000 tatis·
561 2991 570 3007 ‚
594 2978 654 3009 per
670 2978 776 3001 unum
792 2979 921 3001 annum
937 2969 1146 3001 duraturam.
