1988 3256
530 343 702 378 nont,
739 343 957 378 LETTERS
991 343 1097 379 Am)
1130 343 1303 378 WRITS.
1594 333 1690 378 205

147 447 226 476 Α·Ῑ)-
301 453 479 492 potestate,
495 450 601 483 donec
617 461 671 483 eas
686 451 729 483 ad
751 461 813 484 nos
834 451 1032 484 duxerimus
1053 450 1266 482 revocandas.
1315 449 1375 489 Ut,
1392 452 1509 482 autem
1530 449 1693 491 premissa

148 481 226 542 {73³3
300 494 434 526 facilius
457 495 611 536 poteritis
633 495 827 536 adimplere,
851 494 1087 527 mandavimus
1110 494 1354 526 Archidiacono
1376 493 1429 525 vel
1452 493 1527 534 ejus
1551 493 1692 525 Officiali

150 549 192 576 11,
206 536 214 543 ⁸
303 539 495 579 Exoniensi,
522 539 685 580 quatinus
712 540 792 580 ipse,
821 543 990 581 quatenus
1013 538 1284 579 jurisdiccionem
1311 548 1407 569 suam
1431 537 1592 578 premissa
1613 547 1691 569 con·

302 585 457 622 cernunt,
480 583 523 614 de
546 583 699 624 quolibet
724 584 895 614 Decanatu
920 586 988 614 tres
1012 591 1168 632 personas
1190 581 1434 622 fidedigniores,
1458 581 1615 613 Rectores
1639 581 1692 612 vel

302 626 461 666 Vicarios,
477 626 592 667 eligat,
609 629 646 659 et
669 637 723 658 eas
739 627 940 658 auctoritate
962 629 1077 658 nostra
1097 625 1292 667 juramento
1308 625 1479 666 corporali,
1502 625 1545 656 ad
1569 625 1693 656 Sancta

303 669 368 701 Dei
385 651 565 711 Evaiigelia
578 670 794 712 corporaliter
806 670 956 712 prestito,
969 670 1134 710 astringat
1146 669 1262 710 quod'
1251 669 1316 710 ipsi
1329 669 1370 700 de
1382 668 1493 700 valore
1508 674 1543 700 et
1558 669 1691 700 estima-

305 714 399 745 cione
421 714 574 745 omnium
597 718 632 745 et
655 714 864 755 singulorum
889 713 1132 746 Beneficiorum
1158 713 1478 752 Ecclesiasticorum,
1497 715 1693 744 curatorum

306 760 342 789 et
362 767 430 789 non
453 760 658 797 curatorum,
673 761 867 790 taxatorum
891 761 926 789 et
947 768 1016 789 non
1035 759 1238 797 tantorum,
1263 756 1407 788 ubilibet
1427 756 1463 787 in
1487 756 1604 787 eodem
1628 756 1691 787 De-

305 804 427 832 canatu
444 801 677 841 existencium,
693 812 770 833 cum
794 802 886 833 omni
909 801 1126 833 festinacione
1149 811 1216 841 qua
1239 800 1373 841 poterit,
1391 800 1578 832 secundum
1601 800 1693 841 quod

307 845 483 886 quodlibet
505 845 674 877 dictorum
698 845 941 877 Beneficiorum
964 845 1063 884 valet,
1087 844 1139 876 vel
1163 847 1264 885 prout
1286 844 1328 875 ad
1357 844 1487 875 firmam
1514 843 1692 874 dimissum

307 889 423 928 fuerit,
441 889 534 920 omni
556 889 670 920 favore
693 892 729 921 et
751 889 827 920 odio
851 888 1053 930 postpositis,
1078 899 1136 929 per
1157 887 1390 929 juramentum
1415 887 1694 919 Beneficiatorum

307 933 490 964 eorundem
516 933 770 972 Beneficiorum,
787 932 840 964 vel
863 943 979 964 eorum
1003 932 1273 971 Procuratorum,
1290 942 1329 963 ac
1351 931 1424 962 aliis
1439 931 1501 962 viis
1526 934 1562 962 et
1584 931 1694 962 modis

307 976 432 1017 quibus
457 977 644 1008 secundum
666 987 782 1008 eorum
813 976 1052 1008 conscienciam
1082 975 1215 1007 fidelius
1241 975 1389 1016 poterint
1412 974 1596 1013 informari,
1619 974 1694 1006 dili-

307 1020 444 1060 gencius
458 1030 518 1052 vos
539 1020 734 1053 informent.
782 1020 927 1059 Eisdem,
943 1020 1090 1061 insuper,
1106 1019 1318 1061 injunximus
1340 1018 1474 1050 divisim
1498 1021 1538 1051 ut
1560 1018 1631 1060 ipse
1653 1018 1696 1050 de

308 1073 386 1094 vero
403 1063 513 1095 valore
528 1075 586 1095 seu
603 1063 818 1095 estimacione
833 1065 985 1095 omnium
1001 1067 1038 1095 et
1051 1063 1262 1104 singulorum
1281 1062 1524 1094 Beneficiorum
1541 1065 1693 1103 prenota-

309 1109 433 1146 torum,
449 1108 636 1139 secundum
653 1108 744 1148 quod
759 1107 960 1147 invenerint,
977 1117 1036 1139 vos
1059 1108 1141 1138 citra
1166 1106 1264 1138 Festa
1287 1106 1438 1147 predicta
1460 1106 1615 1147 superius
1638 1106 1693 1137 de-

308 1151 439 1192 signata
462 1151 620 1183 distincte
643 1155 678 1183 et-
700 1154 815 1192 aperte
836 1151 999 1183 certificet
1021 1150 1084 1182 sub
1100 1150 1220 1182 clausis
1244 1150 1367 1181 Literis
1389 1149 1552 1191 ejusdem.
1600 1150 1694 1181 Man-

310 1195 431 1226 damus
457 1205 498 1226 ex
524 1195 746 1234 habundanti,
770 1195 884 1234 eciam,
907 1195 1011 1234 vobis,
1036 1205 1078 1225 ex
1105 1198 1200 1235 parte
1230 1194 1365 1225 Domini
1391 1193 1498 1225 nostri
1524 1194 1632 1234 Regis,
1659 1197 1695 1225 et

310 1237 522 1280 injungimus
538 1239 679 1270 firmiter
694 1239 855 1279 quatinus
871 1238 972 1269 talem
984 1242 1019 1270 et
1034 1241 1167 1270 tantam
1183 1237 1393 1278 diligenciam
1405 1237 1592 1268 adhibeatis
1602 1237 1694 1279 quod

310 1281 346 1312 in
361 1282 515 1313 terminis
530 1282 684 1323 superius
699 1282 882 1323 designatis
897 1282 1006 1313 eidem
1023 1281 1168 1313 Domino
1183 1285 1299 1312 nostro
1317 1281 1398 1321 Regi
1412 1281 1542 1321 integre
1552 1281 1696 1312 satisfiat

310 1325 354 1357 de
369 1325 526 1358 Subsidio
541 1329 736 1364 memorate,
753 1336 805 1364 ne,
821 1326 912 1367 quod
928 1325 1026 1364 absit,
1046 1328 1184 1366 propter
1205 1325 1411 1356 retardatam
1433 1324 1637 1356 solucionem
1660 1327 1696 1356 et

310 1369 502 1410 serotinam,
518 1369 784 1409 indignacionem
800 1369 948 1410 Regiam,
965 1372 1077 1410 preter
1092 1368 1172 1400 alias
1187 1379 1290 1409 penas
1306 1368 1399 1399 vobis
1415 1368 1448 1399 in
1466 1372 1590 1400 eventu
1607 1367 1693 1400 infli-

309 1413 445 1452 gendas,
464 1413 653 1445 incurratis.
693 1414 743 1444 De
758 1413 822 1452 die,
839 1423 926 1451 vero,
941 1412 1142 1454 recepcionis
1159 1411 1386 1450 presencium,
1401 1415 1436 1443 et
1449 1412 1532 1452 quid
1548 1412 1694 1443 feceritis

309 1456 344 1487 in
362 1457 537 1496 premissis,
555 1467 626 1496 nos,
642 1457 726 1488 citra
743 1457 882 1488 Festum
900 1456 1142 1487 Translacionis
1157 1455 1273 1487 Sancti
1288 1455 1430 1494 Thome,
1444 1455 1603 1494 Martii-is,
1621 1466 1693 1497 pre-

310 1500 452 1540 dictum,
467 1500 626 1532 distincte
641 1503 675 1532 et
690 1503 815 1541 aperte,
833 1510 901 1532 una
915 1510 993 1531 cum
1016 1499 1210 1531 nominibus
1233 1502 1268 1531 et
1290 1499 1543 1540 cognominibus
1565 1499 1694 1530 solven-

311 1544 401 1575 cium
417 1547 452 1575 et
468 1555 535 1575 non
559 1544 774 1583 solvencium,
798 1554 836 1575 ac
858 1543 969 1575 valore
991 1543 1143 1575 omnium
1166 1545 1201 1574 et
1222 1543 1431 1584 singulorum
1453 1542 1695 1574 Beneficiorum

309 1587 393 1619 dicti
415 1587 715 1620 Archidiaconatus
737 1588 983 1627 estimatorum,
999 1587 1064 1619 sub
1079 1586 1198 1618 vestris
1214 1586 1334 1618 clausis
1349 1586 1481 1625 Litteris,
1499 1586 1612 1618 debite
1627 1596 1695 1618 cer-

309 1631 437 1663 tificare
451 1631 586 1663 curetis.

266 1673 320 1706 On
351 1675 410 1706 the
440 1685 531 1707 same
561 1675 627 1716 day
657 1675 784 1706 similar
808 1674 1047 1706 Commissions
1078 1684 1162 1705 were
1193 1673 1343 1705 directed
1373 1676 1410 1705 to
1440 1673 1501 1705 the
1524 1673 1638 1705 Abbat
1660 1674 1696 1705 of

309 1716 421 1758 Torre,
437 1719 498 1750 the
520 1719 635 1750 Abbat
657 1718 692 1750 of
715 1718 895 1758 Hartland,
913 1718 979 1750 and
1002 1717 1062 1749 the
1085 1717 1180 1749 Prior
1201 1717 1238 1749 of
1263 1717 1415 1756 Bodmin,
1433 1717 1485 1748 for
1507 1717 1567 1749 the
1590 1717 1693 1749 Arch-

308 1762 499 1794 deaconries
521 1763 556 1794 of
578 1762 714 1800 Totnes,
730 1762 938 1803 Barnstaple‚
961 1762 1025 1793 and
1053 1761 1219 1793 Cornwall
1241 1761 1460 1802 respectively
1479 1771 1488 1798 ;
1510 1762 1577 1792 and
1601 1761 1694 1792 Man-

307 1805 403 1837 dates
429 1816 515 1837 were
539 1809 616 1838 sent
645 1809 681 1837 to
711 1805 771 1837 the
802 1805 1035 1837 Archdeacons
1057 1805 1228 1846 severally,
1252 1804 1425 1846 requiring
1455 1805 1560 1844 them,
1588 1805 1696 1837 under

307 1859 418 1881 severe
435 1850 606 1890 penalties,
623 1853 660 1882 to
674 1850 749 1891 give
764 1849 829 1880 full
845 1849 912 1880 and
928 1849 1123 1880 immediate
1137 1848 1307 1880 attention
1325 1851 1360 1879 to
1375 1848 1446 1880 this
1461 1848 1625 1880 business.

153 1900 204 1961 {gl-
262 1901 434 1939 87.—Pro
459 1903 681 1935 Parliamento
705 1904 738 1942 (“
750 1904 841 1945 apud
864 1903 1212 1942 Westmonasterium,
1237 1902 1291 1933 die
1316 1902 1411 1934 Lune
1439 1902 1592 1943 proxima
1618 1905 1696 1944 post

190 1954 197 1961 ·
305 1947 445 1979 Festum
476 1948 593 1979 Sancti
624 1947 756 1979 Hillarii
786 1947 937 1988 proximo
967 1947 1126 1978 futurum
1139 1946 1183 1987 '').
1186 1946 1354 1978 —Tested
1382 1949 1419 1978 at
1446 1946 1695 1986 westminster,

304 1992 345 2023 20
361 1991 435 2024 Oct.
437 1991 669 2023 —Received
659 2001 695 2023 ιιι
712 1991 920 2030 London,14
937 1991 1022 2023 Nov.

151 2041 230 2070 A..D
259 2045 316 2082 88.
322 2046 434 2077 —Pro
457 2045 624 2086 Johanna,
649 2046 761 2078 relicta
787 2045 938 2078 Willelmi
970 2044 1077 2077 Watle.
1082 2045 1215 2077 —Cum
1242 2044 1400 2077 Johanna
1426 2055 1492 2086 que
1518 2045 1588 2077 fuit
1612 2055 1697 2077 uxor

153 2075 228 2137 ἔξω·
301 2089 461 2121 Willelmi
476 2090 593 2129 Walle,
610 2091 644 2122 in
662 2090 763 2122 Curia
779 2093 903 2129 nostra,
920 2092 993 2129 etc,
1011 2092 1153 2130 peteret,
1171 2098 1287 2121 versus
1304 2089 1493 2120 Walter-um
1510 2089 1644 2121 Graunt
1660 2092 1696 2121 et

303 2133 496 2166 Johannam
512 2144 651 2165 uxorem
666 2133 754 2175 ejus,
771 2133 910 2165 terciam
934 2136 1064 2174 partem
1080 2135 1227 2174 quatuor
1249 2142 1402 2164 acrarum
1424 2135 1524 2171 terre,
1547 2135 1695 2174 quatuor

306 2187 458 2209 acrarum
476 2178 573 2218 prati,
590 2181 625 2209 et
641 2177 791 2219 quinque
813 2177 1032 2208 solidatarum
1049 2179 1084 2207 et
1100 2178 1247 2217 quatuor
1268 2176 1507 2208 denaratarum
1529 2176 1693 2216 redditus,

304 2230 382 2252 cum
398 2221 623 2262 pertinenciis,
639 2221 674 2253 in
693 2221 930 2262 Chepyngtor)
934 2223 1014 2251 tone
1029 2218 1144 2261 [oreae
1161 2219 1395 2260 Torrinytorh
1418 2222 1464 2258 et,
1476 2230 1593 2251 versus
1608 2220 1692 2251 Wal-

306 2266 420 2296 terum
446 2265 562 2296 Broun
589 2268 625 2296 et
650 2264 842 2297 Johannam
867 2274 1007 2295 uxorem
1036 2263 1121 2304 ejus,
1146 2266 1182 2294 et
1210 2263 1411 2302 Johannem,
1437 2245 1544 2294 filium
1574 2274 1693 2295 eorun-

304 2307 382 2339 dem
403 2308 544 2340 Walteri
567 2311 602 2339 et
623 2308 789 2347 Johanne,
805 2308 943 2340 terciam
967 2310 1098 2348 partem
1121 2310 1196 2338 octo
1219 2317 1371 2338 acrarum
1395 2310 1493 2346 terre,
1518 2317 1596 2338 cum
1620 2317 1692 2347 per-

307 2351 471 2391 tinenciis,
494 2351 528 2383 in
552 2352 669 2383 eadem
695 2351 805 2390 villan
828 2355 872 2390 et,
896 2361 1012 2382 versus
1035 2350 1226 2382 Johannem
1252 2350 1525 2392 Parthymenter,
1551 2351 1691 2382 terciam

306 2398 437 2435 putem
476 2395 576 2427 unius
600 2395 760 2436 mesuagii
782 2398 818 2427 et
839 2395 986 2426 duarum
1008 2404 1160 2425 acrarum
1184 2398 1281 2433 terre,
1306 2404 1383 2424 cum
1406 2394 1634 2434 pertinenciis,
1658 2394 1694 2426 in

307 2438 423 2470 eadem
439 2438 538 2478 Villa,
565 2442 605 2470 ut
626 2439 743 2470 dotem
765 2449 872 2478 suam,
896 2449 938 2469 ex
961 2438 1136 2469 dotacione
1158 2436 1302 2478 predicti
1329 2437 1495 2475 Willelmi,
1519 2437 1692 2478 quondam

308 2481 373 2513 viri
388 2481 439 2512 sui
458 2491 467 2520 ;
482 2482 584 2514 iidem
602 2481 776 2514 Walterus
800 2483 932 2513 Graunt
948 2484 984 2512 et
999 2480 1155 2512 Johanna
1177 2491 1262 2511 uxor
1285 2479 1370 2521 ejus,
1387 2480 1556 2512 Walterus
1580 2481 1693 2512 Broun

307 2527 343 2556 et
357 2524 513 2557 Johanna
529 2536 615 2557 uxor
637 2525 722 2567 ejus,
739 2529 774 2557 et
788 2524 970 2564 Johannes,
995 2524 1085 2556 filius
1108 2524 1292 2555 eorundem
1318 2523 1456 2555 Walteri
1471 2527 1507 2556 et
1522 2524 1691 2564 Johanne,

309 2570 345 2599 et
359 2568 382 2600 J
384 2568 531 2600 ohannes
548 2569 809 2610 Parthymc-nter
824 2571 940 2610 postea
955 2568 1049 2599 venit
1063 2567 1097 2598 in
1114 2567 1231 2598 eadem
1250 2567 1351 2598 Curia
1373 2570 1498 2606 nostra,
1514 2570 1550 2598 et
1564 2578 1693 2609 separa-

309 2611 373 2642 tim
395 2611 557 2643 dixerunt
578 2613 670 2653 quod
691 2612 842 2653 predicta
864 2611 1020 2644 Johanna
1042 2621 1108 2652 que
1131 2610 1199 2641 fuit
1222 2620 1308 2642 uxor
1331 2610 1490 2642 Willelmi
1512 2612 1627 2642 dotem
1651 2611 1694 2642 de

311 2654 422 2686 terciis
438 2655 590 2696 partibus
605 2656 762 2695 predictis
778 2655 814 2687 in
829 2655 891 2687 hac
906 2658 1001 2696 parte
1024 2654 1146 2686 habere
1170 2663 1237 2684 non
1260 2653 1407 2693 deberet,
1431 2654 1511 2694 quia
1533 2655 1695 2686 dixerunt

311 2697 404 2739 quod
432 2698 548 2730 eadem
577 2698 734 2730 Johanna
757 2709 952 2740 nuncquam
974 2698 1044 2729 fuit
1066 2697 1197 2738 prefato
1219 2697 1388 2728 Willelmo
1412 2697 1518 2729 Walle
1539 2697 1693 2738 legitimo

311 2741 525 2773 matrimonio
542 2742 706 2783 copulata,
723 2745 758 2774 et
778 2742 864 2774 illud
888 2741 1132 2783 pretenderunt
1146 2740 1323 2772 verificare.
1368 2740 1423 2772 Ad
1438 2741 1529 2782 quod
1545 2741 1695 2782 predicta

311 2784 468 2816 Johanna
482 2795 548 2826 que
563 2785 632 2817 fuit
646 2796 730 2817 uxor
746 2785 914 2824 Willelmi,
931 2785 966 2816 in
982 2784 1098 2815 eadem
1123 2783 1224 2816 Curia
1246 2786 1370 2822 nostra,
1394 2784 1584 2824 replicando
1607 2785 1696 2817 dixit

312 2827 429 2869 quod
419 2838 430 2858 1
433 2838 492 2869 psa
513 2828 556 2859 ab
570 2828 703 2860 accione
718 2839 779 2860 sua
794 2810 927 2860 excludi
943 2838 1010 2859 non
1027 2826 1189 2858 deberet
1179 2837 1214 2858 ln
1231 2837 1269 2857 ea
1284 2831 1390 2868 parte,
1406 2827 1487 2868 qnia
1501 2828 1589 2859 dixit
1604 2829 1695 2870 quod

312 2871 427 2902 eadem
433 2839 622 2911 pJohanna,
646 2872 735 2913 apud
762 2872 1091 2913 Chepyngtorytone,
1115 2870 1150 2902 in
1175 2870 1322 2901 Ecclesia
1344 2871 1460 2902 Sancti
1482 2871 1603 2912 Egidii,
1627 2872 1697 2904 fuit

314 2914 444 2956 prefato
460 2914 627 2946 Willelmo
641 2915 793 2956 legitimo
815 2914 1030 2947 matrimonio
1052 2913 1219 2954 copulata,
1237 2916 1272 2945 et
1287 2913 1373 2946 illud
1395 2915 1566 2955 pretendit
1589 2915 1695 2947 verifi-

313 2968 388 2990 care
402 2957 462 2989 ubi
476 2960 512 2989 et
526 2958 871 3000 quando.1‹3t,quia
885 2957 1083 2999 hujusmodi
1099 2957 1207 2989 Cause
1221 2957 1368 2998 cognicio
1383 2957 1426 2989 ad
1441 2958 1554 2990 forum
1566 2962 1698 3000 spectat

315 3001 596 3041 Ecclesiasticum,
611 3001 705 3034 vobis
720 3002 922 3034 mandamus
936 3000 1037 3044 quod,
1053 2999 1243 3032 convocatis
1252 3010 1363 3033 coram
1376 3001 1491 3033 vobis
1481 3012 1516 3033 ιιι
1528 3002 1590 3034 hac
1602 3005 1698 3044 parte
