1988 3256
166 451 191 477 A
197 451 245 478 .D.

170 484 276 513 1874-5.

173 519 235 546 Vol.
250 519 275 548 Ι.

506 352 798 388 REGISTRUM
823 352 1041 388 COMMUN
1049 353 1283 388 s-ANNO
1311 345 1372 389 5⁰.
1612 344 1706 389 355

322 458 364 488 ut
378 456 564 489 notorietas
579 455 662 488 facti
677 456 874 489 manifestat
888 458 924 488 et
939 455 1088 488 declarat
1102 466 1113 495 ς
1135 458 1295 497 pretextu
1312 455 1411 497 cujus
1433 456 1626 498 injeccionis
1640 457 1709 489 vio-

322 499 422 540 lente,
439 499 683 532 vulneracionis
698 500 854 537 enormis,
877 510 916 532 ac
937 499 1100 541 sacrilegii
1121 500 1168 531 sic
1189 500 1321 532 notorie
1343 500 1522 539 commissi,
1538 500 1709 542 prefatum

322 543 519 583 Robertum,
544 544 705 584 premissa
727 544 1009 582 committentem,
1032 553 1162 575 necnon
1183 554 1221 575 ea
1243 543 1315 575 fieri
1338 544 1546 584 mandantes,
1572 555 1611 576 ac
1633 555 1708 577 con-

320 587 443 627 silium,
467 587 641 627 auxilium,
664 587 718 619 vel
739 587 887 619 favorem
911 587 1032 619 dantes
1054 587 1097 619 ud
1119 587 1245 626 eadem,
1270 586 1407 628 Majoris
1432 588 1708 621 Excommunica-

321 631 424 662 cionis
447 631 650 668 Sentencias.
668 641 687 662 a
710 631 845 663 Canone
867 629 906 663 Si
921 630 1008 672 quis,
1025 630 1180 662 suadente
1200 629 1345 672 dyabolo,
1362 630 1447 662 etin
1470 631 1543 663 aliis
1566 632 1708 664 Canoni-

320 674 385 706 bus
407 675 545 716 provide
559 675 654 714 latas,
672 675 783 715 ipsum
802 674 986 706 Robertum
1002 684 1040 705 ac
1062 674 1211 715 prefatos
1232 674 1410 715 complices
1431 685 1511 707 suos
1533 675 1710 708 efficaciter

320 721 478 758 artantes,
496 728 562 749 non
579 721 632 750 est
646 718 789 750 dubium
806 718 1066 759 dampnabiliter
1086 717 1158 759 ipso
1185 718 1276 750 facto
1297 718 1476 750 incurrisse
1492 730 1501 758 ;
1523 729 1562 751 ac
1583 719 1618 751 in
1642 730 1710 761 qua

320 762 443 802 prefati
468 762 638 794 Robertus
660 764 696 793 et
717 761 770 793 sui
793 762 827 793 in
850 762 913 793 hae
935 764 1030 803 parte
1053 761 1230 802 complices
1253 772 1312 802 per
1340 762 1528 794 triennium
1554 766 1590 794 et
1618 763 1710 796 ultra

318 805 508 846 jacuerunt,
525 809 562 837 et
582 805 691 847 jacere
714 816 780 837 non
797 809 966 844 verentur,
983 805 1095 836 animo
1117 805 1285 844 indurato,
1300 805 1336 837 in
1359 805 1549 838 animarum
1570 817 1709 839 suarum

318 859 418 889 grave
434 849 619 890 periculum
636 859 674 881 ac
689 849 831 880 aliorum
849 849 977 880 Christi
991 848 1142 880 fidelium
1158 849 1350 890 exemplum
1368 849 1600 890 perniciosum.
1647 851 1709 891 Ne,

320 893 434 933 igitur,
451 893 572 934 prefati
588 893 756 925 Robertus
772 896 808 924 et
822 892 999 933 complices
1014 892 1068 924 sui
1091 892 1234 933 Gregem
1258 892 1483 933 Dominicum,
1500 893 1597 926 nobis
1619 904 1708 926 com-

321 937 472 976 missum,
489 947 548 977 per
564 947 660 968 suam
676 936 827 967 illicitam
843 936 1113 967 communionem
1130 935 1282 967 inficiant
1304 947 1364 968 sua
1387 936 1462 968 labe
1477 947 1487 976 ;
1509 937 1614 978 vobis,
1633 941 1708 978 etc„

322 980 531 1019 mandamus,
559 979 594 1011 iu
625 980 753 1012 virtute
783 980 984 1011 Obediencie
1013 982 1049 1010 et
1079 979 1143 1011 sub
1174 979 1311 1021 Maioris
1343 981 1710 1014 Excommunicacionis

321 1033 407 1064 pena
422 1023 563 1055 firmiter
585 1023 811 1065 injungentes,
830 1023 991 1064 quatinus
1013 1023 1048 1054 in
1073 1022 1240 1063 Capitulis
1256 1023 1376 1055 vestris
1400 1024 1552 1064 proximo
1569 1035 1628 1066 per
1650 1036 1709 1057 vos

321 1077 380 1108 per
395 1070 508 1098 totum
526 1067 842 1099 Archidiaconatum
859 1066 1090 1108 supradictum
1107 1066 1324 1107 celebrandis,
1340 1077 1469 1099 necnon
1493 1067 1528 1099 in
1551 1069 1709 1101 omnibus

322 1111 478 1142 Ecclesiis
494 1110 744 1143 Parochialibus
759 1113 796 1142 et
811 1110 1003 1151 Collegiatis
1026 1114 1061 1141 et
1083 1110 1204 1142 ceteris
1228 1110 1290 1152 piis
1313 1110 1409 1142 Locis
1431 1121 1491 1152 per
1512 1111 1711 1153 hujusmodi

321 1154 638 1186 Archidiaconatum
669 1154 874 1194 constitutis,
901 1154 1028 1185 Diebus
1053 1153 1238 1185 Dominicis
1259 1156 1296 1186 et
1318 1154 1436 1186 ceteris
1465 1155 1602 1187 interim
1634 1157 1710 1188 Fes-

319 1198 409 1237 tivis,
433 1198 523 1230 intra
546 1198 725 1230 Missarum
748 1198 942 1238 solempnia,
974 1198 1109 1238 quando
1137 1197 1227 1230 Cleri
1248 1201 1284 1229 et
1307 1198 1423 1239 populi
1446 1199 1555 1240 major
1576 1200 1712 1232 affuerit

320 1241 515 1280 multitudo,
533 1252 611 1273 cum
626 1241 864 1282 solempnitate
879 1252 946 1282 qua
968 1241 1075 1280 decet,
1092 1241 1249 1273 videlicet
1272 1241 1442 1283 campanis
1464 1243 1616 1283 pulsatis,
1634 1254 1708 1275 can-

320 1285 405 1316 delis
420 1286 566 1317 accensis
581 1289 617 1317 et
633 1285 802 1324 extinctis,
820 1285 994 1326 Cruceque
1017 1285 1052 1316 in
1076 1285 1232 1316 manibus
1255 1288 1374 1325 erecta,
1391 1285 1560 1326 prefatum
1585 1287 1710 1319 Rober-

320 1331 396 1360 tum
411 1329 485 1360 Hoo
497 1329 827 1360 excommunicatum
837 1328 941 1359 fuisse
953 1331 988 1359 et
1000 1338 1080 1366 esse,
1094 1338 1172 1360 cum
1184 1328 1255 1360 suis
1270 1328 1488 1370 complicibus
1498 1330 1710 1371 supradictis,

320 1372 490 1404 occasione
517 1372 685 1413 premissa,
702 1372 835 1413 publice
858 1375 893 1403 et
915 1372 1132 1412 solempniter
1154 1371 1365 1404 denuncietis
1387 1375 1423 1404 et
1445 1373 1630 1414 declaretis,
1654 1375 1710 1406 de-

321 1415 473 1447 nunciari
488 1416 541 1448 vel
565 1416 727 1457 publicari
749 1415 902 1454 faciatis;
924 1415 967 1447 ab
989 1415 1187 1456 hujusmodi
1209 1415 1362 1447 Msndati
1384 1416 1492 1448 nostri
1514 1417 1713 1450 execucione

321 1469 389 1490 non
411 1462 578 1491 cessantes
600 1469 776 1501 quousque
799 1459 892 1490 aliud
915 1469 935 1490 a
957 1459 1053 1490 nobis
1075 1459 1266 1500 receperitis
1288 1459 1324 1491 in
1347 1460 1526 1492 mandatis.
1573 1461 1624 1492 De
1646 1461 1710 1502 die,

320 1513 408 1542 vero,
432 1503 633 1545 recepcionis
657 1502 870 1534 Presencium
892 1512 930 1534 ac
955 1501 1106 1533 Mandati
1130 1502 1294 1543 presentis
1315 1503 1430 1534 debita
1453 1504 1661 1544 execucione,
1678 1509 1714 1537 et

320 1546 363 1577 de
378 1546 470 1578 omni
485 1557 525 1578 eo
540 1546 631 1588 quod
648 1546 804 1584 feceritis,
822 1546 874 1577 vel
890 1546 1080 1577 faciendum
1097 1546 1262 1577 duxeritis
1285 1546 1319 1577 in
1344 1546 1523 1588 premissis,
1540 1558 1610 1588 nos,
1627 1549 1712 1580 citra

323 1589 463 1621 Festum
479 1589 655 1622 Dominice
671 1589 824 1622 Mediana
839 1589 947 1621 mee
961 1589 995 1629 [1
1013 1589 1133 1630 April]‚
1150 1589 1341 1621 certificetis
1357 1590 1517 1622 distincte
1533 1594 1569 1623 et
1584 1595 1711 1632 aperte,

320 1643 379 1672 per
397 1634 525 1665 Literas
541 1637 668 1665 vestras
685 1636 849 1675 patentes,
865 1633 1086 1665 etc.—Dated
1108 1636 1146 1664 at
1162 1633 1268 1675 Olyst,
1288 1633 1328 1666 10
1344 1633 1522 1667 sam—See
1537 1645 1621 1676 page
1638 1637 1710 1676 148,

322 1676 386 1709 No.
404 1677 455 1709 86.

278 1753 390 1791 West
410 1754 556 1792 Downe
570 1767 581 1802 3
609 1754 669 1792 De
689 1753 860 1792 Ecclesia
878 1754 924 1791 de
953 1753 1172 1791 Westdoune
1191 1754 1247 1791 ad
1254 1754 1423 1803 firmam
1441 1754 1685 1804 habenda,—

278 1806 526 1839 Memorandum
550 1809 650 1849 quod,
674 1808 716 1839 ad
739 1807 936 1839 instanciam
962 1811 996 1838 et
1019 1807 1168 1839 debitam
1191 1808 1447 1849 requisicionem
1471 1809 1602 1842 Nobilis
1628 1811 1710 1851 Viri,

321 1851 458 1882 Domini
477 1852 642 1883 Johannis
666 1852 872 1891 Beaumond,
896 1851 1027 1890 Militis,
1053 1851 1150 1882 robas
1172 1851 1310 1883 Domini
1333 1852 1525 1891 deferentis,
1546 1854 1712 1886 Dominus

320 1895 483 1926 concessit
510 1895 697 1927 Licenciam
721 1895 866 1926 Domino
889 1894 1038 1926 Johanni
1061 1895 1168 1935 Rupe,
1186 1895 1318 1926 Rectori
1342 1895 1488 1927 Ecclesie
1510 1897 1712 1929 Parochialis

320 1938 362 1969 de
390 1938 534 1970 Hammo
561 1939 676 1970 Sancti
702 1938 835 1979 Georgii
862 1935 1103 1979 [GeorqehamL
1129 1938 1221 1978 quod
1249 1938 1356 1979 possit
1380 1939 1502 1971 habere
1530 1941 1712 1972 Ecclesiam

322 1982 549 2013 Parochialem
564 1982 606 2014 de
623 1983 838 2020 Westdoune‚
855 1982 889 2013 in
906 1981 1188 2013 Archidiaconatu
1213 1981 1516 2023 Barnastapoliensi
1538 1984 1711 2024 situatam,

319 2035 378 2065 per
393 2026 665 2067 quinquennium
681 2026 725 2057 ad
740 2025 881 2065 firmam,
898 2025 940 2056 de
956 2025 1070 2056 Priore
1095 2025 1278 2066 Hospitalis
1302 2025 1417 2058 Sancti
1435 2026 1600 2059 Johannis
1619 2027 1709 2060 Wel-

318 2068 586 2101 lensis.—Dated
601 2072 638 2101 at
654 2070 760 2111 Clyst,
778 2068 797 2103 7
813 2069 891 2100 Feb.

276 2151 550 2200 Confessions3
578 2153 644 2190 Ad
660 2152 898 2191 audiendum
919 2151 1246 2201 Confessiones‚—

276 2205 375 2244 Item,
403 2207 532 2238 decimo
558 2210 675 2238 octavo
701 2207 765 2246 die,
792 2207 883 2247 apud
912 2206 1006 2245 Clist,
1035 2206 1202 2237 Dominus
1239 2206 1403 2238 concessit
1437 2207 1566 2240 Literas
1598 2209 1710 2241 Fratri

319 2249 465 2281 Jobanni
484 2250 662 2289 Laurence,
679 2250 817 2282 Ordinis
833 2252 868 2282 et
884 2247 1080 2281 Conventus
1104 2249 1262 2281 Fratrum
1287 2250 1539 2283 predicatorum
1564 2252 1607 2283 de
1629 2253 1708 2284 Tre-

258 2312 261 2315 <
318 2303 404 2324 rewe
442 2292 594 2334 [Trur0],
627 2293 662 2325 in
701 2293 880 2331 Cornubia,
911 2293 954 2324 ad
984 2292 1192 2324 audiendum
1231 2293 1465 2326 Confessiones
1494 2291 1708 2328 subditorum

320 2337 458 2368 Domini
473 2337 536 2368 sibi
552 2337 705 2369 confiteri
719 2337 918 2375 volencium,
934 2336 1082 2377 ipsisque
1098 2347 1158 2377 pro
1173 2337 1357 2368 commissis
1379 2337 1542 2370 salutares
1559 2339 1709 2379 peniten-

318 2380 384 2410 ciss
400 2380 658 2422 injungendum,
675 2384 710 2411 et
725 2381 827 2411 eciam
843 2380 1084 2411 absolvendum
1101 2381 1248 2419 eosdem,
1267 2380 1302 2411 in
1318 2381 1462 2413 casubus
1477 2382 1579 2413 eciam
1603 2382 1667 2414 sibi
1689 2393 1710 2414 a

317 2422 394 2464 jure
409 2424 461 2455 vel
477 2424 722 2455 cousuetudine
737 2424 914 2455 reservatis
930 2434 939 2462 ;
962 2423 1121 2464 perjuriis
1135 2423 1279 2454 scienter
1294 2423 1328 2454 in
1345 2424 1463 2456 Causis
1480 2425 1707 2458 matrimonia-

319 2466 408 2497 libus
430 2470 466 2498 et
487 2467 622 2506 Assisis,
646 2470 710 2499 etc.
760 2467 903 2506 Proviso,
927 2470 1052 2506 tamen,
1076 2466 1167 2507 quod
1191 2467 1349 2507 quociens
1371 2469 1497 2508 poterit
1518 2471 1703 2508 commode,

318 2510 441 2551 populo
457 2510 602 2542 Domino
617 2510 800 2542 inmediate
815 2510 969 2552 subjecto
985 2509 1144 2551 predicet,
1162 2514 1202 2541 ut
1219 2513 1366 2543 tenetur.

277 2592 399 2630 Black
424 2592 662 2643 Torrington
679 2606 691 2641 3
719 2593 782 2631 Sir
801 2593 972 2631 Thomas
991 2593 1040 2631 de
1059 2592 1308 2643 Sekyndone,
1336 2593 1454 2640 R„—

275 2646 416 2678 Licence
438 2647 474 2678 of
499 2647 751 2678 non-residence
774 2647 828 2678 for
850 2651 917 2678 two
938 2657 1044 2688 years,
1068 2646 1381 2687 “contemplacione
1405 2648 1541 2680 Domini
1565 2649 1707 2682 Comitis

318 2689 474 2729 Marchie,
491 2690 524 2722 in
549 2690 706 2722 Partibus
728 2691 879 2722 Devonie
901 2700 961 2731 pro
977 2694 1128 2731 tempore
1144 2691 1383 2722 commorantis
1413 2714 1421 2723 .
1460 2715 1468 2723 .
1508 2716 1515 2724 .
1566 2716 1585 2732 .‚
1610 2693 1704 2733 dum,

317 2736 441 2773 tamen,
457 2737 525 2765 stet
544 2744 603 2774 per
617 2734 706 2765 idem
722 2737 857 2774 tempus
871 2733 907 2765 in
923 2733 994 2765 suis
1016 2733 1184 2774 obsequiis
1195 2733 1214 2747 ”
1231 2734 1350 2776 (Clyst,
1367 2736 1405 2766 21
1425 2734 1529 2775 Feb.).

208 2833 216 2840 ·
277 2814 465 2854 Letters-l
474 2816 739 2866 ›imissory,—

275 2868 366 2900 John
391 2868 645 2909 Godemestone,
669 2869 768 2901 Vicar
790 2869 826 2901 of
852 2869 1038 2909 Braunton,
1057 2869 1130 2901 “ut
1155 2869 1326 2909 asseritur,
1349 2870 1391 2902 ad
1415 2881 1530 2903 omnes
1558 2849 1710 2905 Minoresv

317 2922 356 2943 ac
370 2913 475 2944 eciam
491 2913 608 2944 Sacros
623 2913 775 2952 Ordines,
791 2913 1076 2954 contemplacione
1092 2912 1243 2954 Magistri
1260 2913 1418 2946 willelmi
1439 2914 1531 2955 Bide,
1548 2915 1705 2949 Officialis

318 2955 515 2997 Principalis
530 2955 660 2988 Exonie
669 2956 688 2969 ”
704 2955 810 2996 (same
823 2955 929 2995 date).

302 2997 346 3047 ΖΞ
