1988 3256
1829 0 1988 152 Ἰ

342 345 435 392 538
542 359 643 394 THE
677 354 920 396 1180181118
955 359 1018 395 or
1051 355 1230 396 msnor
1264 358 1671 398 BRANTYNGHAM.

340 462 417 523 ils-31}-
493 468 670 506 potestate
693 467 730 497 in
754 467 819 498 hac
836 470 935 508 parte
960 470 1125 508 pretensa
1149 469 1216 500 fide
1243 468 1350 508 facta,
1372 479 1436 500 nec
1460 469 1536 510 ipsa
1566 468 1767 510 aliqualiter
1797 461 1882 499 nota

342 517 444 557 Volsl.
493 513 555 541 aut
571 511 682 542 eciam
705 512 929 551 subsistente,
947 513 1041 544 dicta
1064 513 1313 554 provocacione
1337 513 1495 554 ejusdem
1511 512 1732 545 Venerabilis
1754 510 1881 551 Patris,

493 555 633 586 Domini
651 556 791 595 'l'home,
810 557 1016 588 Exoniensis
1032 558 1206 598 Episcopi,
1223 557 1363 588 Domini
1386 557 1466 597 mei,
1483 558 1677 598 ceterisque
1692 555 1882 598 premissis,

493 610 558 639 que
575 600 691 640 ipsum
708 601 1019 642 Archiepiscopum
1044 602 1333 634 Cantuariensem
1357 602 1596 633 verisimiliter
1618 611 1687 633 non
1710 600 1880 638 latebant,

493 654 711 685 nequaquam
725 645 964 684 obstantibus3
978 647 1032 678 set
1047 650 1136 687 post,
1153 648 1281 687 preter,
1294 649 1330 678 et
1343 649 1466 678 contra
1475 657 1526 685 ea,
1543 646 1666 678 eodem
1679 643 1880 677 Venerabili

493 688 608 728 Patre,
626 689 776 720 Domino
793 690 936 729 Thoma,
954 690 1142 722 Exoniensi
1159 691 1340 731 Episcopo,
1358 691 1403 722 ad
1419 691 1483 722 hec
1499 701 1570 722 non
1586 690 1742 731 legitime
1759 689 1878 728 citato,

491 743 561 763 11011
578 733 721 772 monito,
739 744 810 764 non
826 734 986 766 confesso
1001 745 1066 766 nec
1082 735 1251 774 convicto,
1269 735 1414 766 absente
1437 746 1507 766 non
1523 745 1586 776 per
1601 733 1878 772 contumaciam3

493 777 605 809 Cause
621 778 823 818 cognicione
840 789 880 809 ac
895 779 984 820 juris
1008 781 1043 810 et
1066 779 1279 820 judiciorum
1303 780 1424 811 ordine
1439 780 1477 810 in
1492 790 1533 811 ea
1549 781 1649 820 parte
1665 779 1708 810 de
1724 778 1803 820 jure
1825 787 1878 809 re-

491 821 629 861 quisitis
652 823 794 862 penitus
817 823 1074 864 pretermissis3
1105 824 1235 865 absque
1260 834 1365 855 causa
1392 823 1595 855 racionabili
1627 833 1689 855 seu
1719 822 1879 863 legitima

490 876 718 907 quacumque,
735 877 856 898 omnes
872 870 907 899 et
924 868 1081 908 singulas
1105 868 1319 900 Moniciones
1342 871 1378 899 et
1403 869 1579 907 Mandata,
1603 877 1739 899 necnon
1763 869 1882 899 cetera

490 911 662 950 premissa
676 921 740 951 per
755 911 889 942 dictum
906 912 1152 944 Venerabilem
1169 913 1321 952 Patrem,
1339 913 1571 944 Exoniensem
1595 912 1818 953 Episcopum,
1841 912 1879 942 et

489 955 700 986 auctoritate
718 966 780 987 sua
796 966 859 996 pro
876 957 1143 989 conservacione
1167 957 1263 988 Juris
1286 960 1322 988 et
1345 957 1366 988 J
1368 957 1639 988 urisdiccionum
1656 966 1798 987 suorum
1814 955 1877 986 hu-

488 999 642 1040 jusmodi
666 1000 732 1031 rite
756 1003 792 1032 et
816 1000 972 1041 legitime
995 1001 1092 1033 facta
1107 1004 1143 1033 et
1159 1002 1342 1040 excercita,
1359 1004 1395 1033 et
1411 1011 1628 1042 quecumque
1649 1001 1732 1032 inde
1747 1001 1878 1038 secuta,

489 1046 662 1084 quatenus
685 1044 722 1075 in
746 1045 867 1076 eodem
882 1045 1154 1087 Archiepiscopo
1178 1048 1263 1085 erat,
1289 1047 1332 1077 de
1354 1046 1451 1077 facto
1474 1056 1554 1077 cum
1571 1046 1614 1077 de
1636 1045 1714 1086 jure
1730 1055 1800 1076 non
1816 1054 1876 1085 po-

488 1088 567 1127 tuit,
593 1089 754 1127 cassavit,
771 1090 959 1128 revocavit,
984 1090 1189 1129 adnullavit,
1213 1093 1249 1122 et
1273 1091 1384 1122 eciam
1407 1090 1571 1129 irritavit,
1588 1100 1629 1121 ac
1644 1100 1686 1121 ea
1701 1090 1875 1127 revocata,

488 1142 596 1171 cassa,
614 1133 805 1172 annullata,
822 1136 858 1165 et
874 1134 975 1165 irrita
998 1135 1244 1175 pronunciavit
1261 1137 1296 1166 et
1313 1135 1513 1173 declaravit,
1530 1145 1571 1166 ac
1587 1134 1730 1166 omnino
1751 1133 1875 1165 robore

487 1177 665 1208 firmitatis
681 1188 800 1209 carere
824 1178 980 1210 decrevit
1002 1179 1145 1220 injuste.
1192 1179 1361 1217 Inhibuit,
1378 1179 1499 1218 eciam,
1516 1179 1642 1220 palam,
1666 1178 1816 1219 publice,
1839 1179 1876 1209 et

332 1223 377 1250 fol.
393 1220 467 1249 126b.
489 1232 661 1262 expresse,
679 1232 741 1263 per
758 1222 894 1254 Literas
911 1233 991 1254 81188
1007 1223 1194 1264 injuriosas
1210 1226 1246 1254 et
1263 1224 1427 1254 Edictum
1444 1234 1546 1254 suum
1561 1223 1739 1264 publicum
1752 1222 1791 1253 in
1799 1231 1876 1263 pre-

486 1265 562 1297 fata
586 1266 743 1298 Ecclesia
767 1266 955 1298 Exoniensi
983 1268 1121 1308 publice
1148 1268 1376 1309 propositum,
1401 1268 1514 1299 eidem
1539 1267 1740 1299 Venerabili
1767 1266 1876 1304 Patri,

486 1310 637 1342 Domino
660 1321 748 1349 meo,
773 1311 962 1343 Exoniensi
986 1312 1167 1352 Episcopo,
1191 1323 1327 1344 necnon
1351 1312 1497 1344 Officiali
1528 1322 1590 1343 8110
1617 1311 1818 1352 Principali,
1841 1312 1878 1342 et

488 1354 684 1386 Presidenti
702 1355 909 1387 Consistorii
926 1356 979 1387 sui
997 1356 1214 1395 Exoniensis,
1238 1357 1275 1387 in
1300 1357 1424 1397 specie,
1448 1367 1489 1388 ac
1512 1357 1591 1388 aliis
1606 1356 1644 1387 in
1659 1365 1799 1396 genere,
1822 1354 1872 1396 ip-

487 1409 621 1440 sosque,
638 1410 760 1430 omnes
776 1402 811 1431 et
829 1400 995 1440 singulos,
1012 1401 1136 1441 primo,
1154 1401 1316 1440 secundo,
1333 1404 1369 1432 et
1385 1401 1494 1432 tercio
1510 1411 1551 1432 ac
1566 1399 1811 1441 peremptorie,
1827 1398 1872 1431 si-

486 1444 559 1474 mul
576 1446 612 1474 et
628 1444 731 1475 unico
755 1447 931 1483 contextu,
955 1445 1152 1476 intervallis
1175 1445 1311 1476 dierum
1335 1445 1616 1486 competentibus
1630 1445 1667 1475 in
1683 1444 1750 1476 hac
1772 1446 1873 1485 parte

486 1488 631 1519 minime
655 1489 859 1527 observatis,
884 1489 1014 1530 absque
1038 1499 1143 1521 causa
1165 1490 1369 1521 racionabili
1386 1500 1448 1521 seu
1463 1489 1623 1530 legitima
1645 1498 1872 1530 quacumque,

486 1533 633 1571 monuit,
664 1536 700 1563 et
731 1533 869 1573 publice
900 1534 1035 1565 moneri
1065 1534 1162 1572 fecit,
1194 1544 1238 1565 ne
1269 1535 1347 1575 quis
1377 1534 1533 1574 ipsorum
1572 1534 1664 1565 circa
1701 1532 1874 1573 premissa

485 1576 528 1607 ad
560 1577 693 1608 dictum
725 1577 915 1608 Dominum
954 1589 1082 1617 meum,
1114 1579 1347 1610 Exoniensem
1387 1578 1607 1619 Episcopum,
1646 1576 1874 1618 pertinencia,

485 1624 524 1651 ut
554 1621 741 1662 prefertur,
769 1625 831 1653 aut
865 1622 1004 1663 aliquod
1040 1623 1240 1662 eorundem,
1273 1623 1456 1664 quicquam
1497 1622 1540 1653 de
1572 1624 1688 1654 cetero
1722 1624 1877 1662 attempffi

484 1668 536 1697 tet
567 1668 629 1696 aut
660 1669 901 1706 attemptaret,
928 1667 983 1697 vel
1009 1666 1142 1699 faceret
1175 1667 1374 1708 aliqualiter
1407 1666 1623 1707 attemptari,
1655 1666 1786 1698 directe
1817 1665 1872 1697 vel

482 1709 664 1749 indirecte,
695 1711 833 1750 publice
871 1711 927 1742 vel
965 1712 1110 1750 occulte,
1149 1722 1211 1743 seu
1241 1712 1286 1743 ad
1316 1712 1381 1743 hoc
1412 1711 1596 1743 consilium
1633 1710 1778 1751 prebeat
1815 1709 1869 1741 vel

482 1754 650 1793 favorem,
675 1765 787 1795 neque
811 1756 853 1786 de
877 1755 1068 1795 premissis,
1092 1756 1147 1787 vel
1170 1756 1287 1796 aliquo
1317 1756 1518 1794 eorundem,
1543 1764 1580 1787 se
1611 1754 1871 1796 quomodolibet

482 1798 746 1837 intromitteret,
772 1809 833 1830 seu
864 1801 1118 1840 attemptatum
1141 1801 1197 1831 vel
1228 1802 1471 1841 presumptum
1502 1802 1705 1840 pretensum
1736 1799 1774 1830 in
1803 1798 1870 1830 hac

481 1845 581 1883 parte
613 1843 828 1881 defenderet,
861 1844 925 1875 sub
952 1845 1119 1884 gravibus
1148 1845 1248 1885 penis
1278 1847 1314 1876 et
1345 1845 1502 1876 censuris
1537 1842 1800 1882 Ecclesiasticis,
1828 1853 1870 1874 ac

481 1887 591 1918 eciam
615 1888 679 1918 sub
704 1888 848 1929 Majoris
865 1888 1249 1920 Excommunicacionis
1272 1889 1457 1920 Sentencie
1479 1899 1580 1929 pena,
1604 1897 1691 1929 quas
1706 1890 1742 1919 et
1765 1897 1868 1928 quam

481 1931 517 1962 in
548 1932 862 1971 contravenientes,
895 1943 1016 1964 omnes
1047 1935 1082 1964 et
1114 1933 1278 1974 singulos,
1310 1936 1346 1964 et
1377 1933 1481 1964 dictis
1512 1933 1584 1964 suis
1615 1931 1870 1964 Monicionibus

481 1986 550 2007 11011
566 1979 740 2016 parentes,
758 1977 868 2008 eciam
885 1977 921 2007 in
937 1977 1087 2008 eundem
1104 1978 1349 2009 Venerabilem
1365 1978 1516 2015 Patrem,
1534 1977 1724 2008 Dominum
1739 1985 1868 2014 meum,

482 2020 714 2052 Exoniensem
733 2021 953 2061 Episcopum,
972 2022 1001 2053 si
1025 2022 1145 2053 taliter
1163 2024 1376 2062 attemptata
1396 2022 1451 2053 vel
1472 2023 1678 2062 presumpta
1702 2022 1868 2061 protensa

480 2075 549 2095 11011
574 2065 726 2104 (11100101,
753 2075 814 2096 8011
838 2066 1016 2104 ducerent,
1033 2067 1246 2104 revocanda3
1270 2069 1375 2107 atque
1391 2066 1435 2097 ab
1450 2065 1651 2107 hujusmodi
1674 2075 1745 2096 non
1761 2063 1866 2096 desti-

480 2109 564 2140 terit
589 2119 650 2141 seu
674 2109 886 2148 destiterint,
904 2119 982 2141 cum
1007 2110 1145 2149 effectu,
1162 2110 1256 2142 infra
1272 2114 1432 2151 tempora
1454 2120 1518 2150 per
1539 2110 1654 2150 ipsum
1678 2109 1867 2140 Dominum

480 2153 790 2195 Archiepiscopum
814 2154 920 2185 nimis
941 2154 1136 2186 voluntarie
1160 2156 1195 2186 et
1220 2155 1351 2196 injuste
1374 2155 1537 2191 limitata,
1553 2154 1636 2185 tulit
1659 2153 1696 2184 in
1720 2152 1868 2194 Scriptis
1928 2164 1930 2166 ’

479 2208 663 2238 perperam
679 2200 715 2229 et
731 2198 870 2239 inique;
894 2198 1014 2237 eciam,
1032 2202 1154 2230 contra
1179 2199 1321 2230 Statuta
1338 2199 1483 2230 Concilii
1501 2197 1692 2237 Generalis,
1708 2206 1868 2229 asserens
1924 2194 1927 2198 “

479 2252 541 2282 pro
558 2243 669 2281 firmo,
686 2242 803 2273 minus
819 2245 938 2274 tamen
954 2243 1136 2282 veraciter,
1155 2243 1182 2274 si
1207 2254 1273 2284 que
1289 2243 1424 2274 fuerint
1447 2243 1568 2274 taliter
1582 2244 1796 2282 attemptata
1809 2241 1866 2273 vel
1915 2256 1921 2262 „

479 2288 693 2327 presumpta,
707 2287 782 2327 ipsa
795 2288 831 2318 et
843 2287 1020 2327 quodlibet
1034 2288 1224 2318 eorundem
1237 2288 1272 2318 in
1290 2288 1383 2319 dicte
1394 2287 1618 2318 Visitacionis
1629 2296 1690 2318 sue
1702 2288 1866 2327 pretense
1915 2311 1920 2314 .

477 2330 810 2371 Jurisdiccionisque
828 2331 1083 2371 Metropolitice
1095 2332 1339 2373 prejudicium,
1356 2342 1396 2363 ac
1412 2331 1689 2372 Privilegiorum,
1708 2330 1863 2362 Liberta-
1920 2351 1921 2354 =

478 2378 565 2414 tum,
578 2375 728 2414 Jurium,
747 2375 1058 2415 Consuetudinum,
1075 2379 1111 2407 et
1129 2376 1354 2416 Prerogative
1371 2386 1512 2407 suorum
1528 2378 1771 2416 pretensorum
1786 2384 1863 2416 pre-

478 2419 651 2450 dictorum
676 2419 820 2451 tendere
837 2420 1036 2451 manifeste.
1085 2421 1276 2458 Mandavit,
1293 2421 1445 2460 insuper,
1462 2420 1555 2451 idem
1572 2419 1864 2460 Archiepisoopus
1914 2446 1915 2451 ,

478 2463 574 2494 facta
600 2474 663 2495 sua
690 2464 858 2504 predicta,
883 2464 1000 2495 omnia
1031 2467 1066 2495 ct
1091 2465 1238 2505 singula,
1262 2465 1299 2495 in
1322 2464 1461 2505 prefata
1486 2463 1642 2495 Ecclesia
1665 2462 1864 2501 Exoniensi,

477 2510 513 2538 et
544 2508 622 2539 aliis
653 2508 754 2539 Locis
785 2508 959 2539 dictarum
992 2508 1156 2540 Civitatis
1179 2512 1214 2540 et
1239 2509 1394 2540 Diocesis
1425 2508 1557 2540 Exonie
1582 2507 1696 2548 magis
1715 2506 1865 2548 publicis
1910 2530 1916 2539 ,.

324 2555 461 2582 Probacio
478 2555 514 2582 et
530 2551 686 2591 famosis,
702 2552 796 2592 affigi
813 2563 853 2583 ac
873 2553 1101 2592 solempniter
1122 2553 1302 2593 publicari,
1319 2556 1355 2584 et
1371 2553 1496 2593 exponi
1521 2552 1631 2584 eciam
1654 2551 1691 2582 in
1715 2550 1862 2592 vulgari.

323 2589 420 2628 Testa-
479 2596 586 2634 Bona,
611 2597 733 2635 0018111,
758 2597 899 2627 Domini
923 2597 1087 2628 Willelmi
1105 2597 1326 2636 WolIastone,
1351 2607 1463 2637 nuper
1485 2597 1569 2627 dum
1593 2595 1681 2627 vixit
1705 2594 1864 2627 aectoris

322 2631 466 2683 xiscrfflper
476 2640 631 2671 Ecclesie
648 2640 862 2672 Parochialis
882 2641 924 2672 de
949 2641 1123 2672 Tonstoke
1149 2639 1366 2682 [Tau-smckJ,
1390 2640 1527 2682 prefate
1552 2639 1759 2671 Exoniensis
1781 2639 1862 2670 Dio-

321 2689 425 2723 episco-
477 2684 575 2723 cesis,
591 2694 632 2715 ac
647 2684 741 2716 infra
757 2685 903 2716 eandem
922 2685 1096 2716 Diocesim
1113 2686 1205 2717 diem
1223 2696 1324 2716 suum
1341 2685 1536 2717 claudentis
1558 2687 1765 2723 extremum,
1789 2693 1861 2715 om-

320 2732 386 2756 an
406 2725 444 2754 [ὓΙ
479 2729 538 2759 nia
554 2731 590 2760 et
607 2729 745 2768 singula
768 2729 878 2760 eciam
895 2729 932 2760 in
948 2729 1070 2760 eadem
1095 2730 1231 2761 Diocesi
1255 2733 1413 2770 tempore
1437 2729 1560 2760 mortis
1584 2737 1644 2760 sue
1660 2727 1860 2766 existencia,

319 2758 421 2821 iiam?
480 2775 603 2803 contra
618 2773 796 2814 justiciam
821 2774 1064 2814 sequestravit,
1082 2783 1121 2805 ac
1146 2775 1210 2805 sub
1233 2778 1309 2805 arto
1331 2784 1393 2805 suo
1419 2774 1606 2814 Sequestro
1621 2771 1801 2803 mandavit
1824 2774 1861 2803 et

480 2817 575 2855 fecit,
592 2820 762 2857 quantum
782 2817 819 2848 in
841 2818 915 2858 ipso
939 2821 1025 2855 erat,
1042 2818 1203 2858 nequiter
1225 2818 1414 2855 custodiri;
1440 2817 1718 2857 Executoresque
1742 2815 1860 2847 Testa·
1897 2827 1904 2849 ί

475 2861 584 2892 menti
598 2861 727 2902 prefati
744 2861 913 2899 defuncti,
924 2864 959 2893 et
972 2861 1286 2894 Adininistratores
1301 2865 1337 2893 et
1353 2863 1579 2902 occupatores
1595 2861 1765 2892 bonorum
1782 2869 1859 2892 suo·

473 2915 550 2936 rum
569 2905 780 2946 hujusmodi,
797 2906 841 2937 ad
865 2906 1136 2947 comparendum
1161 2917 1278 2938 coram
1295 2906 1521 2947 ips0‚—dicti,
1538 2905 1710 2942 videlicet,
1727 2903 1859 2936 Execu·
1883 2934 1886 2935 γ
1900 2911 1902 2914 ’

473 2952 567 2980 tores
580 2949 693 2990 ipsum
706 2949 970 2981 Testamentum
982 2960 1099 2982 coram
1110 2950 1204 2982 dicto
1215 2951 1365 2982 Domino
1377 2960 1464 2989 meo,
1479 2949 1666 2981 Exoniensi
1677 2948 1859 2989 Episcopo,
