1988 3256
299 305 392 352 508

297 416 332 442 A.
337 417 374 445 D.

299 451 377 478 1383-
379 453 404 479 4.

299 484 365 512 Vol.
382 486 405 513 1.

319 2756 366 2784 sol.

319 2792 376 2817 114.

529 322 630 356 ΤΗΕ
654 322 896 357 REGISTER
924 323 987 357 OF
1010 322 1190 358 BISHOP
1213 323 1621 359 BRANTYNGHAM.

455 433 604 466 cumque
642 425 807 458 manibus
845 426 1048 466 existerent,
1080 425 1245 458 duximus
1276 426 1545 467 sequestrandos
1562 440 1571 466 ς
1600 436 1734 466 verum,
1765 426 1848 468 quia

455 469 627 501 Dominus
659 470 764 511 Hugo
795 470 975 510 Bridham,
1011 471 1104 502 dicte
1143 471 1298 502 Ecclesie
1337 471 1381 502 de
1416 471 1597 512 Colytone,
1631 471 1772 502 Decano
1809 472 1847 502 et

456 513 619 554 Capitulo
636 515 790 546 Ecclesie
807 517 927 546 nostre
944 515 1160 555 Exoniensis,
1178 515 1275 546 salva
1291 515 1459 546 Porcione
1474 515 1606 547 Vicarii
1629 515 1795 556 Perpetui
1809 515 1848 546 in

456 558 590 598 eadem,
601 558 774 590 Canonice
786 560 1020 600 appropriate,
1029 560 1215 599 firmarius,
1228 560 1266 590 in
1279 559 1399 591 decem
1407 560 1506 591 libris
1517 559 1848 600 sterlingorum,pro

458 603 624 634 Porcione
642 603 755 635 dictos
779 604 959 635 Decanum
983 606 1020 635 et
1044 603 1247 645 Capitulum
1262 604 1405 635 nomine
1420 604 1657 644 reparacionis
1672 604 1847 635 dictorum

457 647 661 678 defectuum
678 648 915 688 contingente,
933 658 969 680 se
985 648 1086 680 nobis
1102 648 1335 679 effectualiter
1350 648 1529 689 obligavit,
1546 649 1680 679 dictum
1703 647 1847 689 Seques-

458 693 554 722 trum
570 694 731 733 nostrum
747 692 784 723 in
799 692 975 724 fructibus
991 692 1084 724 dicte
1101 693 1266 732 Ecclesie,
1282 695 1456 733 quatenus
1471 693 1676 724 Porcionem
1692 693 1848 733 ipsorum

459 736 591 767 Decani
616 739 652 767 et
680 736 844 777 Capituli,
874 737 1185 777 proprietariorum
1215 737 1463 777 predictorum,
1495 737 1685 776 concernit,
1716 737 1849 768 relaxa-

459 781 584 820 vimus,
600 783 706 821 prout
729 783 852 812 tenore
876 781 1102 812 Presencium
1126 781 1343 820 relaxamus;
1367 781 1535 821 volentes,
1552 784 1682 821 tamen,
1699 781 1848 821 fructus,

460 825 628 865 redditus,
645 827 681 856 et
696 828 888 866 proventus
903 825 1042 857 Vicarie
1058 826 1151 857 dicte
1168 826 1322 857 Ecclesie
1334 836 1444 866 usque
1455 826 1499 857 ad
1515 835 1690 857 summam
1706 823 1849 857 centum

462 869 661 909 solidorum,
678 880 784 910 quam
799 880 863 910 pro
879 870 1047 901 Porcione
1069 870 1201 902 Vicarii
1225 870 1318 901 dicte
1342 870 1507 910 Ecclesie,
1523 870 1569 901 ad
1587 870 1850 910 reparacionem

461 914 664 955 hujusmodi
676 914 884 945 defectuum
901 914 1201 954 contribuendam,
1223 914 1325 955 juxta
1346 924 1568 946 communem
1584 914 1849 946 estimacionem

463 958 620 989 sufficere
635 961 851 999 reputamus,
865 959 930 990 sub
948 959 1134 1000 Sequestro
1149 961 1271 990 nostro
1281 959 1484 1000 hujusmodi
1495 969 1688 990 remanere.
1730 958 1850 999 Vobis,

461 1002 580 1043 igitur,
608 1005 685 1042 etc„
713 1003 923 1034 mandamus
947 1003 1114 1044 quatinus
1141 1003 1408 1035 Relaxacionem
1438 1003 1641 1044 hujusmodi
1673 1003 1852 1044 Sequestri

463 1047 575 1078 nostri
585 1047 695 1079 fuisse
707 1049 743 1079 et
755 1057 831 1079 esse
843 1048 880 1078 in
892 1047 1077 1087 fructibus,
1088 1047 1293 1087 redditibus,
1306 1050 1343 1078 et
1354 1048 1582 1088 proventibus
1592 1047 1685 1078 dicte
1696 1047 1851 1079 Ecclesie

464 1091 669 1123 Porcionem
692 1092 849 1132 ipsorum
866 1092 998 1123 Decani
1021 1094 1057 1123 et
1074 1091 1228 1132 Capituli
1243 1092 1536 1123 concernentibus
1551 1102 1614 1133 per
1629 1102 1702 1131 nos,
1719 1093 1760 1123 ut
1774 1101 1851 1132 pre-

464 1135 588 1175 fertur,
604 1135 758 1174 factam3
774 1146 921 1176 necnon,
938 1136 1072 1168 dictum
1090 1136 1317 1177 Sequestrum
1333 1139 1494 1167 nostrum
1509 1136 1547 1167 in
1567 1136 1743 1168 fructibus
1758 1136 1852 1168 dicte

466 1180 620 1212 Ecclesie
648 1181 854 1212 Porcionem
880 1180 1012 1212 Vicarii
1039 1180 1198 1222 ejusdem
1224 1181 1520 1221 contingentibus,
1552 1182 1593 1211 ut
1623 1180 1852 1221 premittitur,

464 1234 665 1263 remanere3
689 1225 827 1265 publice
849 1227 885 1256 et
908 1225 1136 1265 solempniter
1158 1225 1343 1264 nuncietis,
1360 1227 1396 1256 et
1411 1235 1474 1265 per
1489 1225 1576 1256 alios
1591 1224 1733 1256 faciatis
1748 1225 1853 1256 modo

466 1269 570 1300 simili
593 1269 770 1308 nunciari3
795 1270 908 1301 dictos
931 1271 1075 1301 centum
1099 1269 1227 1301 solidos
1251 1269 1294 1300 de
1317 1269 1492 1301 fructibus
1515 1269 1674 1310 ejusdem
1698 1269 1853 1301 Ecclesie

465 1314 671 1345 Porcionem
687 1314 818 1345 Vicarii
831 1314 1131 1353 concernentibus,
1143 1313 1357 1354 quamcicius
1367 1313 1548 1344 commode
1559 1313 1731 1354 poteritis,
1743 1313 1854 1345 levari

465 1361 501 1389 et
525 1358 642 1399 colligi
671 1358 853 1398 facientes,
877 1358 915 1389 in
937 1368 1022 1390 usus
1044 1358 1311 1399 reparacionum
1334 1358 1536 1399 hujusmodi
1561 1357 1764 1389 defectuum
1789 1367 1854 1398 pro

465 1402 634 1434 Porcione
644 1403 754 1443 ipsius
763 1403 896 1434 Vicarii
906 1413 969 1443 per
978 1413 1040 1434 vos
1049 1403 1151 1444 juxta
1161 1402 1345 1434 consilium
1355 1402 1545 1433 eorundem
1558 1402 1675 1433 debite
1687 1404 1724 1434 et
1736 1402 1854 1434 celeri-

466 1449 522 1478 ter
546 1447 811 1478 convertendos.
859 1447 905 1478 Et
932 1447 1015 1488 quid
1039 1447 1077 1477 in
1102 1446 1284 1487 premissis
1310 1446 1467 1478 feceritis
1493 1457 1568 1486 nos,
1595 1446 1685 1478 citra
1710 1446 1855 1478 Festum

468 1491 589 1523 Sancti
606 1491 786 1523 Michaelis
802 1491 961 1532 proximo
976 1491 1149 1531 futurum,
1167 1491 1284 1522 debite
1305 1491 1516 1531 certificetis,
1534 1490 1758 1522 Presencium
1775 1501 1856 1522 cum

466 1535 762 1567 tenore.—Dated
778 1538 817 1567 at
834 1535 1041 1576 Chudleigh,
1057 1536 1102 1566 20
1116 1536 1138 1567 J
1139 1546 1285 1576 anuary.

421 1589 623 1628 Silverton
637 1603 648 1637 3
675 1589 852 1627 Monicio
872 1590 928 1628 ad
943 1589 1199 1628 residendum
1218 1590 1265 1627 in
1283 1588 1550 1638 Beneficio,—

423 1646 526 1685 Item,
551 1646 646 1686 apud
670 1645 929 1686 Chuddeleghe,
947 1656 991 1676 xx
1015 1646 1071 1676 die
1095 1645 1226 1676 mensis
1249 1645 1270 1676 J
1272 1645 1420 1685 anuarii,
1443 1645 1622 1676 emanavit
1646 1644 1855 1676 Mandatum

467 1690 641 1721 directum
656 1690 913 1721 Archidiacono
935 1690 1077 1729 Exonie,
1093 1690 1150 1721 vel
1166 1689 1243 1731 ejus
1260 1689 1418 1729 officiali,
1437 1689 1482 1720 ad
1505 1690 1718 1720 monendum
1738 1689 1856 1720 Domi-

466 1745 552 1765 num
567 1735 589 1765 J
591 1735 766 1765 ohannem
783 1735 895 1774 Prest,
909 1735 1095 1766 Rectorem
1107 1734 1262 1765 Ecclesie
1272 1733 1489 1765 Parochialis
1501 1733 1544 1764 de
1556 1732 1754 1773 Silfertone,
1765 1733 1858 1774 quod

467 1779 621 1810 resideat
637 1779 674 1809 in
691 1779 786 1810 dicta
803 1779 961 1810 Ecclesia
977 1788 1040 1810 sua
1052 1778 1150 1815 infra
1165 1788 1322 1810 mensem
1339 1788 1361 1809 a
1376 1780 1534 1819 tempore
1550 1777 1767 1817 Monicionis‚
1778 1779 1857 1817 etc„

468 1823 533 1854 sub
548 1833 639 1863 pena
654 1823 753 1865 juris.

421 1877 711 1916 Northmolton
726 1891 738 1925 ζ,
766 1877 831 1915 Sir
850 1876 1031 1915 Richard
1051 1876 1255 1923 Raundes,
1278 1876 1399 1923 R„—

424 1933 667 1964 Admonished
683 1935 720 1964 to
736 1933 851 1965 reside
868 1943 913 1964 on
929 1933 985 1964 his
1002 1933 1163 1964 Benefice
1183 1930 1244 1973 (on
1259 1932 1321 1963 the
1338 1941 1434 1963 same
1451 1931 1531 1972 day,
1548 1931 1618 1962 and
1634 1931 1671 1962 in
1686 1931 1748 1963 the
1761 1941 1858 1963 same

468 1975 609 2053 &giiii-&s
657 1978 824 2009 Mandate
850 1977 1007 2009 directed
1031 1979 1069 2008 to
1094 1977 1155 2008 the
1179 1976 1409 2008 Archdeacon
1431 1976 1469 2007 of
1493 1975 1714 2016 Barnstaple‚
1738 1985 1777 2007 or
1802 1975 1859 2007 his

536 2032 591 2053 cia
607 2046 614 2053 .

422 2074 677 2114 Confessions
693 2088 703 2123 ;
731 2074 1103 2122 Penitenciaria‚—

425 2131 528 2170 Item,
553 2131 685 2162 eisdem
710 2130 766 2162 die
790 2132 826 2162 et
848 2131 934 2171 loco,
951 2131 1123 2162 Dominus
1146 2130 1319 2162 concessit
1342 2129 1542 2161 Licenciam
1566 2129 1742 2170 Religioso
1763 2128 1860 2169 Viro,

472 2175 588 2206 Fratri
603 2175 625 2206 J
627 2175 758 2207 ohanni
776 2175 956 2216 Colytone,
974 2174 1116 2206 Ordinis
1133 2175 1297 2206 Fratrum
1314 2175 1501 2213 Minorum,
1515 2174 1717 2205 Conventus
1733 2173 1860 2205 Exoni-

470 2220 575 2259 ensis,
592 2220 638 2251 ad
653 2219 868 2251 audiendum
885 2219 1133 2251 Confessiones
1148 2228 1446 2260 quorumcumque
1470 2218 1691 2250 subditorum
1707 2217 1860 2257 Domini,

471 2264 653 2305 utriusque
671 2274 783 2304 sexus,
800 2266 887 2302 etc.;
908 2274 972 2304 per
986 2274 1097 2295 unum
1114 2274 1247 2295 annum
1264 2273 1285 2294 a
1301 2263 1385 2294 data
1401 2262 1626 2294 Presencium
1642 2262 1860 2294 duraturam.

424 2317 483 2355 St.
501 2316 699 2368 Ludgvan
713 2315 869 2370 [Sancti
883 2316 1088 2364 Ludvone,
1106 2317 1192 2355 MS.
1198 2316 1240 2370 ];
1269 2317 1334 2355 Sir
1348 2316 1519 2354 Thomas
1534 2315 1722 2367 Gerveys,
1739 2315 1804 2362 R„
1815 2337 1862 2345 ·-
1937 2294 1945 2373 *a

427 2373 575 2404 Licence
592 2372 629 2404 of
643 2383 727 2404 non·
730 2373 910 2404 residence
926 2372 983 2404 for
998 2383 1020 2404 a
1034 2383 1120 2415 year
1138 2371 1362 2414 (Chudleigh,
1378 2373 1421 2403 23
1437 2372 1458 2403 J
1461 2382 1516 2403 an
1519 2369 1547 2412 ).

427 2427 618 2478 Pen1yn3
646 2427 809 2465 Licence
830 2433 866 2464 to
886 2427 1135 2474 celebrate,—

430 2482 533 2522 Item,
551 2483 683 2514 eisdem
701 2483 756 2514 die
773 2485 810 2514 et
824 2483 911 2522 loco,
928 2482 1100 2514 Dominus
1124 2481 1297 2514 concessit
1320 2481 1519 2513 Licenciam
1543 2480 1694 2512 Domino
1709 2480 1864 2513 Waltero

476 2526 571 2567 Myn,
596 2527 771 2567 Perpetuo
794 2527 935 2558 Vicario
960 2527 1115 2558 Ecclesie
1140 2526 1355 2558 Parochialis
1380 2526 1500 2556 Sancti
1525 2525 1695 2564 Gluviaci,
1720 2525 1757 2556 in
1781 2524 1863 2557 Cor-

474 2571 591 2610 nu'bia,
617 2571 831 2602 Patronatus
854 2573 890 2602 et
913 2571 1071 2602 Diocesis
1094 2571 1246 2610 Domini,
1270 2571 1315 2601 ad
1339 2570 1586 2601 celebrandum
1609 2569 1666 2600 vel
1695 2569 1865 2601 celebrari
1930 2566 1934 2574 ⁸

474 2615 677 2646 faciendum
694 2615 832 2655 Divina,
849 2625 913 2655 per
928 2615 1142 2655 presbiteros
1157 2615 1322 2656 ydoneos,
1339 2614 1376 2645 in
1393 2614 1537 2654 Capella
1561 2614 1669 2645 Beate
1686 2613 1796 2645 Mario
1818 2613 1863 2645 de

474 2659 626 2735 Penryg,
658 2659 753 2735 intfra
783 2659 992 2691 Parochiam
1023 2669 1125 2691 suam
1156 2660 1298 2699 situata,
1330 2658 1496 2706 quociens
1526 2660 1563 2690 et
1593 2657 1742 2699 quando,
1773 2659 1863 2698 eto..

473 2713 578 2744 quam
617 2713 650 2743 u,
667 2713 686 2735 e
705 2714 723 2735 c

430 2757 488 2795 St.
511 2757 698 2796 German'
700 2771 718 2796 s
739 2757 910 2809 Priory·
899 2786 910 2805 ,
941 2757 1175 2796 Commissio
1194 2757 1250 2796 ad
1266 2756 1559 2806 inquirendum
1577 2768 1696 2806 super
1713 2754 1866 2806 deficti—

485 2811 566 2858 bus,
589 2818 668 2858 eta,
691 2811 738 2849 in
756 2811 954 2850 Prioratu
974 2812 1115 2850 Sancti
1136 2810 1394 2857 Germani,—

434 2866 597 2907 Thomas,
614 2869 692 2906 etc,
712 2867 889 2908 Religioso
904 2867 999 2907 Viro,
1018 2866 1134 2898 Fmtri
1152 2866 1341 2907 Stephano,
1358 2865 1470 2896 Priori
1494 2865 1675 2896 Prioratus
1693 2864 1867 2896 Launces
1912 2848 1921 2902 f

478 2911 584 2950 tonie,
611 2920 652 2943 ac
680 2910 861 2952 Magistris
885 2910 1059 2943 Willelmo
1086 2910 1194 2951 Piers,
1218 2911 1261 2942 de
1289 2910 1457 2949 Poutone,
1478 2908 1566 2942 alias
1586 2908 1683 2940 dicta
1703 2907 1868 2940 Nauna-nt
1903 2939 1923 2968 ,ἢ

1978 1440 1988 1546 ³}
