1988 3256
344 342 439 389 474

345 454 379 481 A.
386 455 422 482 D.

344 489 419 515 1382.

346 521 409 548 Vol.
422 521 446 548 I.

567 354 669 388 THE
693 354 939 389 REGISTER
962 354 1022 388 OF
1045 354 1226 390 BISHOP
1248 354 1655 390 BRANTYNGHAM.

501 456 649 499 legitime
659 458 898 499 interpositum
909 460 1034 489 temere
1045 457 1207 489 violantes
1218 457 1355 499 Majoris
1365 458 1732 490 Excommunicacionis
1741 457 1885 497 Sentenss

501 502 559 541 cin,
570 502 604 533 in
616 501 817 534 Sanctorum
831 502 971 533 Patrum
983 501 1293 534 constitucionibus
1306 502 1443 542 provide
1453 502 1591 543 prolata,
1605 512 1670 534 non
1682 503 1727 534 sit
1738 500 1882 533 dubium

500 545 663 584 innodari,
674 545 863 586 nostrisque
874 545 920 576 sit
930 545 1068 576 auribus
1078 545 1209 576 noviter
1219 546 1416 577 nunciatum
1428 546 1518 586 quod
1529 546 1682 577 nonnulli
1691 544 1882 588 iniquitatis

498 589 566 628 filii,
581 599 724 630 quorum
738 589 935 629 ignorantur
947 589 1083 620 nomina
1096 591 1131 621 et
1147 600 1294 630 persone,
1309 590 1527 630 Sequestrum
1542 593 1697 622 nostrum
1709 589 1743 621 in
1758 588 1879 630 pecori·

496 633 559 664 bus
575 638 610 664 et
626 633 721 664 bonis
741 632 978 664 Ecclesiasticis
994 644 1059 674 que
1080 633 1213 664 Domini
1230 633 1405 674 Reginaldi
1421 632 1587 674 [Smythe,
1603 644 1640 664 or
1656 634 1788 675 Brugge
1805 643 1813 672 ;
1835 642 1883 664 soe
1912 659 1916 663 .

497 688 550 718 pp.
562 679 612 716 81,
622 676 685 709 472
694 676 752 716 n-.],
764 676 912 708 Rectoris
921 676 1066 707 Ecclesie
1082 676 1279 708 Parochialis
1291 677 1334 707 de
1342 676 1646 717 Kylkehamptone,
1655 677 1691 708 in
1701 676 1880 716 cornubia,

495 722 576 752 dum
591 720 676 751 vixit
686 724 720 751 et
734 720 849 750 mortis
862 731 920 751 sue
932 723 1082 761 tempore
1094 720 1293 759 extiterunt,
1304 730 1345 751 ex
1357 730 1456 751 causa
1468 720 1706 761 interpositum
1720 720 1879 761 legitima,

494 771 619 796 temere
636 764 845 805 infregeiuut
860 774 867 799 ς
892 764 1044 804 quocirca
1061 764 1154 795 vobis
1170 764 1395 794 communiter
1410 767 1446 795 et
1462 763 1607 801 divisim,
1623 765 1879 803 committimus,

495 812 569 847 etc„
594 808 754 849 quatinus
778 807 950 838 universos
978 812 1013 838 et
1035 807 1184 847 singulos
1204 807 1347 848 predicti
1374 808 1480 838 nostri
1506 808 1679 848 sequestri
1703 808 1880 840 violatores

493 853 618 883 dictam
637 851 771 892 Major-is
796 851 1162 882 Excommunicacionis
1186 850 1397 882 sentenciam
1420 851 1608 891 incurrisse,
1633 862 1737 893 eaque
1760 851 1880 892 ligatos

493 896 596 927 fuisse
612 900 647 926 et
661 895 730 936 jam
748 906 817 926 esse
837 895 1025 933 innodatos,
1043 894 1183 935 pulsatis
1206 895 1384 935 campanis,
1401 898 1474 934 etc,
1493 894 1620 926 Diebus
1638 895 1820 927 Dominicis
1843 897 1880 927 et

495 939 644 978 Festivis,
668 939 758 970 intra
783 939 959 970 Missarum
983 938 1179 979 solempnia,
1205 948 1283 969 cum
1307 938 1415 979 major
1437 938 1526 970 Cleri
1549 942 1583 969 et
1607 939 1722 980 populi
1744 938 1879 971 affuerit

490 983 688 1022 multitudo,
706 983 836 1023 publice
853 986 888 1013 et
902 982 1120 1022 solempniter
1136 981 1311 1021 nuncietis,
1326 986 1360 1013 et
1375 982 1505 1012 faciatis
1522 982 1563 1012 ab
1580 982 1652 1014 aliis
1669 993 1760 1014 more
1775 982 1878 1014 simili

491 1027 651 1058 nunciari.
700 1026 913 1067 inquirentes
936 1026 978 1056 de
1001 1025 1194 1056 nominibus
1210 1029 1246 1056 et
1257 1026 1512 1066 cognominibus
1528 1025 1724 1067 hujusmodi
1741 1026 1877 1058 violato-

490 1081 566 1102 rum
582 1081 591 1109 ;
608 1075 642 1101 et
659 1081 743 1111 quos
766 1081 803 1100 ac
827 1073 911 1110 quot
934 1070 990 1107 sic,
1015 1073 1055 1100 ut
1078 1069 1298 1110 premittitur,
1315 1069 1543 1110 corupereritis
1559 1070 1748 1111 deliquisse,
1765 1070 1878 1102 citetis

489 1115 623 1146 eosdem
655 1114 878 1155 peremptorie
907 1113 998 1154 quod
1025 1116 1239 1153 compareant
1263 1123 1374 1144 coram
1401 1113 1507 1150 nobis,
1541 1123 1600 1145 seu
1632 1113 1878 1146 commissariis

490 1158 614 1189 nostris
630 1168 714 1199 quos
730 1157 764 1188 iu
782 1157 843 1188 hac
860 1163 955 1197 parte
971 1157 1167 1188 duxerimus
1184 1157 1406 1197 deputandos,
1418 1156 1517 1188 certis
1529 1157 1583 1188 die
1595 1160 1630 1188 et
1645 1157 1716 1188 loco
1731 1167 1815 1199 quos
1830 1157 1879 1190 cis

490 1202 640 1233 videritis
658 1201 875 1242 prefigendos,
902 1201 1106 1241 ubicumque
1129 1200 1163 1231 in
1188 1199 1319 1231 Diocesi
1341 1204 1457 1231 nostra
1480 1204 1563 1232 tunc
1585 1201 1760 1240 fuerimus,
1776 1211 1878 1242 super

489 1246 627 1277 crimine
644 1244 834 1276 violacionis
851 1243 1047 1285 hujusmodi
1063 1244 1239 1275 temerarie
1255 1243 1695 1285 personaliterresponsuri,
1720 1245 1876 1276 ulterius·

488 1300 554 1330 que
568 1289 688 1321 facturi
701 1291 736 1320 et
749 1288 915 1328 recepturi
927 1288 1016 1329 quod
1031 1287 1218 1318 animarum
1228 1297 1364 1318 suarum
1379 1297 1559 1328 congruere
1570 1288 1693 1328 poterit
1703 1288 1876 1322 medicine.

489 1334 533 1364 Et
549 1333 631 1374 quid
647 1333 681 1363 in
699 1332 867 1373 premissis
882 1331 1047 1362 duxeritis
1063 1331 1254 1362 faciendum
1270 1331 1460 1362 certificetis
1476 1341 1546 1370 nos,
1563 1331 1663 1363 dictis
1678 1332 1733 1364 die
1745 1337 1779 1364 et
1793 1332 1874 1372 loco,

488 1388 546 1418 per
562 1377 691 1408 Literas
707 1379 835 1407 vestras
852 1378 1015 1416 patentes,
1029 1377 1092 1406 etc.
1110 1374 1272 1414 (without
1295 1374 1396 1414 date).

443 1434 611 1470 Minster
631 1432 768 1481 Priory
784 1443 795 1478 3
825 1430 1084 1468 Denunciacz'o
1103 1436 1236 1467 contra
1256 1429 1447 1467 invasores
1465 1430 1648 1468 bonorum
1676 1430 1877 1470 Ecclesias-

498 1487 668 1532 ticorum,
687 1492 773 1534 post
792 1485 937 1523 obitum
949 1484 1172 1533 possessoris
1183 1497 1390 1533 perperam
1408 1484 1755 1531 abstractorum,—

444 1541 599 1579 Thomas,
617 1543 693 1579 etc„
711 1539 851 1572 Officiali
868 1539 1047 1570 Peculiaris
1070 1539 1091 1571 J
1095 1538 1324 1569 urisdiccionis
1348 1542 1463 1569 nostre
1485 1538 1519 1569 in
1544 1539 1723 1579 cornubia,
1742 1539 1876 1571 Decano

328 2675 379 2703 fol.
394 2676 436 2702 93.

436 2906 725 2956 Kilkhampton
742 2917 752 2951 3
781 2901 1042 2941 Denunciacio
1069 2900 1278 2939 consimilis
1297 2907 1340 2938 ut
1357 2913 1546 2950 supra,—-
1911 2931 1917 2934 .

434 2961 589 2999 Thomas,
605 2963 682 2999 etc„
700 2957 734 2998 [a
751 2956 848 2989 blank
869 2966 962 2998 space
983 2966 1048 2988 was
1069 2954 1136 2996 left,
1159 2954 1241 2995 here,
1259 2953 1320 2995 for
1341 2954 1393 2987 tlte
1414 2953 1636 2995 named—Ad
1658 2953 1868 2988 audientium
1911 2980 1914 2981 γ

488 1585 627 1616 Minoris
650 1584 790 1625 Trygge,
814 1586 849 1614 et
872 1583 1002 1614 Vieario
1027 1583 1194 1623 Perpetuo
1221 1581 1365 1613 Ecclesia
1389 1582 1589 1613 Parochialis
1612 1582 1736 1615 Sancte
1758 1583 1875 1624 Tethe,

487 1640 525 1660 ac
550 1628 694 1659 Domino
720 1627 865 1658 Walter-o
892 1626 966 1665 Lul,
994 1626 1172 1667 capellano,
1201 1626 1357 1664 salutem,
1390 1626 1633 1658 etQ—Nostris
1662 1629 1716 1658 est
1737 1626 1876 1660 auribus

485 1672 669 1704 assercione
699 1671 837 1702 indubia
867 1671 1000 1702 noviter
1029 1669 1235 1701 inculcatum
1267 1670 1358 1710 quod
1390 1669 1544 1701 nonnulli
1575 1670 1726 1711 nequicie
1756 1670 1817 1702 filii
1839 1673 1876 1703 et

488 1716 634 1748 Snthane
651 1715 821 1753 satellites,
839 1714 880 1745 de
897 1724 1041 1755 quorum
1058 1713 1249 1744 nominibus
1265 1717 1299 1744 et
1316 1713 1465 1753 personis
1482 1713 1606 1754 pariter
1617 1713 1800 1754 ignoratur,
1812 1714 1876 1746 Dei

485 1761 605 1791 timore
628 1770 666 1790 ac
692 1758 834 1790 Ecclesie
858 1758 1073 1789 sacrosancte
1095 1756 1283 1788 reverencia
1306 1757 1499 1798 postpositis
1523 1757 1658 1797 penitus
1673 1760 1709 1789 et
1723 1757 1875 1799 abjectis,

487 1804 655 1845 quendam
673 1803 799 1834 Locum
818 1801 1087 1833 Ecclesiasticum
1116 1803 1150 1831 et
1166 1800 1380 1841 Religiosum,
1397 1800 1439 1831 de
1461 1800 1494 1831 la
1517 1800 1678 1832 Minstere
1694 1801 1878 1842 vulgariter

487 1850 733 1888 nuncupatum,
750 1846 783 1876 in
802 1846 975 1877 Decanatu
991 1845 1120 1885 prefato
1143 1844 1246 1875 eciam
1270 1843 1479 1882 collocutum,
1496 1844 1672 1876 confestim
1695 1849 1875 1887 postquam

486 1892 533 1923 eis
549 1891 618 1931 [de]
635 1890 786 1931 ejusdem
805 1889 883 1920 Loci
900 1888 995 1919 obitu
1013 1887 1159 1919 Ministri
1183 1888 1295 1919 fuerat
1317 1887 1527 1926 nunciatum,
1544 1888 1586 1918 ad
1610 1887 1738 1920 Locum
1761 1889 1875 1930 ipsu-m

486 1935 704 1976 personaliter
726 1933 928 1969 accedentes,
946 1942 1014 1963 non
1037 1932 1108 1962 sine
1131 1931 1235 1962 nimia
1257 1931 1458 1962 temeritatis
1480 1931 1629 1971 audacia,
1653 1942 1706 1963 res
1727 1935 1763 1964 et
1786 1932 1874 1965 bona

488 1978 632 2020 plurima
651 1976 878 2008 {ecclesiastiea
893 1975 1045 2016 ejusdem
1065 1975 1209 2006 Ministri
1221 1975 1375 2006 decessus
1387 1975 1439 2006 sui
1451 1977 1602 2015 tempore
1614 1976 1822 2008 remanencia
1833 1987 1873 2009 ac

485 2022 631 2061 dimissa,
640 2021 765 2061 absque
776 2023 899 2057 nostra,
911 2019 989 2050 licet
999 2019 1182 2050 eorundem
1194 2018 1379 2059 disposicio,
1389 2018 1599 2059 gubernacio,
1612 2019 1871 2060 administracio,

485 2077 523 2098 ac
546 2065 698 2097 custodia
721 2063 850 2095 notorie
873 2063 914 2094 ad
939 2073 998 2094 nos
1023 2065 1187 2103 spectent.
1206 2065 1267 2093 aut
1287 2062 1425 2093 alterius
1441 2061 1694 2103 cujuscumque,
1718 2062 1790 2094 vice
1811 2073 1871 2096 seu

486 2109 688 2141 auctoritate
704 2108 828 2139 nostris
845 2106 1018 2147 fungentis
1034 2105 1286 2146 quomodolibet
1309 2106 1343 2136 in
1369 2105 1430 2136 hac
1454 2109 1559 2146 purte,
1577 2105 1793 2146 permissione
1814 2117 1875 2139 seu

485 2153 630 2191 licencia,
661 2151 889 2188 abstulerunt,
915 2161 952 2181 ac
974 2149 1045 2181 suis
1066 2152 1233 2180 conantur
1255 2149 1384 2180 usubus
1406 2149 1581 2189 applicare.
1628 2150 1726 2189 Cum,
1755 2149 1871 2192 igitur,

486 2197 658 2228 universos
689 2198 724 2226 et
753 2193 901 2235 singulos
931 2203 1043 2225 rernm
1075 2196 1110 2224 et
1139 2192 1305 2224 bonorum
1338 2192 1644 2224 Ecclesiasticorum
1674 2193 1873 2235 hujusmodi

485 2241 653 2273 invasores
669 2238 807 2279 Majoris
825 2236 1189 2269 Excommunicacionis
1205 2235 1393 2275 Sentencia,
1406 2236 1439 2267 in
1459 2236 1770 2269 Constituciouibus
1785 2237 1872 2270 bone

486 2283 644 2316 memorie
657 2281 831 2321 Octoboni,
845 2292 954 2322 nuper
966 2280 1155 2321 Apostolice
1166 2280 1262 2312 Sedis
1276 2280 1402 2321 Legati,
1415 2280 1515 2318 edita,
1527 2280 1873 2323 p=1b1ica[ta]insuper

485 2332 520 2360 et
543 2327 698 2366 admissa,
722 2325 869 2365 [contra]
886 2324 1000 2356 taliter
1023 2324 1258 2365 delinquentes
1274 2323 1411 2364 provide
1426 2323 1565 2364 prolata,
1585 2324 1711 2355 nemini
1733 2324 1780 2358 sit
1801 2335 1871 2356 am-

483 2373 623 2412 biguum
641 2369 792 2402 innodari
808 2379 816 2407 ;
842 2369 934 2399 vobis
950 2368 1204 2406 committimus,
1221 2370 1294 2406 etc,
1311 2367 1472 2408 quatinus
1488 2367 1660 2399 universos
1671 2372 1707 2399 et
1721 2367 1871 2410 singulos

482 2415 657 2455 sacrilegos
681 2416 881 2444 memoratos
905 2412 996 2443 dicta
1019 2411 1154 2452 Majoris
1179 2411 1545 2442 Excommunicacionis
1567 2411 1745 2443 Sentencis
1766 2411 1871 2444 fuisse

481 2463 517 2491 et
543 2459 612 2500 jam
640 2468 710 2489 esse
733 2457 788 2496 sic,
813 2459 854 2487 ut
879 2455 1096 2495 premittitur,
1120 2454 1278 2493 irretitos,
1301 2454 1433 2495 publice
1463 2458 1499 2486 et
1528 2454 1745 2495 solempniter
1775 2464 1868 2487 more

481 2503 579 2534 solito
596 2500 772 2533 nuncietis.
798 2500 1021 2540 Inquirentes,
1038 2498 1284 2536 nichilominus,
1301 2499 1343 2528 de
1359 2497 1551 2529 nominibus
1566 2500 1602 2529 et
1616 2498 1871 2538 cognominibus

483 2547 688 2588 prefatorum
707 2555 715 2583 ς
750 2547 785 2575 et
807 2553 891 2585 quos
913 2553 951 2574 ac
974 2545 1059 2583 quot
1081 2553 1138 2583 per
1162 2545 1307 2573 vestram
1332 2541 1528 2582 hujusmodi
1551 2541 1810 2582 Inquisicionem
1833 2542 1870 2575 in

481 2589 648 2631 premissis
679 2587 867 2629 deliquisse,
894 2597 952 2617 seu
983 2596 1084 2626 super
1115 2585 1179 2616 hiis
1209 2585 1348 2616 iufamia
1376 2594 1447 2616 esse
1474 2595 1640 2626 respersos
1666 2585 1869 2628 comperitis,

480 2633 603 2672 citetis,
619 2643 676 2664 seu
694 2631 795 2671 ‘citari
819 2630 959 2668 faciatis,
983 2629 1116 2660 eosdem
1141 2628 1363 2670 peremptorie
1392 2629 1482 2669 quod
1513 2632 1728 2669 compareant
1757 2639 1867 2662 coram

481 2677 587 2714 nobis,
604 2687 660 2707 seu
679 2674 801 2706 nostris
817 2674 850 2705 in
869 2674 929 2704 huc
946 2676 1040 2714 parte
1057 2672 1308 2711 Comiuissariis,
1325 2671 1388 2710 die,
1405 2676 1479 2711 etc„
1492 2672 1696 2712 superdicto
1707 2671 1871 2714 sacrilegii

481 2721 619 2752 crimine
636 2720 682 2750 eis
697 2722 732 2750 et
748 2718 828 2759 ipsis
840 2717 989 2758 singulis,
1005 2716 1049 2747 ad
1072 2726 1208 2747 sitarum
1232 2715 1472 2747 correccionem
1495 2715 1645 2747 debitam
1668 2716 1867 2757 animarum,

481 2764 616 2796 divisim
633 2768 667 2794 et
682 2761 898 2802 singulariter
913 2760 1087 2791 obiciendo
1103 2763 1139 2791 et
1154 2759 1268 2790 debite
1284 2759 1482 2800 exponendo
1499 2759 1721 2800 personaliter
1733 2769 1870 2801 respon-
1908 2762 1932 2803 ..ss

480 2808 558 2847 suri,
583 2811 618 2838 et
639 2806 709 2847 juri
732 2805 884 2846 parituri,
910 2803 1118 2843 ulteriusque
1142 2803 1264 2834 facturi
1294 2806 1330 2833 et
1353 2802 1519 2843 recepturi
1541 2803 1633 2843 quod
1663 2803 1867 2836 Sanctorum
1909 2848 1916 2852 ψ

483 2852 621 2882 Petrum
638 2852 823 2881 sanxerunt
840 2847 1014 2879 Instituta.
1062 2847 1108 2878 Et
1124 2846 1216 2887 quid,
1233 2848 1298 2878 etc.
1316 2845 1477 2886 (without
1499 2846 1604 2886 date).
