1988 3256
277 334 373 379 312

276 449 354 477 A.D.

275 483 354 544 ir30⁷13
362 517 386 544 1.

474 345 575 379 THE
609 345 854 380 REGISTER
889 342 951 379 OF
982 342 1163 380 BISHOP
1193 343 1608 382 BRANTYNGHAM.

434 451 632 494 hujusmodi
647 451 907 484 denunciacione
924 461 989 483 non
1005 453 1173 483 cessantes
1188 460 1364 493 quousque
1380 450 1473 483 aliud
1486 449 1611 482 anobis
1623 446 1816 490 receperitis

434 495 469 527 in
499 495 680 528 mandatis.
728 496 954 538 Inquirentes,
980 495 1228 534 nichilominus,
1257 494 1472 536 singulariter
1499 497 1536 526 et
1564 494 1599 525 in
1626 492 1745 534 specie,
1775 491 1818 523 de

433 539 627 571 nominibus
653 542 689 571 et
714 539 970 580 cognominibus
995 538 1268 580 delinquencium
1297 538 1506 570 consciorum
1533 540 1596 569 aut
1624 535 1817 578 aliqualiter

429 583 648 624 culpabilium
666 583 701 614 in
717 583 897 623 premissis.
943 583 998 622 Et,
1014 582 1043 614 si
1058 593 1142 624 quos
1157 582 1243 614 tales
1257 592 1317 623 per
1339 581 1598 623 Inquisicionem
1620 577 1817 620 hujusmodi

430 627 638 664 inveneritis,
661 626 781 663 citetis,
805 629 879 666 etc,
903 626 1037 658 eosdem
1061 625 1152 667 quod
1175 628 1390 667 compareant
1412 635 1522 657 coram
1546 623 1685 657 Officiali
1700 625 1818 655 nostro

432 670 622 711 Principali,
652 674 715 701 aut
745 669 943 702 Consistorii
976 669 1084 701 nostri
1118 669 1315 701 Presidente
1351 678 1574 710 quocumque,
1604 668 1639 699 in
1673 665 1819 699 Ecclesia

434 713 629 746 Cathedrali
652 714 788 753 Exonie,
804 713 860 754 iijo
875 713 930 745 die
951 713 972 745 J
976 713 1104 745 uridico
1128 713 1270 754 proximi
1295 712 1491 744 Consistorii
1511 722 1532 743 a
1557 711 1612 743 die
1639 708 1820 743 Citacionis

432 760 544 790 vestre
573 761 741 796 secuturo,
773 767 875 798 super
904 757 1073 798 premissis
1102 759 1139 788 et
1167 767 1207 788 ea
1235 756 1524 794 concernentibus,
1555 755 1599 786 ad
1627 754 1819 786 animarum

431 811 570 833 suarum
592 801 834 832 correecionem
857 800 983 832 eisdem
1006 811 1047 832 ex
1071 800 1187 833 Officio
1209 803 1326 832 nostro
1348 799 1529 831 obiciendis
1551 803 1588 830 et
1602 796 1819 839 exponendis,

431 845 566 876 divisim
588 845 789 886 responsuri,
813 847 850 876 et
872 844 915 876 de
936 844 1081 876 veritate
1102 843 1244 876 dicenda
1269 843 1491 885 personaliter
1514 842 1676 884 juraturi,
1702 839 1818 872 ulteri-

432 899 540 930 usque
555 888 681 920 facturi
695 891 731 920 et
746 887 916 929 recepturi
931 888 1023 929 quod
1038 887 1073 919 in
1089 887 1152 919 hac
1165 891 1262 929 parte
1275 887 1450 920 Canonicis
1461 886 1620 918 convenit
1633 882 1821 922 institutis,

432 935 469 964 et
498 932 541 964 ad
571 932 762 963 animarum
792 942 930 963 suarum
961 931 1203 963 correccionem
1234 931 1421 962 dinoscitur
1450 930 1630 971 pertinere.
1677 926 1818 959 Absolu-

430 976 571 1015 cionem,
593 985 682 1015 vem,
707 975 859 1007 omnium
881 979 918 1007 et
939 975 1150 1016 singulorum
1172 975 1231 1016 qui
1260 975 1428 1015 prefatam
1452 970 1820 1005 Excommunicacionis

431 1019 570 1061 Majoris
586 1019 800 1051 Sentenciam
816 1019 1022 1051 incurrerint
1036 1029 1172 1060 quoquo
1188 1018 1297 1058 modo,
1313 1017 1411 1049 nobis
1431 1027 1585 1058 expresse
1607 1020 1644 1048 et
1666 1017 1818 1060 tantum:

431 1063 532 1095 modo
548 1073 768 1103 reservamus,
784 1062 1007 1095 etc.-—Dated
1022 1067 1059 1094 at
1076 1062 1182 1104 Clyst,
1199 1063 1241 1094 26
1257 1062 1350 1103 Sept.

387 1118 600 1157 Tavist-ock
628 1117 780 1169 Abbey,
812 1117 1025 1156 Visitation
1055 1117 1123 1165 of;
1161 1117 1364 1155 Decretum
1392 1115 1637 1154 Visicacionis
1666 1114 1820 1152 Monas-

443 1172 535 1211 te‘rii
564 1172 881 1221 Tavystochie,—

388 1227 543 1266 Thomas,
568 1230 642 1265 etc,
660 1226 787 1258 Abbati
809 1229 846 1258 et
870 1225 1062 1258 Conventui
1088 1224 1285 1257 Monasterii
1309 1223 1541 1266 Tavystochie,
1567 1225 1643 1262 etc,
1665 1222 1821 1260 salutem,

291 2447 337 2475 sol.
352 2447 413 2474 40b.

431 1281 509 1302 cum
525 1270 635 1312 gracia
652 1270 837 1311 professam
853 1269 1015 1310 Regulam
1033 1268 1461 1309 observandi.—Preceptis
1484 1267 1688 1299 salutaribus
1703 1265 1820 1298 incita-

432 1325 510 1346 mur
535 1316 572 1345 et
599 1313 737 1345 monitis
763 1316 814 1349 ut,
841 1323 903 1354 pro
928 1313 1037 1353 Grege
1063 1312 1160 1344 nobis
1189 1312 1320 1343 credito
1346 1312 1534 1353 vigilantes,
1561 1309 1758 1342 insolencias
1786 1311 1823 1341 et

431 1368 568 1396 errores,
597 1357 772 1398 potissime
795 1356 886 1388 iuter
913 1356 1104 1397 Religiosos‚
1132 1355 1310 1387 retroactis
1333 1355 1468 1387 molitos
1494 1353 1715 1395 temporibus,
1742 1362 1821 1384 cum

432 1404 551 1433 exacta
571 1401 757 1442 diligencia,
781 1410 1016 1442 expurgemus.
1063 1400 1123 1439 Ut,
1139 1399 1254 1440 igitur,
1278 1399 1432 1430 defectus
1454 1397 1619 1439 comperti
1640 1397 1675 1428 iu
1699 1396 1822 1429 Visita·

432 1445 528 1477 cione
553 1448 669 1476 nostra
699 1444 831 1475 dudum
861 1444 896 1475 in
924 1443 1130 1475 Monasterio
1155 1442 1308 1483 predicto
1336 1453 1396 1483 per
1425 1452 1486 1474 uos
1515 1441 1673 1480 exercita,
1700 1439 1824 1472 Divina

432 1487 624 1530 opitulante
649 1487 839 1527 clemencia,
867 1487 901 1519 in
927 1487 1048 1518 melius
1074 1487 1314 1524 reformentur,
1345 1485 1559 1523 Moniciones,
1587 1485 1758 1526 Preceptu,
1786 1485 1823 1515 et

433 1532 596 1564 Mandata
617 1531 834 1572 infrascripta
856 1530 950 1563 vobis
972 1530 1152 1562 indicimus
1174 1540 1235 1571 per
1257 1530 1444 1569 Presentes,
1460 1529 1524 1561 sub
1545 1527 1823 1560 interminacione

434 1575 681 1608 malediccionis
703 1578 830 1615 eterne,
855 1577 1025 1616 quatenus
1046 1584 1106 1606 vos
1121 1573 1331 1615 conjunctim
1355 1583 1416 1605 seu
1441 1572 1574 1604 divisim
1602 1573 1821 1610 concernunt,

433 1619 576 1652 firmiter
602 1618 1034 1659 observanda—Inprimis,
1061 1618 1187 1659 itaque,
1212 1617 1306 1649 vobis
1332 1617 1536 1658 precipimus
1561 1618 1598 1648 et
1620 1613 1822 1647 mandamus

434 1663 596 1705 quatinus
620 1662 782 1694 Divinum
807 1662 974 1700 Officium,
1000 1662 1162 1693 diurnum
1186 1661 1313 1702 pariter
1334 1663 1371 1693 et
1393 1663 1610 1698 nocturnum,
1632 1658 1723 1691 horis
1745 1668 1820 1690 con-

434 1707 527 1748 gruis
542 1710 578 1738 et
592 1717 670 1738 cum
686 1705 867 1737 devocione
889 1705 1014 1745 debita,
1038 1707 1242 1746 peragatur3
1264 1708 1300 1736 et
1322 1704 1432 1746 quod,
1447 1706 1562 1744 spreta
1582 1713 1716 1735 exnunc
1738 1712 1821 1744 qua·

434 1751 520 1783 libet
535 1750 732 1791 evagacione
747 1749 863 1781 inutili
877 1752 914 1781 et
929 1749 1082 1780 discursu
1100 1748 1274 1789 Regularis
1288 1747 1519 1785 Observancie,
1534 1749 1605 1779 tam
1622 1746 1657 1778 in
1671 1745 1821 1788 jejuniis,

435 1794 565 1836 vigiliis,
589 1793 735 1833 silenci0‚
758 1795 795 1825 et
817 1792 1036 1832 oracionibus,
1060 1802 1161 1833 quam
1192 1792 1266 1824 aliis
1288 1802 1355 1833 que
1376 1791 1419 1823 ad
1443 1793 1598 1823 vestram'
1614 1789 1822 1831 Religionem

435 1838 622 1870 secundum
646 1836 809 1878 Regulam
833 1836 948 1869 Sancti
971 1835 1147 1867 Benedicti
1168 1835 1352 1876 pertinent,
1375 1845 1395 1866 a
1418 1834 1512 1866 vobis
1534 1833 1691 1865 omnibus
1713 1833 1824 1864 obser·

437 1885 557 1919 vetur;
589 1883 626 1913 et
655 1880 746 1922 quod
776 1890 940 1911 numerus
969 1883 1160 1918 consuetus,
1191 1878 1378 1910 secundum
1410 1877 1605 1909 Monasterii
1633 1876 1824 1916 facultates,

435 1925 698 1966 redintegretur,
715 1924 759 1955 ad
783 1924 845 1955 Dei
866 1923 1007 1964 gloriam
1030 1926 1067 1954 et
1088 1922 1405 1961 honorem—Item,
1422 1921 1613 1953 districcius
1630 1920 1824 1952 inhibemus

438 1980 481 2001 ne
498 1968 574 2010 quis
589 1971 754 2005 vestrum,
770 1966 805 1998 in
823 1967 1027 1999 Monasterio
1042 1966 1096 1998 vel
1110 1965 1191 1997 alibi
1212 1965 1398 1997 incedendo
1414 1965 1467 1997 vel
1489 1964 1683 2006 equitando,
1699 1963 1824 1995 tunicis

436 2015 559 2044 utatur
584 2011 754 2043 botenatis
779 2010 966 2051 capuciisve
991 2010 1207 2048 secularibus,
1232 2012 1294 2040 aut
1320 2009 1423 2040 ocreis
1449 2008 1503 2040 vel
1525 2007 1732 2040 sotularibus
1754 2017 1823 2039 ros-

438 2056 550 2095 tratis,
578 2058 641 2087 aut
669 2054 948 2086 lintheaminibus
980 2054 1032 2085 vel
1060 2053 1204 2085 camisiis
1238 2052 1346 2091 lineis,
1377 2052 1420 2083 de
1454 2052 1509 2083 die
1546 2051 1600 2083 vel
1634 2051 1677 2082 de
1714 2053 1823 2090 nocte,

439 2110 499 2131 seu
535 2099 601 2130 alio
638 2108 853 2140 quocumque
890 2097 1010 2129 habitu
1047 2096 1242 2134 indeeenti;
1280 2106 1341 2127 nec
1369 2095 1490 2137 aliquis
1521 2094 1705 2126 Monachus
1733 2094 1825 2126 dicte

439 2144 579 2182 Domus,
607 2141 794 2174 senescallo
820 2144 856 2173 et
883 2141 1024 2173 Cellario
1053 2140 1236 2172 dumtaxat
1264 2139 1423 2180 exceptis,
1449 2141 1547 2171 extra
1571 2141 1668 2180 septa
1694 2138 1824 2170 Menas·

439 2187 518 2218 terii
539 2186 611 2218 sine
633 2185 731 2224 socio,
753 2184 819 2216 nisi
841 2184 950 2225 petita
973 2183 1161 2225 Superioris
1181 2183 1318 2215 licencia
1344 2186 1381 2215 et
1405 2185 1556 2223 optenta,
1583 2184 1691 2221 exeat,
1714 2191 1825 2223 neque

440 2240 518 2262 cum
547 2229 747 2261 mulieribus
772 2228 1034 2266 confabuletur3
1064 2230 1117 2259 set
1145 2227 1240 2259 libris
1270 2229 1307 2258 et
1334 2226 1555 2267 regularibus*
1571 2225 1822 2257 informacioni·

441 2275 513 2314 bus,
536 2273 570 2304 in
587 2272 744 2311 Ecclesia,
765 2272 931 2309 Claustro,
948 2274 984 2303 et
999 2271 1073 2303 aliis
1087 2270 1168 2302 locis
1183 2270 1227 2302 ad
1242 2270 1305 2302 hoc
1320 2270 1504 2311 deputatis,
1520 2269 1679 2301 intendat
1693 2271 1824 2310 tempo·

444 2317 539 2349 ribus
560 2316 685 2348 debitis
707 2319 743 2347 et
765 2314 1110 2356 oportunis—Vobis,
1126 2314 1241 2353 eciam,
1265 2314 1329 2345 sub
1350 2323 1438 2355 pena
1461 2311 1828 2345 Excommunicacionis

442 2360 590 2402 Majoris,
614 2359 825 2400 injungimus
854 2358 1017 2400 quatinus
1046 2368 1189 2397 exnunc,
1213 2360 1285 2389 tam
1314 2357 1350 2388 in
1375 2357 1469 2388 victu
1499 2367 1602 2398 quam
1632 2356 1667 2387 in
1696 2355 1827 2388 vestitu

443 2405 478 2436 in
501 2403 673 2436 communi
695 2406 732 2434 et
757 2402 800 2434 de
825 2402 997 2434 communi
1023 2401 1172 2440 uniatis;
1199 2401 1248 2433 ita
1271 2400 1364 2442 quod
1388 2400 1569 2441 unicuique
1595 2399 1826 2431 distribuatur

447 2451 550 2489 prout
573 2457 657 2488 opus
681 2446 787 2478 fuerit
808 2446 842 2478 in
870 2445 1156 2487 premissis—Et,
1172 2444 1326 2486 quolibet
1347 2444 1411 2484 die,
1428 2443 1530 2475 simul
1551 2453 1677 2482 omnes,
1693 2442 1748 2474 vel
1761 2442 1824 2474 sal-

443 2496 515 2524 tem
530 2491 598 2522 due
615 2493 738 2531 partes,
754 2492 816 2521 aut
831 2489 940 2530 major
962 2499 1039 2530 pars
1055 2491 1217 2527 vestrum,
1233 2488 1268 2519 in
1285 2487 1476 2519 Refectorio
1495 2486 1688 2526 comedatis,
1709 2485 1824 2527 ibique

444 2536 479 2567 in
493 2544 608 2566 mensa
620 2534 832 2574 Scripturam
845 2534 980 2564 Sacram
992 2532 1066 2573 legi,
1078 2531 1179 2573 juxta
1188 2531 1314 2563 dictam
1326 2531 1500 2571 Regulam,
1510 2530 1642 2562 faciatis
1653 2540 1661 2569 ;
1676 2539 1824 2561 cameras

444 2582 574 2610 vestras
590 2578 754 2609 hactenus
770 2576 914 2608 usitatas
929 2575 1066 2617 penitus
1087 2571 1317 2616 relinquendo.
1365 2575 1410 2606 Et
1433 2584 1500 2613 vos,
1518 2573 1640 2613 Abbas,
1657 2576 1707 2610 ut,
1722 2572 1824 2614 juxta

446 2621 628 2654 Salvatoris
644 2620 785 2659 dict-um,
801 2619 994 2660 exemplum
1009 2618 1082 2650 aliis
1097 2618 1196 2657 detis,
1212 2621 1253 2650 ut
1269 2617 1554 2659 quemadmodum
1570 2627 1629 2648 vos
1643 2616 1755 2648 facitis
1776 2615 1826 2648 illi

444 2666 581 2704 faciant,
598 2665 632 2695 in
648 2663 851 2702 Refectorio,
869 2663 1028 2704 quociens
1043 2661 1218 2694 commode
1233 2661 1397 2703 poteritis,
1414 2661 1535 2693 saltem
1547 2660 1666 2692 diebus
1678 2659 1824 2709 piscium

445 2708 629 2741 comedatis
646 2719 653 2747 ;
676 2713 712 2739 et
727 2717 806 2739 cum
820 2707 946 2738 eisdem
962 2706 996 2738 in
1010 2705 1225 2744 Dormitorio,
1243 2705 1407 2744 similiter,
1424 2704 1551 2745 absque
1566 2703 1662 2735 lineis
1672 2703 1822 2744 jaceatis,

444 2763 482 2784 ac
499 2751 678 2784 Monachos
694 2754 832 2789 vestros,
849 2750 991 2782 vestitos
1006 2752 1043 2781 et
1057 2749 1194 2788 cinctos,
1207 2748 1386 2790 quiescere,
1403 2750 1439 2779 et
1453 2747 1585 2779 debitas
1600 2746 1824 2779 correcciones

445 2797 481 2828 in
516 2794 681 2836 Capitulo,
715 2794 874 2835 precipue
903 2793 1015 2834 quoad
1037 2792 1268 2824 inobedientes
1297 2794 1334 2823 et
1355 2791 1556 2823 discordiam
1577 2790 1668 2823 inter
1688 2790 1825 2822 Fratres

445 2839 660 2878 seminantes,
688 2838 760 2869 sine
789 2846 1010 2878 personarum
1035 2835 1239 2876 accepcione,
1267 2835 1377 2866 facere
1399 2834 1576 2872 studeatis,
1603 2838 1707 2875 prout
1731 2833 1824 2866 Ordo

445 2883 651 2914 Monasticus
671 2881 777 2921 exigit
799 2883 835 2912 et
857 2879 1157 2921 requirit—Item,
1177 2879 1379 2911 Sanctorum
1395 2878 1537 2910 Patrum
1559 2877 1710 2918 vestigiis
1731 2876 1824 2908 inbe-

448 2929 572 2965 rentes,
588 2925 691 2964 vobis,
709 2924 772 2956 sub
787 2923 883 2965 penis
906 2923 1110 2961 memoratis,
1127 2922 1317 2954 districcius
1336 2921 1528 2953 inhibemus
1543 2931 1587 2953 ne
1602 2920 1828 2960 liber-aciones,

444 2970 629 3011 pensiones,
642 2969 711 3000 sive
727 2967 878 3000 corrodia
893 2967 1005 3009 aliqua
1020 2966 1284 3008 imperpetuum,
1297 2965 1351 2997 vel
1366 2965 1409 2997 ad
1419 2967 1555 3007 tempus
1566 2964 1645 3005 vite,
1657 2963 1824 3006 cuiquam,

1979 1204 1988 1278 ,Δ-..μ

1980 1490 1988 1734 ,μμ-..-ᾐ-ῌψ-
1986 1475 1988 1477 .
1983 1425 1988 1460 ..m
