1988 3256
526 371 817 406 REGISTRUM
852 372 1306 407 οοΜΜσΝΕ-ΑΝΝΟ
1347 364 1410 408 1⁰.
1618 363 1713 408 225

173 476 251 538 ss'l'g'
324 481 420 522 parte
437 478 596 511 Partibus
620 479 811 520 antedictis,
835 490 895 522 per
916 480 1005 512 viros
1027 479 1213 520 fidedignos
1229 479 1323 512 omni
1346 479 1536 521 suspicione
1552 482 1714 520 carentes,

174 545 201 572 v
219 544 228 571 ¹
242 531 267 571 Ἰ
324 524 563 555 contentorum
579 523 614 555 in
631 524 722 555 dicto
739 524 836 555 Brevi
852 524 1012 556 noticiam
1033 524 1184 556 debitam
1207 523 1410 563 obtinentes,
1425 523 1524 565 juxta
1541 524 1714 555 discrecio·

201 554 219 572 ⁰
231 564 238 572 ‘
271 565 278 572 “
325 576 403 597 nem
420 567 515 598 vobis
530 578 550 598 a
566 568 637 598 Deo
652 568 777 607 datam,
793 568 828 599 in
845 568 954 599 forma
973 568 1199 610 jurandorum
1222 568 1364 599 testium
1387 568 1567 609 diligenter
1589 568 1713 599 exami-

172 605 219 634 fol.
234 608 279 636 sb.
328 611 441 641 nando
456 614 491 642 et
506 611 632 653 absque
645 612 789 652 strepitu
808 614 843 643 et
859 612 965 652 figura
980 612 1108 653 judicii,
1119 612 1300 643 summarie
1317 615 1351 642 et
1366 612 1408 643 de
1424 612 1524 653 plano
1535 611 1716 652 inquiratis

325 654 513 686 veritatem.
573 656 617 686 Et
639 665 705 696 que
727 665 787 696 per
809 655 1070 696 Inquisicionem
1093 655 1290 697 hujusmodi
1313 655 1519 695 inveneritis,
1536 665 1606 695 nos,
1630 655 1715 686 citra

326 698 466 730 Festum
499 699 743 730 Translacionis
775 700 889 731 Sancti
919 699 1089 731 Swithuni
1113 700 1266 740 proximo
1295 699 1466 739 futurum,
1497 699 1658 731 distincte
1681 702 1716 730 et

327 745 442 782 aperte
454 742 644 774 certificetis
660 753 720 784 per
736 743 865 774 Literas
877 746 1004 774 vestras
1018 747 1174 784 patentes
1188 746 1225 774 et
1239 743 1376 783 clausas,
1389 743 1510 775 harum
1523 746 1559 774 et
1570 743 1716 784 Inquisi-

325 785 429 817 cionis
452 789 562 818 vestre
582 786 711 826 seriem,
737 797 804 818 una
826 797 903 818 cum
927 787 1019 818 dicto
1042 787 1151 826 Brevi,
1175 787 1320 827 plenarie
1342 787 1565 826 continentes,
1590 789 1632 818 ut
1654 797 1714 818 nos

326 833 464 869 extunc,
494 830 582 862 infra
607 830 708 862 breve
735 833 880 872 tempus,
907 830 1110 862 Justiciariis
1133 831 1176 862 de
1199 831 1320 862 Assisis
1350 832 1537 862 secundum
1560 829 1715 871 ejusdem

327 873 442 905 Brevis
458 874 663 915 exigenciam
678 875 857 906 cerciorare
874 874 1054 906 valeamus.
1100 874 1155 906 Ad
1170 885 1236 915 que
1251 875 1404 906 facienda
1419 874 1514 906 vobis
1529 873 1714 906 committi-

326 926 402 949 mus
419 918 507 950 vices
522 921 663 950 nostras.
708 918 999 950 valeta—Dated
1016 918 1167 958 London,
1184 919 1226 950 23
1242 918 1342 950 June.

282 987 360 1027 For
392 989 607 1029 Collectors
638 990 680 1028 of
712 990 813 1028 alms
845 990 985 1028 within
1017 989 1087 1028 the
1125 989 1288 1028 Diocese
1314 1001 1325 1038 ;
1357 990 1439 1028 Pro
1473 988 1718 1037 Questoribus

336 1043 474 1082 Sancti
491 1045 667 1094 Spiritus
685 1045 731 1082 de
754 1044 850 1082 Urbe
871 1042 1163 1096 [Romana]—

173 1093 275 1127 UUU·
285 1098 440 1139 Thomas,
457 1103 535 1138 etc.‚
555 1099 718 1131 universis
733 1101 768 1130 et
783 1099 924 1139 singulis
947 1098 1201 1130 Archidiaconis
1223 1098 1258 1129 in
1283 1098 1431 1130 Ecclesia
1453 1101 1569 1130 nostra
1591 1099 1715 1131 Exoni-
1775 1130 1778 1132 ,

174 1129 233 1159 US·]
327 1143 410 1182 ensi,
426 1146 462 1175 et
476 1154 593 1175 eorum
610 1142 814 1175 Officialibus
831 1152 839 1181 ;
862 1153 1002 1182 necnon,
1019 1141 1162 1173 Decanis
1187 1142 1377 1182 Ruralibus,
1394 1142 1618 1174 Ecclesiarum
1636 1144 1716 1175 Rec-

328 1187 468 1227 toribus,
493 1187 669 1228 Perpetuis
693 1186 844 1225 vicariis,
869 1189 903 1218 et
928 1186 1125 1217 Presbiteris
1156 1186 1416 1226 Parochialibus,
1440 1189 1512 1218 tam
1543 1190 1659 1218 nostre
1682 1190 1718 1219 et

327 1230 465 1263 alterius
477 1230 724 1272 cujuscumque
735 1229 916 1261 Peculiaris
926 1240 1029 1271 quam
1041 1229 1146 1261 eciam
1159 1229 1443 1261 Archidiaconalis
1455 1230 1477 1262 J
1480 1230 1718 1271 urisdiccionis,

327 1277 520 1306 nostrarum
537 1274 694 1306 Civitatis
709 1277 745 1305 et
760 1273 918 1314 Diocesis,
935 1274 1092 1312 salutem,
1110 1274 1366 1305 etc—Gratum
1391 1274 1603 1315 impenditur
1624 1274 1718 1306 obse-

327 1319 447 1359 quium
470 1318 644 1350 Altissimo
667 1321 702 1349 et
724 1321 899 1358 acceptum
923 1317 1007 1348 dum
1029 1317 1186 1358 operibus
1208 1317 1378 1349 insistitur
1393 1318 1529 1358 pietatis
1544 1327 1610 1359 que
1633 1318 1717 1350 iram

328 1363 463 1404 mitigat
485 1365 521 1394 et
543 1361 805 1394 misericordiam
827 1361 953 1392 excitat
977 1361 1171 1393 Salvatoris.
1218 1361 1300 1401 Hac,
1333 1371 1463 1402 nempe,
1496 1361 1718 1394 meditacione

328 1406 526 1447 propensius
548 1405 696 1444 excitati,
714 1404 807 1436 vobis
831 1404 994 1436 universis
1017 1406 1053 1436 et
1075 1404 1218 1445 singulis
1240 1404 1276 1436 in
1299 1404 1429 1436 virtute
1445 1405 1646 1437 Obediencie
1662 1405 1715 1437 fir·

329 1450 431 1482 miter
457 1449 667 1491 injungimus
693 1451 729 1480 et
754 1449 955 1479 mandamus
986 1448 1158 1489 quatinus,
1185 1459 1263 1479 cum
1294 1452 1526 1489 procuratores
1556 1459 1616 1480 seu
1647 1450 1718 1481 veri

328 1494 444 1526 nuncii
463 1493 616 1535 Magistri
631 1496 666 1524 et
682 1492 840 1524 Fratrum
865 1491 1050 1533 Hospitalis
1073 1491 1188 1523 Sancti
1211 1491 1358 1533 Spiritus
1381 1492 1424 1524 de
1448 1492 1540 1524 Urbe
1563 1492 1716 1525 Romana

329 1537 372 1569 ad
389 1548 446 1569 vos
469 1548 528 1569 seu
555 1536 717 1568 Ecclesias
732 1538 794 1567 aut
818 1535 904 1567 Loca
927 1539 1039 1567 vestra
1060 1535 1268 1575 accesserint,
1286 1535 1437 1567 fidelium
1454 1536 1652 1568 elemosinas
1674 1537 1717 1568 ad

328 1581 612 1613 sustentacionem
630 1589 817 1621 pauperum
833 1582 868 1610 et
883 1579 1093 1610 infirmorum
1109 1579 1144 1610 in
1160 1579 1251 1611 dieto
1268 1579 1436 1620 Hospitali
1451 1579 1648 1620 degencium
1664 1580 1719 1621 pie

329 1625 480 1667 petituri,
496 1625 586 1666 ipsos
608 1624 650 1654 ad
673 1623 736 1655 hoe
758 1622 988 1654 favorabiliter
1009 1622 1210 1662 admittatis,
1234 1623 1413 1664 Privilegia
1429 1626 1464 1655 et
1480 1623 1718 1664 Indulgencias

327 1670 437 1701 eidem
454 1668 623 1709 Hospitali
637 1668 703 1699 rite
718 1677 872 1698 concessa
886 1667 982 1699 Clero
997 1669 1033 1698 et
1047 1666 1172 1707 populo
1188 1666 1282 1698 vobis
1294 1667 1472 1698 commisso
1487 1667 1671 1708 exponatis,
1682 1670 1718 1699 et

329 1713 463 1745 eosdem
480 1722 645 1753 exponere
661 1711 866 1752 permittatis
882 1710 962 1742 locis
977 1713 1013 1742 et
1028 1710 1238 1751 temporibus
1260 1710 1429 1742 consuetis
1443 1721 1452 1750 ;
1475 1711 1571 1750 dum,
1589 1713 1715 1750 tamen,

329 1757 473 1788 formam
498 1754 741 1787 Predecessoris
764 1754 872 1786 nostri
894 1753 1070 1785 inmediati
1092 1757 1244 1794 tempore
1267 1754 1430 1786 usitatam
1445 1757 1481 1786 et
1499 1757 1659 1786 contenta
1681 1754 1716 1786 in

330 1800 452 1832 Literis
475 1799 676 1841 Apostolicis
691 1798 738 1829 eis
754 1798 916 1829 concessis
939 1798 974 1829 in
998 1797 1111 1838 aliquo
1133 1807 1200 1829 non
1224 1798 1398 1829 excedant.
1448 1798 1658 1838 mandantes,
1681 1801 1718 1830 et

328 1845 363 1876 in
379 1844 507 1875 virtute
523 1842 724 1876 Obediencie
739 1841 880 1873 firmiter
895 1841 1123 1883 injungentes,
1143 1841 1304 1882 quatinus
1319 1841 1481 1882 quicquid
1505 1842 1559 1883 pia
1582 1842 1718 1874 devocio

328 1888 481 1920 fidelium
497 1887 622 1918 eisdem
640 1885 913 1927 procuratoribus
928 1895 986 1916 seu
1004 1884 1135 1916 nunciis
1150 1885 1186 1916 in
1203 1885 1265 1916 hac
1280 1888 1378 1926 parte
1392 1885 1530 1917 duxerit
1544 1886 1717 1917 conferen-

327 1933 411 1964 dum
434 1942 493 1963 seu
516 1931 708 1971 legandum,
732 1929 812 1970 ipsis
835 1929 907 1960 sine
930 1928 1158 1960 diminucione
1180 1939 1394 1970 quacumque
1417 1929 1548 1961 faciatis
1564 1929 1717 1962 celeriter

326 1975 468 2008 liberari.
507 1974 684 2010 Volumus,
700 1977 827 2012 autem,
843 1973 935 2014 quod
950 1976 1124 2014 questores
1141 1972 1279 2004 Fabrice
1297 1972 1441 2004 Ecclesie
1457 1976 1572 2004 nostre
1589 1974 1714 2005 Exoni-

325 2020 414 2052 ensis
445 2022 596 2060 tempore
627 2016 920 2057 Quadragesimali,
951 2015 1130 2057 questibus
1160 2016 1233 2047 aliis
1256 2019 1340 2048 tunc
1363 2017 1581 2057 cessantibus,
1613 2017 1713 2058 privi-

326 2064 411 2105 legio
425 2063 596 2104 gaudeant
610 2060 779 2102 singulari.
827 2059 1046 2091 Presentibus
1062 2070 1121 2101 per
1138 2069 1245 2091 unum
1260 2070 1387 2092 annum
1404 2071 1423 2092 a
1438 2060 1519 2092 data
1533 2061 1717 2093 earundem

324 2106 565 2140 tantummodo
579 2103 919 2136 duraturis.—Dated
943 2103 1094 2142 London,
1112 2105 1128 2134 1
1146 2103 1167 2135 J
1172 2103 1238 2145 uly.

283 2153 385 2191 Item,
403 2150 520 2182 eodem
543 2149 608 2187 die,
627 2147 797 2180 emanavit
819 2148 916 2189 quasi
938 2147 1111 2179 consimile
1134 2147 1347 2186 Mandatum,
1366 2147 1508 2179 mutatis
1530 2148 1713 2188 mutandis,

325 2206 387 2237 pro
403 2193 572 2235 Hospitali
588 2192 704 2225 Sancti
725 2191 878 2230 Antonii,
903 2191 939 2222 in
962 2191 1071 2222 forma
1093 2194 1263 2231 consueta,
1280 2201 1340 2232 per
1363 2201 1471 2223 unum
1486 2202 1616 2224 annum
1639 2195 1714 2224 tan·

325 2238 507 2271 tummodo
521 2235 847 2268 duraturum—See
862 2234 987 2275 Bislwp
1002 2234 1172 2275 Stafford’a
1187 2234 1339 2275 Regi-ster,
1356 2244 1440 2276 page
1455 2235 1530 2267 311.

281 2306 337 2345 St,
360 2302 746 2354 Mawgan·in-Pyder
756 2315 769 2350 3
788 2300 1037 2350 Diwensacz’o
1045 2303 1167 2350 juvata
1184 2300 1400 2349 capitulum
1414 2301 1517 2340 Cum
1536 2314 1583 2340 ex
1601 2314 1716 2349 eo,—

319 2359 364 2399 N
361 2358 635 2405 anscun‘nel,—-

282 2414 437 2453 Thomas,
468 2416 549 2452 etc„
582 2411 604 2444 J
607 2410 732 2443 ohanni
762 2409 991 2449 Nanscunnel,
1023 2409 1159 2441 Rectori
1188 2409 1334 2441 Ecclesie
1365 2409 1568 2442 Parochialis
1598 2410 1715 2442 Sancti

327 2456 496 2498 Maugani,
515 2456 670 2495 salutem,
687 2453 1023 2486 etc—Attendentes
1038 2455 1075 2485 te
1090 2453 1161 2484 fore
1183 2453 1331 2485 habilem
1347 2455 1383 2485 et
1397 2453 1568 2495 ydoneum
1583 2454 1626 2485 ad
1642 2457 1714 2486 stu-

326 2501 487 2540 dendum,
505 2503 546 2531 ut
560 2510 620 2541 per
635 2508 742 2530 unum
758 2507 898 2536 annum,
917 2507 936 2528 a
951 2497 1030 2528 data
1048 2496 1263 2528 Presencium
1279 2497 1438 2528 continue
1453 2497 1712 2538 numerandum,

326 2545 360 2576 in
378 2543 609 2577 Universitate
633 2541 761 2574 Oxonie
782 2541 937 2572 insistere
953 2540 1062 2572 valeas
1084 2540 1199 2572 studio
1222 2540 1408 2580 literarum,
1423 2541 1582 2582 quodque
1597 2541 1641 2572 ad
1657 2541 1714 2573 Sa-

327 2598 399 2619 cros
416 2587 557 2620 Ordines
572 2586 664 2618 ultra
680 2585 840 2618 Ordinem
864 2584 1144 2624 Subdiaconatus,
1160 2584 1193 2615 in
1210 2594 1287 2625 quo,
1305 2586 1346 2616 ut
1361 2584 1531 2624 asseritur,
1549 2584 1712 2616 constitu-

327 2634 385 2663 tus
407 2630 533 2670 existis,
556 2629 694 2662 interim
717 2628 904 2670 promoveri
926 2627 1066 2659 minime
1088 2627 1256 2665 tenearis3
1279 2627 1374 2666 dum,
1400 2631 1525 2667 tamen,
1541 2628 1630 2660 dicte
1653 2631 1713 2660 tue

328 2674 473 2706 Ecclesie
495 2673 605 2705 medio
621 2676 772 2714 tempore
794 2671 1002 2703 deserviatur
1023 2670 1238 2702 laudabiliter
1257 2671 1292 2702 in
1316 2670 1456 2710 Divinis,
1473 2675 1510 2703 et
1524 2671 1713 2704 animarum

328 2728 407 2749 cura
422 2717 456 2749 in
473 2717 590 2749 eadem
611 2716 807 2748 nullatenus
829 2715 1016 2754 necligatur
1030 2725 1038 2753 3
1061 2717 1184 2754 tecum,
1200 2714 1300 2756 juxta
1315 2715 1502 2756 capitulum
1519 2714 1601 2747 Cum
1616 2725 1654 2748 a
1668 2726 1712 2755 eo,

328 2766 444 2793 tenore
460 2761 673 2792 Presencium
688 2759 930 2800 dispensamus.
976 2757 1112 2789 Proviso
1127 2758 1220 2799 quod
1236 2761 1485 2798 procuratorem
1500 2759 1537 2790 in
1548 2759 1639 2790 dicta
1651 2762 1713 2791 tua

328 2804 475 2837 Ecclesia
489 2804 642 2836 dimittas
657 2803 888 2842 sufficientem,
899 2801 958 2843 qui
974 2801 1069 2833 nobis
1085 2804 1121 2833 et
1135 2801 1259 2833 nostris
1270 2801 1434 2834 Ministris
1447 2801 1562 2835 debite
1576 2813 1711 2844 respon·

326 2848 406 2880 deat
420 2848 491 2880 vice
507 2851 575 2881 tua.
621 2847 733 2879 Dated
747 2844 928 2888 [London],
946 2845 964 2877 1
979 2843 1003 2876 J
1006 2844 1074 2887 uly.

285 2919 418 2958 Roche
434 2932 446 2967 ;
473 2918 534 2958 De
551 2918 782 2969 inquirendo
809 2930 923 2966 super
949 2915 1233 2955 incontinent-ia
1251 2916 1416 2955 Domini
1433 2917 1614 2968 Huqonis
1630 2917 1715 2956 Fil-

322 2975 429 3021 berte,
446 2973 618 3012 Rectoris
635 2973 681 3011 de
699 2973 740 3011 la
757 2971 951 3019 Rome,-

312 3043 343 3087 Q
