1988 3256
279 333 374 379 322
496 346 598 380 Tne
623 346 866 381 REGISTER
895 346 957 379 or
982 346 1161 379 msnor
1185 345 1597 381 BRANTYNGHAM.

279 445 376 506 ‘1⁸:373st
431 449 540 481 forma
554 449 641 491 juris
654 449 804 491 legitime
816 449 1022 491 proposituri
1038 460 1046 489 ;
1062 449 1195 489 facturi,
1209 450 1323 490 eciam,
1334 453 1396 482 etc.
1404 449 1558 482 —Dated
1570 452 1607 481 at
1618 445 1821 488 Chudleigh,

279 496 385 541 Veh-12
433 492 452 527 7
469 494 631 536 January,
649 494 781 527 1373-4.
845 493 980 525 Similar
996 493 1172 525 Mandates
1188 504 1273 525 were
1296 494 1446 526 directed
1469 498 1506 525 to
1522 493 1581 525 the
1596 493 1693 524 other
1715 489 1821 523 Arch-

434 538 578 570 deacons
600 548 643 569 on
668 537 728 569 the
751 547 844 568 same
875 537 951 578 day.

393 597 563 648 Chapels
582 610 591 644 ;
619 597 773 635 Licence
793 604 830 635 to
849 597 1095 644 celebrate,—

391 652 490 692 Item,
514 652 649 691 ibidem,
667 651 744 693 viija
760 652 815 683 die
831 651 955 683 mensis
970 651 1123 692 predicti,
1142 652 1307 684 Henricus
1324 651 1511 693 Percehaye
1527 654 1563 684 et
1581 649 1725 683 Isabella
1747 648 1823 691 ejus

434 706 519 727 uxor
531 695 726 727 habuerunt
738 695 934 735 Licenciam,
943 699 1017 735 etc.,
1026 695 1059 726 in
1074 695 1209 737 Capella
1222 696 1310 727 infra
1324 696 1510 727 Manerium
1522 706 1623 727 suum
1638 694 1680 726 de
1687 694 1823 735 Kytone

434 739 469 770 in
487 739 648 771 Parochia
664 740 706 770 de
723 739 927 770 Holecombe
946 740 1060 780 Roges,
1078 739 1241 780 quamdiu
1261 739 1406 771 Domino
1424 739 1597 780 placuerit.

391 782 491 821 Item,
508 782 645 823 ibidem,
663 782 730 824 xij&
744 783 799 814 die
811 783 934 814 mensis
947 783 1099 824 predicti,
1114 783 1281 815 Dominus
1295 783 1460 815 concessit
1474 783 1640 814 Willelmo
1654 779 1820 822 Dymoke,

434 829 469 858 et
485 826 561 868 ejus
577 826 683 865 uxori,
700 826 900 866 Licenciam,
917 831 990 866 etc.,
1007 826 1043 858 in
1062 827 1197 868 Capella
1210 827 1326 860 Sancti
1342 827 1508 859 Leonardi
1521 827 1612 858 iufra
1633 824 1823 857 Manerium

434 880 537 902 suum
553 871 595 901 de
610 870 775 911 Modbery
792 880 904 911 parva,
921 871 1096 912 quamdiu,
1113 878 1177 903 etc.

279 929 335 991 2¹13
393 931 714 981 Drewsteignton
735 928 986 983 [Teyngtone
1006 931 1103 978 Dru,
1130 929 1236 982 Ms]
1264 931 1417 970 [letters
1437 931 1725 978 Dimissory‚—

337 982 345 990 ⁶
391 985 563 1017 —Master
595 985 742 1029 William
770 985 1031 1025 Chaddesleghe,
1060 985 1259 1025 subdeacon,
1291 986 1330 1017 R.
1364 986 1400 1017 of
1429 985 1714 1025 Drewsteignton,
1747 982 1766 998 “
1781 981 1824 1013 ad

436 1029 570 1060 ordines
586 1029 792 1060 Diaconatus
807 1032 842 1060 et
859 1029 1107 1060 Presbiteratus
1121 1029 1139 1042 '³
1163 1029 1382 1070 (Chudleigh,
1402 1031 1440 1061 14
1457 1030 1478 1061 J
1482 1028 1561 1069 an.).

393 1089 452 1128 St.
469 1088 616 1128 Breoke
630 1086 686 1142 [N
688 1094 846 1140 ansynt,
859 1088 979 1139 juxta
994 1090 1187 1135 Powtone‚
1203 1087 1315 1142 MS.].
1326 1091 1388 1128 Sir
1400 1090 1424 1127 J
1428 1090 1489 1128 oh.
1508 1087 1757 1140 Fayreforde,
1774 1086 1820 1125 R.

393 1144 531 1176 Licence
546 1143 581 1175 of
596 1143 850 1187 non-residence
866 1143 918 1174 for
934 1146 1000 1175 two
1015 1152 1112 1185 years
1128 1143 1345 1185 (Chudleigh,
1365 1145 1406 1177 25
1423 1144 1524 1183 Jan.).

392 1210 565 1261 Glasney
578 1223 589 1258 ;
617 1210 699 1248 Pro
720 1209 951 1259 Capella,—

281 1264 334 1292 fol.
389 1265 488 1303 Item,
512 1264 648 1304 ibidem,
674 1263 835 1305 Magister
857 1264 967 1296 Adam
991 1264 1127 1305 Sparke,
1152 1264 1341 1297 Canonicus
1365 1264 1481 1296 Sancti
1503 1264 1640 1304 Thome,
1665 1262 1823 1302 Martiris,

281 1300 324 1326 4⁵·
443 1308 618 1350 Glasneye,
636 1308 757 1340 habuit
772 1308 960 1340 Licenciam
976 1308 1140 1339 celebrare
1156 1308 1191 1339 in
1209 1308 1343 1348 Capella
1358 1308 1447 1340 infra
1459 1318 1615 1339 mansum
1626 1317 1728 1339 suum
1737 1306 1826 1338 infra

280 1332 379 1394 ἓξὲξ
443 1352 605 1385 Clausum
630 1351 805 1393 Glasneye,
821 1363 880 1383 seu
905 1362 963 1392 per
979 1352 1203 1392 presbiterum
1227 1352 1387 1384 idoneum
1404 1352 1439 1383 in
1455 1362 1517 1383 sua
1532 1350 1703 1393 presencia
1717 1350 1825 1382 facere

283 1401 356 1432 ms]
441 1396 610 1435 celebrari,
626 1406 686 1436 per
702 1406 810 1427 unum
826 1405 954 1427 annum
969 1395 1383 1435 duraturam,—videlicet
1398 1399 1460 1428 xvss
1474 1395 1528 1427 die
1545 1394 1728 1427 Februarii.

396 1462 689 1513 Appointment
707 1462 748 1499 of
776 1462 1149 1508 Penitentiaries,—-

394 1517 553 1556 Thomas,
583 1519 660 1555 etc.,
689 1515 799 1547 Fratri
829 1515 1010 1547 Benedicto
1042 1516 1186 1556 Lngaus,
1215 1516 1314 1548 Sacre
1345 1516 1470 1557 Pagine
1497 1515 1691 1554 Professori,
1719 1515 1826 1547 Priori

386 1598 389 1601 ,
438 1561 569 1602 Domus
587 1560 747 1591 Fratrum
765 1559 1020 1591 Predicatorum
1043 1559 1086 1591 de
1101 1560 1223 1599 Truru,
1247 1560 1402 1598 salutem,
1426 1560 1595 1592 etc.—Ad
1618 1559 1826 1591 audiendum

439 1603 673 1636 Confessiones
704 1603 858 1635 omnium
889 1607 925 1634 et
951 1603 1162 1644 singulorum
1194 1604 1478 1635 Parochianorum
1510 1606 1704 1636 nostrorum
1737 1602 1826 1635 infra

438 1647 760 1680 Archidiaconatum
785 1646 1061 1686 Cornubiensem,
1086 1647 1234 1689 ipsisque
1257 1658 1318 1688 pro
1340 1647 1526 1679 commissis
1547 1647 1711 1678 salutares
1734 1646 1825 1688 peni*-

438 1691 565 1723 tencias
588 1691 852 1732 injungenfflim,
870 1695 906 1722 et
921 1691 1165 1722 absolvendum
1189 1691 1335 1731 eosdem,
1359 1691 1463 1723 eciam
1480 1691 1514 1722 in
1532 1690 1665 1722 casibus
1687 1690 1784 1727 nobis
1806 1701 1826 1722 a

437 1735 513 1777 jure
528 1734 699 1776 permissis
715 1737 750 1766 et
765 1745 784 1765 a
801 1735 936 1766 Canone
952 1735 1130 1766 reservatis
1147 1745 1155 1773 ;
1173 1734 1330 1776 perjuriis
1353 1735 1498 1766 scienter
1513 1735 1548 1766 in
1566 1734 1683 1766 Causis
1706 1733 1824 1766 matri-

437 1778 640 1810 monialibus
656 1782 691 1810 et
707 1778 839 1818 Assisis‚
855 1788 892 1809 ae
910 1778 989 1809 alibi
1007 1778 1065 1809 ubi
1081 1778 1228 1810 vertitur
1243 1778 1460 1810 exheredacio
1477 1778 1526 1810 ve]
1548 1777 1693 1819 alicujus
1715 1777 1826 1819 gravis

440 1822 692 1863 depauperacio,
709 1821 1002 1863 impugnatoribus
1018 1832 1077 1853 seu
1094 1822 1311 1853 violatoribus
1327 1823 1347 1853 J
1353 1822 1464 1854 urium
1481 1825 1516 1853 et
1531 1821 1745 1854 Libertatum
1761 1821 1826 1853 Ec·

439 1866 710 1905 clesiasticarum,
741 1874 777 1896 et
808 1865 963 1906 precipue
988 1865 1133 1897 Ecclesie
1156 1869 1270 1897 nostre
1301 1865 1512 1898 Cathedralis
1534 1865 1671 1906 Exonie,
1694 1875 1823 1897 necnon

439 1909 715 1941 restitucionibus
745 1919 847 1948 super
875 1909 1012 1940 incertis
1043 1919 1081 1940 ac
1110 1909 1183 1941 aliis
1220 1910 1365 1941 casubus
1396 1920 1454 1950 pro
1485 1909 1609 1950 quibus
1638 1908 1825 1940 incurritur

441 1953 620 1986 Sentencia
651 1952 1019 1984 Excommunicacionis
1049 1953 1121 1993 ipso
1152 1954 1252 1992 facto,
1283 1953 1466 1985 dumtaxat
1495 1953 1644 1993 exceptis
1666 1956 1703 1984 et
1730 1952 1827 1984 nobis

440 1996 628 2038 specialiter
640 1996 817 2027 reservatis
832 2007 841 2034 ;
859 1996 933 2035 tibi,
946 1996 988 2027 de
1000 1996 1055 2038 cuj
1061 2007 1098 2027 us
1111 1996 1322 2036 consciencie,
1336 2000 1413 2035 etc.,
1428 1999 1631 2038 potestatem
1643 1995 1824 2028 committi—

441 2051 518 2072 mus
543 2050 600 2081 per
629 2040 815 2079 Presentes,
838 2050 898 2081 per
921 2050 1029 2071 unum
1055 2050 1183 2071 annum
1205 2051 1224 2071 a
1247 2040 1325 2071 data
1350 2040 1562 2072 Presencium
1585 2040 1826 2071 tantummodo

445 2084 793 2116 duraturas—Dat&
808 2086 845 2114 at
862 2083 1061 2124 Ohudleigh,
1079 2084 1119 2115 15
1137 2083 1217 2116 Feb.

398 2128 553 2166 Thomas,
570 2129 645 2167 etc.,
664 2127 773 2158 Fratri
789 2127 932 2158 Ricardo
948 2128 1103 2164 Boscarn,
1121 2127 1290 2159 Gardiano
1306 2127 1467 2159 Fratrum
1490 2126 1627 2159 Ordinis
1652 2126 1823 2158 Minorum

441 2172 637 2204 Conventus
654 2169 841 2210 Bodminie,
857 2170 1012 2210 salutem,
1029 2175 1091 2202 etc.
1104 2170 1193 2202 -Ad
1207 2170 1414 2203 audiendum
1428 2170 1659 2202 Confessiones
1671 2169 1824 2202 omnium

442 2219 477 2247 et
503 2214 713 2256 singulorum
739 2214 955 2245 subditorum
981 2218 1185 2254 nostrorum,
1212 2215 1389 2255 utriusque
1414 2225 1523 2251 sexus,
1551 2213 1646 2246 vobis
1670 2213 1824 2245 confiteri

442 2258 642 2297 voleneium,
658 2258 815 2299 ipsisque,
831 2260 894 2290 etc.
912 2257 962 2297 (ut
977 2257 1093 2298 supra)
1118 2282 1125 2290 .
1148 2282 1156 2290 .
1182 2281 1190 2291 .
1214 2281 1234 2297 .,
1247 2258 1282 2289 in
1299 2257 1422 2289 Assisis
1438 2261 1498 2289 aut
1510 2257 1589 2289 alibi
1600 2257 1658 2288 ubi
1670 2257 1825 2299 sequitur

444 2312 535 2334 mors
566 2301 619 2333 vel
650 2301 875 2341 exheredacio,
907 2311 965 2333 seu
997 2302 1106 2342 gravis
1132 2302 1374 2343 depauperacio
1400 2301 1554 2343 alicujus,
1582 2300 1825 2342 iujeoeiouibus

444 2355 608 2377 manuum
624 2344 849 2376 violentarum
865 2345 900 2376 in
916 2345 1051 2376 clericos
1067 2356 1086 2376 a
1099 2344 1177 2386 jure
1193 2356 1260 2377 non
1277 2345 1458 2386 permissis,
1476 2346 1569 2385 dum,
1586 2347 1710 2383 tamen,
1727 2344 1823 2385 pueri

443 2400 512 2421 non
527 2389 656 2421 fuerint
678 2391 740 2420 aut
762 2388 929 2428 mulieres,
953 2388 1128 2420 adulteriis
1151 2389 1292 2420 notoriis
1314 2392 1350 2420 et
1372 2388 1578 2428 incestubus,
1601 2398 1639 2419 ac
1661 2388 1825 2429 inpugna-

443 2433 538 2465 cione
564 2443 623 2464 seu
650 2432 831 2464 violacione
855 2432 876 2463 J
881 2433 993 2463 urium
1013 2435 1049 2464 et
1072 2432 1284 2464 Libertatum
1314 2432 1459 2464 Ecclesie
1480 2436 1595 2464 nostre
1618 2431 1825 2472 Exoniensis,

444 2487 574 2508 necnon
589 2475 866 2508 restitucionibus
882 2486 983 2516 super
1004 2475 1151 2516 incertis,
1167 2475 1324 2517 exceptis,
1341 2478 1378 2508 et
1393 2476 1488 2507 nobis
1511 2475 1701 2516 specialiter
1722 2485 1825 2507 reser-

445 2520 557 2559 vatis3
580 2519 686 2559 vobis,
704 2519 746 2550 de
761 2519 860 2560 eujus
876 2519 1184 2560 circumspeccionis
1206 2519 1382 2559 industria,
1407 2522 1482 2558 etc.,
1509 2522 1711 2560 potestatem
1735 2529 1825 2550 com-

446 2563 617 2595 mittimus
639 2573 698 2604 per
721 2563 908 2603 Presentes,
931 2573 991 2604 per
1012 2573 1120 2594 unum
1142 2573 1270 2594 anuum
1286 2573 1306 2594 a
1321 2563 1401 2594 data
1424 2562 1639 2594 Presencium
1663 2562 1824 2594 continue

443 2607 694 2639 numerandum
717 2607 956 2638 tantummodo
979 2606 1169 2638 duraturas.
1221 2606 1364 2645 Proviso,
1389 2609 1514 2645 tamen,
1538 2606 1639 2648 quod,
1664 2606 1823 2647 quociens

446 2650 620 2683 commode
650 2649 813 2690 poteritis,
845 2649 995 2681 Verbum
1027 2650 1090 2681 Dei
1119 2649 1243 2691 populo
1269 2650 1365 2681 nobis
1391 2649 1546 2691 subjecto
1574 2660 1632 2690 per
1658 2649 1825 2681 Diooesim

445 2697 596 2726 nostram
613 2693 799 2735 predicetis,
817 2696 858 2724 ut
873 2693 1047 2732 tenemini,
1066 2692 1119 2725 vel
1142 2693 1273 2726 faciatis
1296 2704 1355 2735 per
1376 2693 1458 2725 alios
1481 2693 1656 2735 predicari,
1679 2693 1825 2725 durante

446 2737 592 2770 termino
615 2736 990 2778 supradict0.—Dated,
1006 2741 1044 2768 ut
1057 2746 1169 2777 supra.
1475 2740 1478 2745 “

292 2777 341 2804 sol·
401 2778 503 2820 Item,
521 2780 657 2820 ibidem,
674 2782 709 2812 et
725 2779 840 2811 eodem
858 2779 922 2820 die,
938 2779 1110 2812 consimile
1134 2780 1333 2811 Mandatum
1357 2780 1527 2812 emanavit
1551 2779 1661 2812 Fratri
1683 2779 1827 2812 Ricardo

294 2811 359 2841 4⁵b·
449 2825 539 2863 Pole,
559 2823 696 2857 Ordinis
718 2825 754 2855 et
778 2823 973 2855 Conventus
997 2823 1155 2855 Fratrum
1180 2823 1349 2855 Minorum
1371 2823 1558 2863 Bodminie,
1582 2823 1738 2856 videlieet
1759 2823 1825 2855 sub

447 2867 510 2900 hac
525 2867 843 2906 forma,-Thomas‚
861 2869 935 2906 etc.,
952 2866 1062 2898 Fratri
1074 2867 1216 2898 Ricardo
1230 2866 1318 2907 Pole,
1333 2867 1478 2907 Ordinis,
1491 2869 1565 2906 etc.,
1577 2866 1733 2907 salutem,
1749 2869 1824 2907 etc.,

445 2915 483 2943 ut
497 2921 600 2952 supra
615 2919 714 2952 mque
729 2909 774 2942 ad
789 2910 912 2951 populo
928 2910 1024 2941 nobis
1039 2909 1206 2951 subjecto,
1223 2914 1252 2942 et
1266 2914 1344 2942 tunc
1357 2911 1403 2942 εἰσ
1419 2920 1477 2951 per
1492 2913 1641 2943 nostram
1657 2909 1824 2943 Diocesim

447 2954 624 2995 predicetis
641 2953 706 2993 (Le.
724 2953 884 2995 omitting
901 2953 920 2969 “
934 2953 986 2985 vel
1002 2953 1132 2985 faciatis
1149 2964 1207 2995 per
1222 2953 1339 2993 alios,’'
1356 2955 1432 2994 ew.)
1632 2955 1634 2957 ’
