<?xml version="1.0" encoding="UTF-8"?>
<!DOCTYPE html PUBLIC "-//W3C//DTD XHTML 1.0 Transitional//EN"
    "http://www.w3.org/TR/xhtml1/DTD/xhtml1-transitional.dtd">
<html xmlns="http://www.w3.org/1999/xhtml" xml:lang="en" lang="en">
 <head>
  <title>
</title>
<meta http-equiv="Content-Type" content="text/html;charset=utf-8" />
  <meta name='ocr-system' content='tesseract 3.04.00' />
  <meta name='ocr-capabilities' content='ocr_page ocr_carea ocr_par ocr_line ocrx_word'/>
</head>
<body>
  <div class='ocr_page' id='page_1' title='image "./registerofthomas01hinguoft/registerofthomas01hinguoft_0269.png"; bbox 0 0 1988 3256; ppageno 0'>
   <div class='ocr_carea' id='block_1_1' title="bbox 218 466 324 563">
    <p class='ocr_par' dir='ltr' id='par_1_1' title="bbox 218 466 312 563">
     <span class='ocr_line' id='line_1_1' title="bbox 218 466 295 494; baseline 0 -1"><span class='ocrx_word' id='word_1_1' title='bbox 218 466 254 494; x_wconf 81' lang='grc' dir='ltr'><strong>Δ.</strong></span> <span class='ocrx_word' id='word_1_2' title='bbox 259 467 295 494; x_wconf 91' lang='lat' dir='ltr'><strong>D.</strong></span> 
     </span>
     <span class='ocr_line' id='line_1_2' title="bbox 218 500 294 528; baseline 0.03 -2"><span class='ocrx_word' id='word_1_3' title='bbox 218 500 294 528; x_wconf 83' lang='lat'>1371.</span> 
     </span>
     <span class='ocr_line' id='line_1_3' title="bbox 220 534 324 563; baseline 0.033 -3"><span class='ocrx_word' id='word_1_4' title='bbox 220 534 283 562; x_wconf 88' lang='lat' dir='ltr'><strong>Vol.</strong></span> <span class='ocrx_word' id='word_1_5' title='bbox 299 536 324 563; x_wconf 91' lang='lat'><strong>1.</strong></span> 
     </span>
    </p>
   </div>
   <div class='ocr_carea' id='block_1_2' title="bbox 217 2572 320 2600">
    <p class='ocr_par' dir='ltr' id='par_1_2' title="bbox 217 2572 320 2600">
     <span class='ocr_line' id='line_1_4' title="bbox 217 2572 320 2600; baseline 0.019 -2"><span class='ocrx_word' id='word_1_6' title='bbox 217 2572 264 2599; x_wconf 78' lang='lat' dir='ltr'><strong>fol.</strong></span> <span class='ocrx_word' id='word_1_7' title='bbox 279 2572 320 2600; x_wconf 89' lang='lat'><strong>17.</strong></span> 
     </span>
    </p>
   </div>
   <div class='ocr_carea' id='block_1_3' title="bbox 544 359 1759 404">
    <p class='ocr_par' dir='ltr' id='par_1_3' title="bbox 544 359 1759 404">
     <span class='ocr_line' id='line_1_5' title="bbox 544 359 1759 404; baseline 0.002 -3"><span class='ocrx_word' id='word_1_8' title='bbox 544 367 835 402; x_wconf 78' lang='lat' dir='ltr'><strong>REGISTRUM</strong></span> <span class='ocrx_word' id='word_1_9' title='bbox 869 368 1333 403; x_wconf 61' lang='lat' dir='ltr'><strong>communia—Anno</strong></span> <span class='ocrx_word' id='word_1_10' title='bbox 1372 360 1438 404; x_wconf 85' lang='lat'><strong>2⁰.</strong></span> <span class='ocrx_word' id='word_1_11' title='bbox 1667 359 1759 404; x_wconf 87' lang='lat'><strong>251</strong></span> 
     </span>
    </p>
   </div>
   <div class='ocr_carea' id='block_1_4' title="bbox 367 471 1763 3010">
    <p class='ocr_par' dir='ltr' id='par_1_4' title="bbox 368 471 1763 2705">
     <span class='ocr_line' id='line_1_6' title="bbox 371 471 1761 516; baseline 0.002 -14"><span class='ocrx_word' id='word_1_12' title='bbox 371 471 514 513; x_wconf 76' lang='lat' dir='ltr'>Scriptis</span> <span class='ocrx_word' id='word_1_13' title='bbox 542 473 782 515; x_wconf 74' lang='lat' dir='ltr'><strong>suspendimus</strong></span> <span class='ocrx_word' id='word_1_14' title='bbox 804 485 824 506; x_wconf 90' lang='lat' dir='ltr'><strong>a</strong></span> <span class='ocrx_word' id='word_1_15' title='bbox 846 474 1004 513; x_wconf 90' lang='lat' dir='ltr'><strong>Divinis;</strong></span> <span class='ocrx_word' id='word_1_16' title='bbox 1033 477 1070 506; x_wconf 91' lang='lat' dir='ltr'><strong>et</strong></span> <span class='ocrx_word' id='word_1_17' title='bbox 1091 474 1120 506; x_wconf 90' lang='lat' dir='ltr'><strong>si</strong></span> <span class='ocrx_word' id='word_1_18' title='bbox 1142 485 1202 516; x_wconf 87' lang='lat' dir='ltr'><strong>per</strong></span> <span class='ocrx_word' id='word_1_19' title='bbox 1223 474 1306 506; x_wconf 86' lang='lat' dir='ltr'><strong>alios</strong></span> <span class='ocrx_word' id='word_1_20' title='bbox 1328 485 1388 506; x_wconf 88' lang='lat' dir='ltr'><strong>sex</strong></span> <span class='ocrx_word' id='word_1_21' title='bbox 1410 474 1482 506; x_wconf 88' lang='lat' dir='ltr'><strong>dies</strong></span> <span class='ocrx_word' id='word_1_22' title='bbox 1505 474 1612 506; x_wconf 87' lang='lat' dir='ltr'><strong>dictos</strong></span> <span class='ocrx_word' id='word_1_23' title='bbox 1639 474 1687 515; x_wconf 83' lang='lat' dir='ltr'><strong>xij</strong></span> <span class='ocrx_word' id='word_1_24' title='bbox 1712 474 1761 505; x_wconf 93' lang='lat' dir='ltr'><strong>in-</strong></span> 
     </span>
     <span class='ocr_line' id='line_1_7' title="bbox 371 516 1760 560; baseline 0.001 -13"><span class='ocrx_word' id='word_1_25' title='bbox 371 516 517 548; x_wconf 88' lang='lat' dir='ltr'><strong>mediate</strong></span> <span class='ocrx_word' id='word_1_26' title='bbox 531 521 720 558; x_wconf 77' lang='lat' dir='ltr'><strong>sequentes,</strong></span> <span class='ocrx_word' id='word_1_27' title='bbox 731 529 816 559; x_wconf 90' lang='lat' dir='ltr'><strong>quos</strong></span> <span class='ocrx_word' id='word_1_28' title='bbox 832 519 989 550; x_wconf 88' lang='lat' dir='ltr'><strong>similiter</strong></span> <span class='ocrx_word' id='word_1_29' title='bbox 1000 518 1094 550; x_wconf 91' lang='lat' dir='ltr'><strong>vobis</strong></span> <span class='ocrx_word' id='word_1_30' title='bbox 1106 529 1165 560; x_wconf 86' lang='lat' dir='ltr'><strong>pro</strong></span> <span class='ocrx_word' id='word_1_31' title='bbox 1179 518 1366 550; x_wconf 82' lang='lat' dir='ltr'><strong>Monieione</strong></span> <span class='ocrx_word' id='word_1_32' title='bbox 1379 518 1547 551; x_wconf 82' lang='lat' dir='ltr'><strong>Canonica</strong></span> <span class='ocrx_word' id='word_1_33' title='bbox 1558 518 1760 560; x_wconf 87' lang='lat' dir='ltr'><strong>prefigimus,</strong></span> 
     </span>
     <span class='ocr_line' id='line_1_8' title="bbox 371 561 1763 603; baseline 0.001 -12"><span class='ocrx_word' id='word_1_34' title='bbox 371 561 631 601; x_wconf 84' lang='lat' dir='ltr'><strong>Snspensionem</strong></span> <span class='ocrx_word' id='word_1_35' title='bbox 645 561 840 603; x_wconf 75' lang='lat' dir='ltr'><strong>hujusmodi</strong></span> <span class='ocrx_word' id='word_1_36' title='bbox 853 562 1083 594; x_wconf 70' lang='lat' dir='ltr'><strong>sustinueritis</strong></span> <span class='ocrx_word' id='word_1_37' title='bbox 1092 562 1204 594; x_wconf 90' lang='lat' dir='ltr'><strong>animo</strong></span> <span class='ocrx_word' id='word_1_38' title='bbox 1213 562 1382 601; x_wconf 88' lang='lat' dir='ltr'><strong>indurato,</strong></span> <span class='ocrx_word' id='word_1_39' title='bbox 1393 562 1484 603; x_wconf 88' lang='lat' dir='ltr'><strong>quod</strong></span> <span class='ocrx_word' id='word_1_40' title='bbox 1494 562 1592 602; x_wconf 87' lang='lat' dir='ltr'><strong>absit,</strong></span> <span class='ocrx_word' id='word_1_41' title='bbox 1606 562 1640 593; x_wconf 92' lang='lat' dir='ltr'><strong>in</strong></span> <span class='ocrx_word' id='word_1_42' title='bbox 1654 573 1712 593; x_wconf 89' lang='lat' dir='ltr'><strong>vos</strong></span> <span class='ocrx_word' id='word_1_43' title='bbox 1724 573 1763 593; x_wconf 91' lang='lat' dir='ltr'><strong>ac</strong></span> 
     </span>
     <span class='ocr_line' id='line_1_9' title="bbox 371 604 1762 647; baseline 0 -11"><span class='ocrx_word' id='word_1_44' title='bbox 371 604 531 644; x_wconf 86' lang='lat' dir='ltr'><strong>Abbates,</strong></span> <span class='ocrx_word' id='word_1_45' title='bbox 544 608 618 644; x_wconf 88' lang='lat' dir='ltr'><strong>etc.,</strong></span> <span class='ocrx_word' id='word_1_46' title='bbox 631 606 691 646; x_wconf 91' lang='lat' dir='ltr'><strong>qui</strong></span> <span class='ocrx_word' id='word_1_47' title='bbox 707 605 938 638; x_wconf 77' lang='lat' dir='ltr'><strong>inobedientes</strong></span> <span class='ocrx_word' id='word_1_48' title='bbox 953 606 1086 637; x_wconf 89' lang='lat' dir='ltr'><strong>fueritis</strong></span> <span class='ocrx_word' id='word_1_49' title='bbox 1101 616 1160 638; x_wconf 85' lang='lat' dir='ltr'><strong>seu</strong></span> <span class='ocrx_word' id='word_1_50' title='bbox 1176 606 1306 638; x_wconf 88' lang='lat' dir='ltr'><strong>fuerint</strong></span> <span class='ocrx_word' id='word_1_51' title='bbox 1322 606 1374 637; x_wconf 92' lang='lat' dir='ltr'><strong>vel</strong></span> <span class='ocrx_word' id='word_1_52' title='bbox 1390 606 1529 637; x_wconf 84' lang='lat' dir='ltr'><strong>rebelles</strong></span> <span class='ocrx_word' id='word_1_53' title='bbox 1545 606 1578 637; x_wconf 90' lang='lat' dir='ltr'><strong>in</strong></span> <span class='ocrx_word' id='word_1_54' title='bbox 1593 605 1762 647; x_wconf 78' lang='lat' dir='ltr'><strong>premissis</strong></span> 
     </span>
     <span class='ocr_line' id='line_1_10' title="bbox 372 649 1763 691; baseline 0 -11"><span class='ocrx_word' id='word_1_55' title='bbox 372 659 429 680; x_wconf 91' lang='lat' dir='ltr'><strong>seu</strong></span> <span class='ocrx_word' id='word_1_56' title='bbox 446 649 560 690; x_wconf 89' lang='lat' dir='ltr'><strong>aliquo</strong></span> <span class='ocrx_word' id='word_1_57' title='bbox 583 649 835 689; x_wconf 77' lang='lat' dir='ltr'><strong>premissorum,</strong></span> <span class='ocrx_word' id='word_1_58' title='bbox 853 661 980 682; x_wconf 87' lang='lat' dir='ltr'><strong>necnon</strong></span> <span class='ocrx_word' id='word_1_59' title='bbox 1006 650 1268 682; x_wconf 66' lang='lat' dir='ltr'><strong>contradictores</strong></span> <span class='ocrx_word' id='word_1_60' title='bbox 1291 653 1326 681; x_wconf 93' lang='lat' dir='ltr'><strong>et</strong></span> <span class='ocrx_word' id='word_1_61' title='bbox 1348 650 1487 681; x_wconf 83' lang='lat' dir='ltr'><strong>rebelles</strong></span> <span class='ocrx_word' id='word_1_62' title='bbox 1509 650 1680 691; x_wconf 87' lang='lat' dir='ltr'><strong>quoslibet</strong></span> <span class='ocrx_word' id='word_1_63' title='bbox 1701 653 1763 681; x_wconf 82' lang='lat' dir='ltr'><strong>aut</strong></span> 
     </span>
     <span class='ocr_line' id='line_1_11' title="bbox 372 692 1761 734; baseline 0.001 -11"><span class='ocrx_word' id='word_1_64' title='bbox 372 692 603 733; x_wconf 77' lang='lat' dir='ltr'><strong>impedientes,</strong></span> <span class='ocrx_word' id='word_1_65' title='bbox 620 703 679 724; x_wconf 90' lang='lat' dir='ltr'><strong>seu</strong></span> <span class='ocrx_word' id='word_1_66' title='bbox 697 697 886 734; x_wconf 80' lang='lat' dir='ltr'><strong>prestantes</strong></span> <span class='ocrx_word' id='word_1_67' title='bbox 901 694 935 725; x_wconf 91' lang='lat' dir='ltr'><strong>in</strong></span> <span class='ocrx_word' id='word_1_68' title='bbox 953 694 1018 725; x_wconf 90' lang='lat' dir='ltr'><strong>hiis</strong></span> <span class='ocrx_word' id='word_1_69' title='bbox 1041 693 1226 734; x_wconf 90' lang='lat' dir='ltr'><strong>consilium,</strong></span> <span class='ocrx_word' id='word_1_70' title='bbox 1243 694 1418 734; x_wconf 85' lang='lat' dir='ltr'><strong>auxilium,</strong></span> <span class='ocrx_word' id='word_1_71' title='bbox 1436 694 1488 725; x_wconf 91' lang='lat' dir='ltr'><strong>vel</strong></span> <span class='ocrx_word' id='word_1_72' title='bbox 1503 694 1663 733; x_wconf 85' lang='lat' dir='ltr'><strong>favorem,</strong></span> <span class='ocrx_word' id='word_1_73' title='bbox 1679 704 1761 734; x_wconf 93' lang='lat' dir='ltr'><strong>quo-</strong></span> 
     </span>
     <span class='ocr_line' id='line_1_12' title="bbox 372 736 1762 778; baseline 0.001 -11"><span class='ocrx_word' id='word_1_74' title='bbox 372 736 485 768; x_wconf 83' lang='lat' dir='ltr'><strong>minus</strong></span> <span class='ocrx_word' id='word_1_75' title='bbox 509 737 621 767; x_wconf 83' lang='lat' dir='ltr'><strong>omnia</strong></span> <span class='ocrx_word' id='word_1_76' title='bbox 647 740 683 768; x_wconf 90' lang='lat' dir='ltr'><strong>et</strong></span> <span class='ocrx_word' id='word_1_77' title='bbox 708 737 840 778; x_wconf 83' lang='lat' dir='ltr'><strong>singula</strong></span> <span class='ocrx_word' id='word_1_78' title='bbox 863 749 966 778; x_wconf 85' lang='lat' dir='ltr'><strong>supra</strong></span> <span class='ocrx_word' id='word_1_79' title='bbox 989 741 1025 769; x_wconf 88' lang='lat' dir='ltr'><strong>et</strong></span> <span class='ocrx_word' id='word_1_80' title='bbox 1051 738 1140 769; x_wconf 85' lang='lat' dir='ltr'><strong>infra</strong></span> <span class='ocrx_word' id='word_1_81' title='bbox 1166 749 1225 778; x_wconf 88' lang='lat' dir='ltr'><strong>per</strong></span> <span class='ocrx_word' id='word_1_82' title='bbox 1254 748 1314 769; x_wconf 88' lang='lat' dir='ltr'><strong>nos</strong></span> <span class='ocrx_word' id='word_1_83' title='bbox 1339 737 1495 778; x_wconf 83' lang='lat' dir='ltr'><strong>injuncta</strong></span> <span class='ocrx_word' id='word_1_84' title='bbox 1519 748 1578 769; x_wconf 87' lang='lat' dir='ltr'><strong>seu</strong></span> <span class='ocrx_word' id='word_1_85' title='bbox 1602 738 1762 769; x_wconf 82' lang='lat' dir='ltr'><strong>mandata</strong></span> 
     </span>
     <span class='ocr_line' id='line_1_13' title="bbox 371 779 1761 823; baseline 0.001 -12"><span class='ocrx_word' id='word_1_86' title='bbox 371 780 529 812; x_wconf 84' lang='lat' dir='ltr'><strong>effectum</strong></span> <span class='ocrx_word' id='word_1_87' title='bbox 552 779 707 812; x_wconf 86' lang='lat' dir='ltr'><strong>debitum</strong></span> <span class='ocrx_word' id='word_1_88' title='bbox 730 786 990 822; x_wconf 86' lang='lat' dir='ltr'><strong>consequentur,</strong></span> <span class='ocrx_word' id='word_1_89' title='bbox 1013 781 1258 823; x_wconf 85' lang='lat' dir='ltr'><strong>cujuscumque</strong></span> <span class='ocrx_word' id='word_1_90' title='bbox 1281 781 1467 822; x_wconf 81' lang='lat' dir='ltr'><strong>dignitatis,</strong></span> <span class='ocrx_word' id='word_1_91' title='bbox 1483 784 1605 820; x_wconf 89' lang='lat' dir='ltr'><strong>status,</strong></span> <span class='ocrx_word' id='word_1_92' title='bbox 1628 781 1761 823; x_wconf 85' lang='lat' dir='ltr'><strong>gradus,</strong></span> 
     </span>
     <span class='ocr_line' id='line_1_14' title="bbox 372 824 1762 866; baseline 0.001 -11"><span class='ocrx_word' id='word_1_93' title='bbox 372 824 509 863; x_wconf 89' lang='lat' dir='ltr'><strong>ordinis,</strong></span> <span class='ocrx_word' id='word_1_94' title='bbox 525 824 578 855; x_wconf 91' lang='lat' dir='ltr'><strong>vel</strong></span> <span class='ocrx_word' id='word_1_95' title='bbox 594 825 796 856; x_wconf 85' lang='lat' dir='ltr'><strong>condicionis</strong></span> <span class='ocrx_word' id='word_1_96' title='bbox 813 826 970 864; x_wconf 71' lang='lat' dir='ltr'><strong>existant,</strong></span> <span class='ocrx_word' id='word_1_97' title='bbox 988 826 1098 866; x_wconf 87' lang='lat' dir='ltr'><strong>spacio</strong></span> <span class='ocrx_word' id='word_1_98' title='bbox 1113 836 1171 856; x_wconf 87' lang='lat' dir='ltr'><strong>sex</strong></span> <span class='ocrx_word' id='word_1_99' title='bbox 1187 826 1318 857; x_wconf 90' lang='lat' dir='ltr'><strong>dierum</strong></span> <span class='ocrx_word' id='word_1_100' title='bbox 1335 826 1378 857; x_wconf 88' lang='lat' dir='ltr'><strong>ad</strong></span> <span class='ocrx_word' id='word_1_101' title='bbox 1394 825 1608 866; x_wconf 86' lang='lat' dir='ltr'><strong>purgandum</strong></span> <span class='ocrx_word' id='word_1_102' title='bbox 1633 836 1762 857; x_wconf 83' lang='lat' dir='ltr'><strong>moram</strong></span> 
     </span>
     <span class='ocr_line' id='line_1_15' title="bbox 373 868 1763 910; baseline 0.001 -11"><span class='ocrx_word' id='word_1_103' title='bbox 373 878 431 900; x_wconf 87' lang='lat' dir='ltr'><strong>seu</strong></span> <span class='ocrx_word' id='word_1_104' title='bbox 448 868 581 909; x_wconf 86' lang='lat' dir='ltr'><strong>culpam</strong></span> <span class='ocrx_word' id='word_1_105' title='bbox 598 868 797 910; x_wconf 82' lang='lat' dir='ltr'><strong>hujusmodi</strong></span> <span class='ocrx_word' id='word_1_106' title='bbox 811 869 952 909; x_wconf 89' lang='lat' dir='ltr'><strong>singulis</strong></span> <span class='ocrx_word' id='word_1_107' title='bbox 967 879 1082 900; x_wconf 88' lang='lat' dir='ltr'><strong>eornm</strong></span> <span class='ocrx_word' id='word_1_108' title='bbox 1099 869 1243 908; x_wconf 88' lang='lat' dir='ltr'><strong>indulto,</strong></span> <span class='ocrx_word' id='word_1_109' title='bbox 1260 873 1295 901; x_wconf 89' lang='lat' dir='ltr'><strong>et</strong></span> <span class='ocrx_word' id='word_1_110' title='bbox 1311 880 1370 910; x_wconf 90' lang='lat' dir='ltr'><strong>pro</strong></span> <span class='ocrx_word' id='word_1_111' title='bbox 1387 869 1555 901; x_wconf 83' lang='lat' dir='ltr'><strong>Canonica</strong></span> <span class='ocrx_word' id='word_1_112' title='bbox 1575 869 1763 901; x_wconf 86' lang='lat' dir='ltr'><strong>Monicione</strong></span> 
     </span>
     <span class='ocr_line' id='line_1_16' title="bbox 372 912 1761 954; baseline 0.001 -11"><span class='ocrx_word' id='word_1_113' title='bbox 372 912 542 953; x_wconf 88' lang='lat' dir='ltr'><strong>premissa,</strong></span> <span class='ocrx_word' id='word_1_114' title='bbox 559 912 595 943; x_wconf 90' lang='lat' dir='ltr'><strong>in</strong></span> <span class='ocrx_word' id='word_1_115' title='bbox 610 912 675 943; x_wconf 91' lang='lat' dir='ltr'><strong>hiis</strong></span> <span class='ocrx_word' id='word_1_116' title='bbox 691 912 833 954; x_wconf 84' lang='lat' dir='ltr'><strong>Scriptis</strong></span> <span class='ocrx_word' id='word_1_117' title='bbox 850 913 1219 945; x_wconf 78' lang='lat' dir='ltr'><strong>Excommunicacionis</strong></span> <span class='ocrx_word' id='word_1_118' title='bbox 1235 913 1450 945; x_wconf 82' lang='lat' dir='ltr'><strong>Sentenciam</strong></span> <span class='ocrx_word' id='word_1_119' title='bbox 1465 913 1607 944; x_wconf 91' lang='lat' dir='ltr'><strong>ferimus</strong></span> <span class='ocrx_word' id='word_1_120' title='bbox 1630 916 1665 944; x_wconf 91' lang='lat' dir='ltr'><strong>et</strong></span> <span class='ocrx_word' id='word_1_121' title='bbox 1684 913 1761 954; x_wconf 86' lang='lat' dir='ltr'><strong>&#39;pro-</strong></span> 
     </span>
     <span class='ocr_line' id='line_1_17' title="bbox 371 955 1762 997; baseline 0.001 -10"><span class='ocrx_word' id='word_1_122' title='bbox 371 956 564 996; x_wconf 85' lang='lat' dir='ltr'><strong>mulgamus</strong></span> <span class='ocrx_word' id='word_1_123' title='bbox 581 967 588 995; x_wconf 87' lang='lat'>;</span> <span class='ocrx_word' id='word_1_124' title='bbox 620 955 785 997; x_wconf 83' lang='lat' dir='ltr'><strong>Capitula,</strong></span> <span class='ocrx_word' id='word_1_125' title='bbox 814 968 901 996; x_wconf 90' lang='lat' dir='ltr'><strong>vero,</strong></span> <span class='ocrx_word' id='word_1_126' title='bbox 929 959 965 988; x_wconf 90' lang='lat' dir='ltr'><strong>et</strong></span> <span class='ocrx_word' id='word_1_127' title='bbox 993 957 1190 989; x_wconf 87' lang='lat' dir='ltr'><strong>Conventus</strong></span> <span class='ocrx_word' id='word_1_128' title='bbox 1217 957 1276 997; x_wconf 93' lang='lat' dir='ltr'><strong>qui</strong></span> <span class='ocrx_word' id='word_1_129' title='bbox 1305 957 1340 988; x_wconf 90' lang='lat' dir='ltr'><strong>iu</strong></span> <span class='ocrx_word' id='word_1_130' title='bbox 1369 957 1538 997; x_wconf 83' lang='lat' dir='ltr'><strong>premissis</strong></span> <span class='ocrx_word' id='word_1_131' title='bbox 1565 957 1616 988; x_wconf 88' lang='lat' dir='ltr'><strong>vel</strong></span> <span class='ocrx_word' id='word_1_132' title='bbox 1645 967 1762 988; x_wconf 86' lang='lat' dir='ltr'><strong>eorum</strong></span> 
     </span>
     <span class='ocr_line' id='line_1_18' title="bbox 372 999 1760 1042; baseline 0.001 -11"><span class='ocrx_word' id='word_1_133' title='bbox 372 999 484 1041; x_wconf 84' lang='lat' dir='ltr'><strong>aliquo</strong></span> <span class='ocrx_word' id='word_1_134' title='bbox 500 1000 681 1040; x_wconf 85' lang='lat' dir='ltr'><strong>culpabiles</strong></span> <span class='ocrx_word' id='word_1_135' title='bbox 696 1000 825 1032; x_wconf 84' lang='lat' dir='ltr'><strong>fuerint</strong></span> <span class='ocrx_word' id='word_1_136' title='bbox 841 1001 1079 1041; x_wconf 88' lang='lat' dir='ltr'><strong>suspendimus</strong></span> <span class='ocrx_word' id='word_1_137' title='bbox 1101 1011 1122 1032; x_wconf 85' lang='lat' dir='ltr'><strong>a</strong></span> <span class='ocrx_word' id='word_1_138' title='bbox 1144 1001 1283 1032; x_wconf 85' lang='lat' dir='ltr'><strong>Divinis.</strong></span> <span class='ocrx_word' id='word_1_139' title='bbox 1332 1001 1468 1040; x_wconf 87' lang='lat' dir='ltr'><strong>Nostre,</strong></span> <span class='ocrx_word' id='word_1_140' title='bbox 1486 1000 1634 1042; x_wconf 84' lang='lat' dir='ltr'><strong>insuper,</strong></span> <span class='ocrx_word' id='word_1_141' title='bbox 1651 1001 1760 1032; x_wconf 87' lang='lat' dir='ltr'><strong>inten-</strong></span> 
     </span>
     <span class='ocr_line' id='line_1_19' title="bbox 373 1043 1763 1084; baseline 0.001 -9"><span class='ocrx_word' id='word_1_142' title='bbox 373 1043 476 1075; x_wconf 86' lang='lat' dir='ltr'><strong>cionis</strong></span> <span class='ocrx_word' id='word_1_143' title='bbox 498 1043 614 1075; x_wconf 85' lang='lat' dir='ltr'><strong>existit</strong></span> <span class='ocrx_word' id='word_1_144' title='bbox 637 1043 729 1084; x_wconf 93' lang='lat' dir='ltr'><strong>quod</strong></span> <span class='ocrx_word' id='word_1_145' title='bbox 753 1044 1034 1076; x_wconf 86' lang='lat' dir='ltr'><strong>Reverendissimi</strong></span> <span class='ocrx_word' id='word_1_146' title='bbox 1058 1045 1184 1084; x_wconf 78' lang='lat' dir='ltr'><strong>Patres,</strong></span> <span class='ocrx_word' id='word_1_147' title='bbox 1201 1048 1274 1084; x_wconf 73' lang='lat' dir='ltr'><strong>etc,</strong></span> <span class='ocrx_word' id='word_1_148' title='bbox 1299 1044 1421 1076; x_wconf 86' lang='lat' dir='ltr'><strong>Sancte</strong></span> <span class='ocrx_word' id='word_1_149' title='bbox 1444 1045 1593 1076; x_wconf 79' lang='lat' dir='ltr'><strong>Romane</strong></span> <span class='ocrx_word' id='word_1_150' title='bbox 1620 1045 1763 1076; x_wconf 86' lang='lat' dir='ltr'><strong>Ecclesie</strong></span> 
     </span>
     <span class='ocr_line' id='line_1_20' title="bbox 374 1087 1760 1129; baseline 0.001 -11"><span class='ocrx_word' id='word_1_151' title='bbox 374 1087 578 1127; x_wconf 86' lang='lat' dir='ltr'><strong>Cardinales,</strong></span> <span class='ocrx_word' id='word_1_152' title='bbox 594 1088 637 1118; x_wconf 88' lang='lat' dir='ltr'><strong>de</strong></span> <span class='ocrx_word' id='word_1_153' title='bbox 653 1088 828 1123; x_wconf 85' lang='lat' dir='ltr'><strong>Beneficiis</strong></span> <span class='ocrx_word' id='word_1_154' title='bbox 843 1099 910 1129; x_wconf 89' lang='lat' dir='ltr'><strong>qne</strong></span> <span class='ocrx_word' id='word_1_155' title='bbox 924 1088 960 1119; x_wconf 90' lang='lat' dir='ltr'><strong>in</strong></span> <span class='ocrx_word' id='word_1_156' title='bbox 976 1088 1068 1120; x_wconf 90' lang='lat' dir='ltr'><strong>dicto</strong></span> <span class='ocrx_word' id='word_1_157' title='bbox 1086 1089 1200 1129; x_wconf 86' lang='lat' dir='ltr'><strong>Regno</strong></span> <span class='ocrx_word' id='word_1_158' title='bbox 1216 1088 1336 1129; x_wconf 86' lang='lat' dir='ltr'><strong>Anglie</strong></span> <span class='ocrx_word' id='word_1_159' title='bbox 1351 1088 1510 1129; x_wconf 86' lang='lat' dir='ltr'><strong>optinent</strong></span> <span class='ocrx_word' id='word_1_160' title='bbox 1532 1089 1760 1129; x_wconf 79' lang='lat' dir='ltr'><strong>quantitatem</strong></span> 
     </span>
     <span class='ocr_line' id='line_1_21' title="bbox 372 1131 1763 1174; baseline 0.001 -12"><span class='ocrx_word' id='word_1_161' title='bbox 372 1131 520 1173; x_wconf 82' lang='lat' dir='ltr'><strong>aliquam</strong></span> <span class='ocrx_word' id='word_1_162' title='bbox 546 1131 677 1163; x_wconf 84' lang='lat' dir='ltr'><strong>racione</strong></span> <span class='ocrx_word' id='word_1_163' title='bbox 706 1132 851 1163; x_wconf 88' lang='lat' dir='ltr'><strong>duarum</strong></span> <span class='ocrx_word' id='word_1_164' title='bbox 877 1132 1027 1173; x_wconf 89' lang='lat' dir='ltr'><strong>parcium</strong></span> <span class='ocrx_word' id='word_1_165' title='bbox 1057 1132 1224 1164; x_wconf 82' lang='lat' dir='ltr'><strong>dictarum</strong></span> <span class='ocrx_word' id='word_1_166' title='bbox 1256 1132 1532 1173; x_wconf 86' lang='lat' dir='ltr'><strong>procuracionum</strong></span> <span class='ocrx_word' id='word_1_167' title='bbox 1564 1132 1763 1174; x_wconf 84' lang='lat' dir='ltr'><strong>hujusmodi</strong></span> 
     </span>
     <span class='ocr_line' id='line_1_22' title="bbox 373 1175 1761 1217; baseline 0.001 -11"><span class='ocrx_word' id='word_1_168' title='bbox 373 1175 500 1207; x_wconf 86' lang='lat' dir='ltr'><strong>solvere</strong></span> <span class='ocrx_word' id='word_1_169' title='bbox 530 1175 724 1207; x_wconf 83' lang='lat' dir='ltr'><strong>nullatenus</strong></span> <span class='ocrx_word' id='word_1_170' title='bbox 755 1179 944 1216; x_wconf 88' lang='lat' dir='ltr'><strong>teneantur,</strong></span> <span class='ocrx_word' id='word_1_171' title='bbox 973 1186 1035 1207; x_wconf 90' lang='lat' dir='ltr'><strong>nec</strong></span> <span class='ocrx_word' id='word_1_172' title='bbox 1063 1176 1225 1217; x_wconf 86' lang='lat' dir='ltr'><strong>predictis</strong></span> <span class='ocrx_word' id='word_1_173' title='bbox 1255 1176 1442 1208; x_wconf 87' lang='lat' dir='ltr'><strong>Sentenciis</strong></span> <span class='ocrx_word' id='word_1_174' title='bbox 1467 1176 1671 1216; x_wconf 85' lang='lat' dir='ltr'><strong>obligentur,</strong></span> <span class='ocrx_word' id='word_1_175' title='bbox 1702 1177 1761 1208; x_wconf 86' lang='lat' dir='ltr'><strong>sed</strong></span> 
     </span>
     <span class='ocr_line' id='line_1_23' title="bbox 373 1219 1762 1261; baseline 0.001 -11"><span class='ocrx_word' id='word_1_176' title='bbox 373 1219 582 1260; x_wconf 80' lang='lat' dir='ltr'><strong>quantitates</strong></span> <span class='ocrx_word' id='word_1_177' title='bbox 599 1229 666 1260; x_wconf 91' lang='lat' dir='ltr'><strong>que</strong></span> <span class='ocrx_word' id='word_1_178' title='bbox 682 1230 741 1260; x_wconf 89' lang='lat' dir='ltr'><strong>pro</strong></span> <span class='ocrx_word' id='word_1_179' title='bbox 757 1219 883 1251; x_wconf 86' lang='lat' dir='ltr'><strong>eisdem</strong></span> <span class='ocrx_word' id='word_1_180' title='bbox 898 1220 1031 1251; x_wconf 84' lang='lat' dir='ltr'><strong>duabus</strong></span> <span class='ocrx_word' id='word_1_181' title='bbox 1046 1220 1200 1261; x_wconf 88' lang='lat' dir='ltr'><strong>partibus</strong></span> <span class='ocrx_word' id='word_1_182' title='bbox 1217 1220 1489 1261; x_wconf 86' lang='lat' dir='ltr'><strong>procuracionum</strong></span> <span class='ocrx_word' id='word_1_183' title='bbox 1507 1220 1705 1261; x_wconf 81' lang='lat' dir='ltr'><strong>hujusmodi</strong></span> <span class='ocrx_word' id='word_1_184' title='bbox 1720 1220 1762 1252; x_wconf 87' lang='lat' dir='ltr'><strong>ab</strong></span> 
     </span>
     <span class='ocr_line' id='line_1_24' title="bbox 374 1263 1762 1304; baseline 0.001 -10"><span class='ocrx_word' id='word_1_185' title='bbox 374 1263 454 1304; x_wconf 81' lang='lat' dir='ltr'><strong>ipsis</strong></span> <span class='ocrx_word' id='word_1_186' title='bbox 460 1263 614 1294; x_wconf 87' lang='lat' dir='ltr'><strong>Dominis</strong></span> <span class='ocrx_word' id='word_1_187' title='bbox 621 1263 855 1295; x_wconf 86' lang='lat' dir='ltr'><strong>Cardinalibus</strong></span> <span class='ocrx_word' id='word_1_188' title='bbox 866 1264 902 1295; x_wconf 90' lang='lat' dir='ltr'><strong>in</strong></span> <span class='ocrx_word' id='word_1_189' title='bbox 909 1263 999 1295; x_wconf 90' lang='lat' dir='ltr'><strong>dicto</strong></span> <span class='ocrx_word' id='word_1_190' title='bbox 1006 1264 1209 1304; x_wconf 84' lang='lat' dir='ltr'><strong>Episcopatu</strong></span> <span class='ocrx_word' id='word_1_191' title='bbox 1222 1264 1392 1295; x_wconf 86' lang='lat' dir='ltr'><strong>debentur</strong></span> <span class='ocrx_word' id='word_1_192' title='bbox 1402 1264 1444 1295; x_wconf 90' lang='lat' dir='ltr'><strong>de</strong></span> <span class='ocrx_word' id='word_1_193' title='bbox 1456 1274 1589 1295; x_wconf 86' lang='lat' dir='ltr'><strong>summa</strong></span> <span class='ocrx_word' id='word_1_194' title='bbox 1600 1264 1696 1295; x_wconf 72' lang='lat' dir='ltr'><strong>nobis</strong></span> <span class='ocrx_word' id='word_1_195' title='bbox 1707 1265 1762 1295; x_wconf 91' lang='lat' dir='ltr'><strong>de-</strong></span> 
     </span>
     <span class='ocr_line' id='line_1_25' title="bbox 374 1306 1762 1348; baseline 0 -10"><span class='ocrx_word' id='word_1_196' title='bbox 374 1306 446 1338; x_wconf 85' lang='lat' dir='ltr'><strong>bita</strong></span> <span class='ocrx_word' id='word_1_197' title='bbox 458 1307 679 1339; x_wconf 81' lang='lat' dir='ltr'><strong>deducantur.</strong></span> <span class='ocrx_word' id='word_1_198' title='bbox 718 1307 943 1346; x_wconf 88' lang='lat' dir='ltr'><strong>Intendimus,</strong></span> <span class='ocrx_word' id='word_1_199' title='bbox 956 1307 1071 1347; x_wconf 88' lang='lat' dir='ltr'><strong>eciam,</strong></span> <span class='ocrx_word' id='word_1_200' title='bbox 1084 1307 1175 1348; x_wconf 92' lang='lat' dir='ltr'><strong>quod</strong></span> <span class='ocrx_word' id='word_1_201' title='bbox 1186 1308 1228 1339; x_wconf 92' lang='lat' dir='ltr'><strong>de</strong></span> <span class='ocrx_word' id='word_1_202' title='bbox 1242 1307 1303 1339; x_wconf 86' lang='lat' dir='ltr'><strong>Dei</strong></span> <span class='ocrx_word' id='word_1_203' title='bbox 1313 1311 1348 1339; x_wconf 91' lang='lat' dir='ltr'><strong>et</strong></span> <span class='ocrx_word' id='word_1_204' title='bbox 1359 1308 1583 1348; x_wconf 86' lang='lat' dir='ltr'><strong>Leprosorum</strong></span> <span class='ocrx_word' id='word_1_205' title='bbox 1596 1308 1762 1339; x_wconf 90' lang='lat' dir='ltr'><strong>Domibus</strong></span> 
     </span>
     <span class='ocr_line' id='line_1_26' title="bbox 373 1349 1760 1393; baseline 0.001 -12"><span class='ocrx_word' id='word_1_206' title='bbox 373 1361 412 1382; x_wconf 90' lang='lat' dir='ltr'><strong>ac</strong></span> <span class='ocrx_word' id='word_1_207' title='bbox 427 1350 640 1382; x_wconf 73' lang='lat' dir='ltr'><strong>monasteriis</strong></span> <span class='ocrx_word' id='word_1_208' title='bbox 653 1351 849 1382; x_wconf 84' lang='lat' dir='ltr'><strong>Monialium</strong></span> <span class='ocrx_word' id='word_1_209' title='bbox 866 1362 1053 1392; x_wconf 89' lang='lat' dir='ltr'><strong>pauperum</strong></span> <span class='ocrx_word' id='word_1_210' title='bbox 1070 1362 1088 1382; x_wconf 86' lang='lat' dir='ltr'><strong>a</strong></span> <span class='ocrx_word' id='word_1_211' title='bbox 1105 1351 1229 1392; x_wconf 90' lang='lat' dir='ltr'><strong>quibus</strong></span> <span class='ocrx_word' id='word_1_212' title='bbox 1242 1351 1374 1382; x_wconf 81' lang='lat' dir='ltr'><strong>racione</strong></span> <span class='ocrx_word' id='word_1_213' title='bbox 1385 1351 1629 1392; x_wconf 85' lang='lat' dir='ltr'><strong>procuracionis</strong></span> <span class='ocrx_word' id='word_1_214' title='bbox 1639 1349 1760 1393; x_wconf 85' lang='lat' dir='ltr'><strong>hujus-</strong></span> 
     </span>
     <span class='ocr_line' id='line_1_27' title="bbox 373 1394 1760 1436; baseline 0.001 -11"><span class='ocrx_word' id='word_1_215' title='bbox 373 1394 466 1425; x_wconf 91' lang='lat' dir='ltr'><strong>modi</strong></span> <span class='ocrx_word' id='word_1_216' title='bbox 475 1394 611 1435; x_wconf 87' lang='lat' dir='ltr'><strong>aliquod</strong></span> <span class='ocrx_word' id='word_1_217' title='bbox 623 1394 711 1435; x_wconf 90' lang='lat' dir='ltr'><strong>exigi</strong></span> <span class='ocrx_word' id='word_1_218' title='bbox 720 1395 858 1426; x_wconf 90' lang='lat' dir='ltr'><strong>minime</strong></span> <span class='ocrx_word' id='word_1_219' title='bbox 870 1395 1055 1434; x_wconf 87' lang='lat' dir='ltr'><strong>consuevit,</strong></span> <span class='ocrx_word' id='word_1_220' title='bbox 1066 1395 1169 1426; x_wconf 90' lang='lat' dir='ltr'><strong>nichil</strong></span> <span class='ocrx_word' id='word_1_221' title='bbox 1179 1395 1334 1436; x_wconf 83' lang='lat' dir='ltr'><strong>exigatur</strong></span> <span class='ocrx_word' id='word_1_222' title='bbox 1345 1395 1387 1426; x_wconf 83' lang='lat' dir='ltr'><strong>ab</strong></span> <span class='ocrx_word' id='word_1_223' title='bbox 1399 1395 1456 1426; x_wconf 89' lang='lat' dir='ltr'><strong>eis.</strong></span> <span class='ocrx_word' id='word_1_224' title='bbox 1481 1395 1621 1434; x_wconf 83' lang='lat' dir='ltr'><strong>Literas,</strong></span> <span class='ocrx_word' id='word_1_225' title='bbox 1634 1401 1760 1435; x_wconf 82' lang='lat' dir='ltr'><strong>autem,</strong></span> 
     </span>
     <span class='ocr_line' id='line_1_28' title="bbox 374 1438 1761 1480; baseline 0.001 -12"><span class='ocrx_word' id='word_1_226' title='bbox 374 1438 550 1479; x_wconf 79' lang='lat' dir='ltr'><strong>originales</strong></span> <span class='ocrx_word' id='word_1_227' title='bbox 561 1438 768 1479; x_wconf 85' lang='lat' dir='ltr'><strong>Apostolicas</strong></span> <span class='ocrx_word' id='word_1_228' title='bbox 783 1439 1003 1479; x_wconf 84' lang='lat' dir='ltr'><strong>supradictas,</strong></span> <span class='ocrx_word' id='word_1_229' title='bbox 1016 1439 1146 1480; x_wconf 86' lang='lat' dir='ltr'><strong>quasin</strong></span> <span class='ocrx_word' id='word_1_230' title='bbox 1159 1439 1345 1470; x_wconf 89' lang='lat' dir='ltr'><strong>multorum</strong></span> <span class='ocrx_word' id='word_1_231' title='bbox 1360 1439 1568 1470; x_wconf 89' lang='lat' dir='ltr'><strong>Prelatorum</strong></span> <span class='ocrx_word' id='word_1_232' title='bbox 1583 1439 1761 1479; x_wconf 82' lang='lat' dir='ltr'><strong>presencia,</strong></span> 
     </span>
     <span class='ocr_line' id='line_1_29' title="bbox 374 1481 1763 1524; baseline 0.001 -11"><span class='ocrx_word' id='word_1_233' title='bbox 374 1484 409 1513; x_wconf 90' lang='lat' dir='ltr'><strong>et</strong></span> <span class='ocrx_word' id='word_1_234' title='bbox 433 1481 574 1514; x_wconf 87' lang='lat' dir='ltr'><strong>aliorum</strong></span> <span class='ocrx_word' id='word_1_235' title='bbox 602 1482 769 1514; x_wconf 87' lang='lat' dir='ltr'><strong>Fidelium</strong></span> <span class='ocrx_word' id='word_1_236' title='bbox 795 1483 1019 1514; x_wconf 88' lang='lat' dir='ltr'><strong>multitudine</strong></span> <span class='ocrx_word' id='word_1_237' title='bbox 1045 1482 1186 1524; x_wconf 83' lang='lat' dir='ltr'><strong>copiosa,</strong></span> <span class='ocrx_word' id='word_1_238' title='bbox 1210 1483 1351 1514; x_wconf 84' lang='lat' dir='ltr'><strong>fecimus</strong></span> <span class='ocrx_word' id='word_1_239' title='bbox 1374 1482 1522 1514; x_wconf 84' lang='lat' dir='ltr'><strong>Parisius</strong></span> <span class='ocrx_word' id='word_1_240' title='bbox 1544 1482 1763 1524; x_wconf 88' lang='lat' dir='ltr'><strong>solempniter</strong></span> 
     </span>
     <span class='ocr_line' id='line_1_30' title="bbox 374 1525 1760 1568; baseline 0.001 -11"><span class='ocrx_word' id='word_1_241' title='bbox 374 1525 548 1567; x_wconf 85' lang='lat' dir='ltr'><strong>publicari,</strong></span> <span class='ocrx_word' id='word_1_242' title='bbox 567 1526 595 1557; x_wconf 90' lang='lat' dir='ltr'><strong>si</strong></span> <span class='ocrx_word' id='word_1_243' title='bbox 611 1536 678 1565; x_wconf 91' lang='lat' dir='ltr'><strong>vos,</strong></span> <span class='ocrx_word' id='word_1_244' title='bbox 696 1526 748 1558; x_wconf 91' lang='lat' dir='ltr'><strong>vel</strong></span> <span class='ocrx_word' id='word_1_245' title='bbox 764 1526 868 1568; x_wconf 86' lang='lat' dir='ltr'><strong>aliqui</strong></span> <span class='ocrx_word' id='word_1_246' title='bbox 883 1526 925 1557; x_wconf 86' lang='lat' dir='ltr'><strong>de</strong></span> <span class='ocrx_word' id='word_1_247' title='bbox 941 1526 1108 1567; x_wconf 86' lang='lat' dir='ltr'><strong>predictis,</strong></span> <span class='ocrx_word' id='word_1_248' title='bbox 1127 1526 1238 1558; x_wconf 89' lang='lat' dir='ltr'><strong>videre</strong></span> <span class='ocrx_word' id='word_1_249' title='bbox 1254 1527 1437 1566; x_wconf 88' lang='lat' dir='ltr'><strong>volueritis,</strong></span> <span class='ocrx_word' id='word_1_250' title='bbox 1454 1527 1630 1558; x_wconf 83' lang='lat' dir='ltr'><strong>ostendere</strong></span> <span class='ocrx_word' id='word_1_251' title='bbox 1654 1527 1760 1559; x_wconf 83' lang='lat' dir='ltr'><strong>offeri-</strong></span> 
     </span>
     <span class='ocr_line' id='line_1_31' title="bbox 373 1570 1760 1612; baseline 0.001 -11"><span class='ocrx_word' id='word_1_252' title='bbox 373 1579 450 1601; x_wconf 88' lang='lat' dir='ltr'><strong>mus</strong></span> <span class='ocrx_word' id='word_1_253' title='bbox 473 1580 534 1601; x_wconf 89' lang='lat' dir='ltr'><strong>nos</strong></span> <span class='ocrx_word' id='word_1_254' title='bbox 556 1572 700 1611; x_wconf 85' lang='lat' dir='ltr'><strong>paratos.</strong></span> <span class='ocrx_word' id='word_1_255' title='bbox 745 1570 1015 1610; x_wconf 87' lang='lat' dir='ltr'><strong>Absolucionem,</strong></span> <span class='ocrx_word' id='word_1_256' title='bbox 1033 1581 1121 1610; x_wconf 91' lang='lat' dir='ltr'><strong>vero,</strong></span> <span class='ocrx_word' id='word_1_257' title='bbox 1138 1571 1289 1602; x_wconf 88' lang='lat' dir='ltr'><strong>omnium</strong></span> <span class='ocrx_word' id='word_1_258' title='bbox 1313 1574 1348 1601; x_wconf 88' lang='lat' dir='ltr'><strong>et</strong></span> <span class='ocrx_word' id='word_1_259' title='bbox 1370 1570 1581 1610; x_wconf 85' lang='lat' dir='ltr'><strong>singulorum</strong></span> <span class='ocrx_word' id='word_1_260' title='bbox 1605 1570 1664 1612; x_wconf 91' lang='lat' dir='ltr'><strong>qui</strong></span> <span class='ocrx_word' id='word_1_261' title='bbox 1688 1581 1760 1612; x_wconf 91' lang='lat' dir='ltr'><strong>pre-</strong></span> 
     </span>
     <span class='ocr_line' id='line_1_32' title="bbox 373 1613 1760 1656; baseline 0.001 -11"><span class='ocrx_word' id='word_1_262' title='bbox 373 1613 461 1645; x_wconf 85' lang='lat' dir='ltr'><strong>fatas</strong></span> <span class='ocrx_word' id='word_1_263' title='bbox 477 1613 671 1645; x_wconf 86' lang='lat' dir='ltr'><strong>Sentencias</strong></span> <span class='ocrx_word' id='word_1_264' title='bbox 687 1624 746 1654; x_wconf 91' lang='lat' dir='ltr'><strong>per</strong></span> <span class='ocrx_word' id='word_1_265' title='bbox 761 1624 822 1645; x_wconf 92' lang='lat' dir='ltr'><strong>nos</strong></span> <span class='ocrx_word' id='word_1_266' title='bbox 837 1614 932 1653; x_wconf 88' lang='lat' dir='ltr'><strong>latas,</strong></span> <span class='ocrx_word' id='word_1_267' title='bbox 948 1614 1001 1645; x_wconf 91' lang='lat' dir='ltr'><strong>vel</strong></span> <span class='ocrx_word' id='word_1_268' title='bbox 1017 1625 1133 1645; x_wconf 86' lang='lat' dir='ltr'><strong>eorum</strong></span> <span class='ocrx_word' id='word_1_269' title='bbox 1149 1614 1306 1656; x_wconf 79' lang='lat' dir='ltr'><strong>aliquam,</strong></span> <span class='ocrx_word' id='word_1_270' title='bbox 1322 1614 1533 1653; x_wconf 86' lang='lat' dir='ltr'><strong>incurrerint,</strong></span> <span class='ocrx_word' id='word_1_271' title='bbox 1551 1624 1635 1655; x_wconf 87' lang='lat' dir='ltr'><strong>quas</strong></span> <span class='ocrx_word' id='word_1_272' title='bbox 1651 1615 1760 1655; x_wconf 90' lang='lat' dir='ltr'><strong>publi-</strong></span> 
     </span>
     <span class='ocr_line' id='line_1_33' title="bbox 373 1657 1760 1699; baseline 0.001 -11"><span class='ocrx_word' id='word_1_273' title='bbox 373 1667 448 1688; x_wconf 87' lang='lat' dir='ltr'><strong>care</strong></span> <span class='ocrx_word' id='word_1_274' title='bbox 463 1660 499 1689; x_wconf 90' lang='lat' dir='ltr'><strong>et</strong></span> <span class='ocrx_word' id='word_1_275' title='bbox 514 1657 674 1689; x_wconf 85' lang='lat' dir='ltr'><strong>innovare</strong></span> <span class='ocrx_word' id='word_1_276' title='bbox 695 1667 763 1689; x_wconf 85' lang='lat' dir='ltr'><strong>non</strong></span> <span class='ocrx_word' id='word_1_277' title='bbox 786 1658 954 1689; x_wconf 88' lang='lat' dir='ltr'><strong>omittatis</strong></span> <span class='ocrx_word' id='word_1_278' title='bbox 977 1668 1154 1699; x_wconf 89' lang='lat' dir='ltr'><strong>quousque</strong></span> <span class='ocrx_word' id='word_1_279' title='bbox 1176 1658 1218 1689; x_wconf 89' lang='lat' dir='ltr'><strong>de</strong></span> <span class='ocrx_word' id='word_1_280' title='bbox 1242 1658 1410 1699; x_wconf 84' lang='lat' dir='ltr'><strong>premissis</strong></span> <span class='ocrx_word' id='word_1_281' title='bbox 1432 1657 1642 1699; x_wconf 79' lang='lat' dir='ltr'><strong>integraliter</strong></span> <span class='ocrx_word' id='word_1_282' title='bbox 1664 1658 1760 1691; x_wconf 89' lang='lat' dir='ltr'><strong>satis-</strong></span> 
     </span>
     <span class='ocr_line' id='line_1_34' title="bbox 372 1700 1761 1743; baseline 0.001 -11"><span class='ocrx_word' id='word_1_283' title='bbox 372 1701 523 1740; x_wconf 81' lang='lat' dir='ltr'><strong>fecerint,</strong></span> <span class='ocrx_word' id='word_1_284' title='bbox 540 1700 637 1733; x_wconf 90' lang='lat' dir='ltr'><strong>nobis</strong></span> <span class='ocrx_word' id='word_1_285' title='bbox 651 1701 704 1732; x_wconf 83' lang='lat' dir='ltr'><strong>vel</strong></span> <span class='ocrx_word' id='word_1_286' title='bbox 721 1702 892 1742; x_wconf 88' lang='lat' dir='ltr'><strong>Superiori</strong></span> <span class='ocrx_word' id='word_1_287' title='bbox 907 1704 1022 1733; x_wconf 88' lang='lat' dir='ltr'><strong>nostro</strong></span> <span class='ocrx_word' id='word_1_288' title='bbox 1037 1712 1254 1734; x_wconf 86' lang='lat' dir='ltr'><strong>reservamus.</strong></span> <span class='ocrx_word' id='word_1_289' title='bbox 1297 1702 1374 1741; x_wconf 88' lang='lat' dir='ltr'><strong>Vos,</strong></span> <span class='ocrx_word' id='word_1_290' title='bbox 1391 1702 1540 1741; x_wconf 90' lang='lat' dir='ltr'><strong>demum,</strong></span> <span class='ocrx_word' id='word_1_291' title='bbox 1557 1702 1761 1743; x_wconf 86' lang='lat' dir='ltr'><strong>requirimus</strong></span> 
     </span>
     <span class='ocr_line' id='line_1_35' title="bbox 372 1744 1760 1787; baseline 0.001 -11"><span class='ocrx_word' id='word_1_292' title='bbox 372 1748 408 1777; x_wconf 88' lang='lat' dir='ltr'><strong>et</strong></span> <span class='ocrx_word' id='word_1_293' title='bbox 422 1744 606 1784; x_wconf 84' lang='lat' dir='ltr'><strong>hortamur,</strong></span> <span class='ocrx_word' id='word_1_294' title='bbox 623 1745 838 1777; x_wconf 83' lang='lat' dir='ltr'><strong>Auctoritate</strong></span> <span class='ocrx_word' id='word_1_295' title='bbox 853 1746 1015 1786; x_wconf 86' lang='lat' dir='ltr'><strong>predicta,</strong></span> <span class='ocrx_word' id='word_1_296' title='bbox 1032 1748 1068 1777; x_wconf 86' lang='lat' dir='ltr'><strong>et</strong></span> <span class='ocrx_word' id='word_1_297' title='bbox 1083 1745 1148 1777; x_wconf 86' lang='lat' dir='ltr'><strong>sub</strong></span> <span class='ocrx_word' id='word_1_298' title='bbox 1170 1745 1264 1786; x_wconf 90' lang='lat' dir='ltr'><strong>penis</strong></span> <span class='ocrx_word' id='word_1_299' title='bbox 1288 1745 1457 1787; x_wconf 75' lang='lat' dir='ltr'><strong>predictis,</strong></span> <span class='ocrx_word' id='word_1_300' title='bbox 1473 1745 1634 1787; x_wconf 84' lang='lat' dir='ltr'><strong>quatinus</strong></span> <span class='ocrx_word' id='word_1_301' title='bbox 1657 1746 1703 1777; x_wconf 88' lang='lat' dir='ltr'><strong>sic</strong></span> <span class='ocrx_word' id='word_1_302' title='bbox 1726 1746 1760 1777; x_wconf 89' lang='lat' dir='ltr'><strong>in</strong></span> 
     </span>
     <span class='ocr_line' id='line_1_36' title="bbox 371 1788 1761 1831; baseline 0.001 -11"><span class='ocrx_word' id='word_1_303' title='bbox 371 1788 541 1830; x_wconf 86' lang='lat' dir='ltr'><strong>premissis</strong></span> <span class='ocrx_word' id='word_1_304' title='bbox 557 1789 746 1830; x_wconf 84' lang='lat' dir='ltr'><strong>diligenter,</strong></span> <span class='ocrx_word' id='word_1_305' title='bbox 762 1789 916 1829; x_wconf 89' lang='lat' dir='ltr'><strong>fideliter,</strong></span> <span class='ocrx_word' id='word_1_306' title='bbox 932 1793 969 1821; x_wconf 86' lang='lat' dir='ltr'><strong>et</strong></span> <span class='ocrx_word' id='word_1_307' title='bbox 983 1789 1169 1830; x_wconf 88' lang='lat' dir='ltr'><strong>prudenter</strong></span> <span class='ocrx_word' id='word_1_308' title='bbox 1185 1800 1243 1821; x_wconf 90' lang='lat' dir='ltr'><strong>vos</strong></span> <span class='ocrx_word' id='word_1_309' title='bbox 1257 1789 1380 1830; x_wconf 85' lang='lat' dir='ltr'><strong>geratis</strong></span> <span class='ocrx_word' id='word_1_310' title='bbox 1398 1800 1406 1828; x_wconf 90' lang='lat'>;</span> <span class='ocrx_word' id='word_1_311' title='bbox 1429 1800 1568 1828; x_wconf 86' lang='lat' dir='ltr'><strong>necnon,</strong></span> <span class='ocrx_word' id='word_1_312' title='bbox 1585 1789 1660 1821; x_wconf 89' lang='lat' dir='ltr'><strong>illos</strong></span> <span class='ocrx_word' id='word_1_313' title='bbox 1676 1799 1761 1831; x_wconf 90' lang='lat' dir='ltr'><strong>quos</strong></span> 
     </span>
     <span class='ocr_line' id='line_1_37' title="bbox 370 1832 1762 1874; baseline 0.001 -10"><span class='ocrx_word' id='word_1_314' title='bbox 370 1833 414 1864; x_wconf 80' lang='lat' dir='ltr'><strong>ad</strong></span> <span class='ocrx_word' id='word_1_315' title='bbox 430 1832 659 1864; x_wconf 85' lang='lat' dir='ltr'><strong>colleccionem</strong></span> <span class='ocrx_word' id='word_1_316' title='bbox 677 1836 712 1864; x_wconf 92' lang='lat' dir='ltr'><strong>et</strong></span> <span class='ocrx_word' id='word_1_317' title='bbox 727 1833 952 1874; x_wconf 89' lang='lat' dir='ltr'><strong>recepcionem</strong></span> <span class='ocrx_word' id='word_1_318' title='bbox 970 1833 1136 1874; x_wconf 86' lang='lat' dir='ltr'><strong>predictas</strong></span> <span class='ocrx_word' id='word_1_319' title='bbox 1153 1833 1396 1874; x_wconf 84' lang='lat' dir='ltr'><strong>deputaveritis</strong></span> <span class='ocrx_word' id='word_1_320' title='bbox 1411 1833 1458 1866; x_wconf 90' lang='lat' dir='ltr'><strong>sic</strong></span> <span class='ocrx_word' id='word_1_321' title='bbox 1472 1843 1508 1864; x_wconf 89' lang='lat' dir='ltr'><strong>se</strong></span> <span class='ocrx_word' id='word_1_322' title='bbox 1523 1832 1646 1865; x_wconf 89' lang='lat' dir='ltr'><strong>habere</strong></span> <span class='ocrx_word' id='word_1_323' title='bbox 1662 1837 1698 1865; x_wconf 89' lang='lat' dir='ltr'><strong>et</strong></span> <span class='ocrx_word' id='word_1_324' title='bbox 1712 1833 1762 1865; x_wconf 88' lang='lat' dir='ltr'><strong>ita</strong></span> 
     </span>
     <span class='ocr_line' id='line_1_38' title="bbox 370 1876 1759 1919; baseline 0.001 -12"><span class='ocrx_word' id='word_1_325' title='bbox 370 1886 484 1917; x_wconf 88' lang='lat' dir='ltr'><strong>gerere</strong></span> <span class='ocrx_word' id='word_1_326' title='bbox 510 1876 704 1918; x_wconf 83' lang='lat' dir='ltr'><strong>procuretis,</strong></span> <span class='ocrx_word' id='word_1_327' title='bbox 729 1878 821 1918; x_wconf 90' lang='lat' dir='ltr'><strong>quod</strong></span> <span class='ocrx_word' id='word_1_328' title='bbox 844 1887 905 1909; x_wconf 91' lang='lat' dir='ltr'><strong>nec</strong></span> <span class='ocrx_word' id='word_1_329' title='bbox 926 1877 1110 1917; x_wconf 89' lang='lat' dir='ltr'><strong>inferiores,</strong></span> <span class='ocrx_word' id='word_1_330' title='bbox 1127 1887 1189 1909; x_wconf 90' lang='lat' dir='ltr'><strong>nec</strong></span> <span class='ocrx_word' id='word_1_331' title='bbox 1211 1877 1406 1919; x_wconf 87' lang='lat' dir='ltr'><strong>quicunque</strong></span> <span class='ocrx_word' id='word_1_332' title='bbox 1427 1877 1494 1916; x_wconf 89' lang='lat' dir='ltr'><strong>alii,</strong></span> <span class='ocrx_word' id='word_1_333' title='bbox 1509 1876 1602 1918; x_wconf 83' lang='lat' dir='ltr'><strong>juste</strong></span> <span class='ocrx_word' id='word_1_334' title='bbox 1617 1887 1759 1919; x_wconf 89' lang='lat' dir='ltr'><strong>conque-</strong></span> 
     </span>
     <span class='ocr_line' id='line_1_39' title="bbox 369 1920 1760 1962; baseline 0.001 -11"><span class='ocrx_word' id='word_1_335' title='bbox 369 1920 475 1960; x_wconf 89' lang='lat' dir='ltr'><strong>rendi,</strong></span> <span class='ocrx_word' id='word_1_336' title='bbox 491 1930 553 1952; x_wconf 91' lang='lat' dir='ltr'><strong>nec</strong></span> <span class='ocrx_word' id='word_1_337' title='bbox 568 1930 629 1952; x_wconf 88' lang='lat' dir='ltr'><strong>nos</strong></span> <span class='ocrx_word' id='word_1_338' title='bbox 644 1924 762 1952; x_wconf 86' lang='lat' dir='ltr'><strong>contra</strong></span> <span class='ocrx_word' id='word_1_339' title='bbox 778 1931 836 1952; x_wconf 92' lang='lat' dir='ltr'><strong>vos</strong></span> <span class='ocrx_word' id='word_1_340' title='bbox 858 1931 917 1952; x_wconf 90' lang='lat' dir='ltr'><strong>seu</strong></span> <span class='ocrx_word' id='word_1_341' title='bbox 934 1921 1022 1962; x_wconf 88' lang='lat' dir='ltr'><strong>ipsos</strong></span> <span class='ocrx_word' id='word_1_342' title='bbox 1038 1931 1139 1962; x_wconf 92' lang='lat' dir='ltr'><strong>super</strong></span> <span class='ocrx_word' id='word_1_343' title='bbox 1161 1921 1223 1952; x_wconf 91' lang='lat' dir='ltr'><strong>hoc</strong></span> <span class='ocrx_word' id='word_1_344' title='bbox 1238 1921 1432 1962; x_wconf 91' lang='lat' dir='ltr'><strong>inquirendi</strong></span> <span class='ocrx_word' id='word_1_345' title='bbox 1448 1921 1624 1952; x_wconf 81' lang='lat' dir='ltr'><strong>materiam</strong></span> <span class='ocrx_word' id='word_1_346' title='bbox 1640 1921 1760 1953; x_wconf 90' lang='lat' dir='ltr'><strong>habea-</strong></span> 
     </span>
     <span class='ocr_line' id='line_1_40' title="bbox 371 1964 1759 2006; baseline 0.001 -11"><span class='ocrx_word' id='word_1_347' title='bbox 371 1973 458 2003; x_wconf 89' lang='lat' dir='ltr'><strong>mus,</strong></span> <span class='ocrx_word' id='word_1_348' title='bbox 484 1964 643 2006; x_wconf 89' lang='lat' dir='ltr'><strong>quodque</strong></span> <span class='ocrx_word' id='word_1_349' title='bbox 670 1965 806 2006; x_wconf 88' lang='lat' dir='ltr'><strong>possitis</strong></span> <span class='ocrx_word' id='word_1_350' title='bbox 831 1965 874 1996; x_wconf 86' lang='lat' dir='ltr'><strong>de</strong></span> <span class='ocrx_word' id='word_1_351' title='bbox 900 1964 1093 1996; x_wconf 87' lang='lat' dir='ltr'><strong>obediencia</strong></span> <span class='ocrx_word' id='word_1_352' title='bbox 1117 1965 1238 1996; x_wconf 90' lang='lat' dir='ltr'><strong>merito</strong></span> <span class='ocrx_word' id='word_1_353' title='bbox 1262 1965 1499 1997; x_wconf 87' lang='lat' dir='ltr'><strong>commendari.</strong></span> <span class='ocrx_word' id='word_1_354' title='bbox 1545 1965 1587 1996; x_wconf 92' lang='lat' dir='ltr'><strong>In</strong></span> <span class='ocrx_word' id='word_1_355' title='bbox 1613 1975 1759 2006; x_wconf 90' lang='lat' dir='ltr'><strong>quorum</strong></span> 
     </span>
     <span class='ocr_line' id='line_1_41' title="bbox 370 2008 1758 2050; baseline 0.001 -11"><span class='ocrx_word' id='word_1_356' title='bbox 370 2008 523 2039; x_wconf 90' lang='lat' dir='ltr'><strong>omnium</strong></span> <span class='ocrx_word' id='word_1_357' title='bbox 550 2008 786 2040; x_wconf 87' lang='lat' dir='ltr'><strong>testimonium</strong></span> <span class='ocrx_word' id='word_1_358' title='bbox 813 2011 984 2049; x_wconf 82' lang='lat' dir='ltr'><strong>presentes</strong></span> <span class='ocrx_word' id='word_1_359' title='bbox 1015 2009 1155 2047; x_wconf 86' lang='lat' dir='ltr'><strong>Literas‚</strong></span> <span class='ocrx_word' id='word_1_360' title='bbox 1181 2019 1240 2040; x_wconf 90' lang='lat' dir='ltr'><strong>seu</strong></span> <span class='ocrx_word' id='word_1_361' title='bbox 1266 2019 1401 2050; x_wconf 88' lang='lat' dir='ltr'><strong>presens</strong></span> <span class='ocrx_word' id='word_1_362' title='bbox 1426 2008 1604 2040; x_wconf 87' lang='lat' dir='ltr'><strong>Publicum</strong></span> <span class='ocrx_word' id='word_1_363' title='bbox 1627 2009 1758 2041; x_wconf 86' lang='lat' dir='ltr'><strong>Instru—</strong></span> 
     </span>
     <span class='ocr_line' id='line_1_42' title="bbox 371 2052 1760 2094; baseline 0 -11"><span class='ocrx_word' id='word_1_364' title='bbox 371 2055 536 2091; x_wconf 77' lang='lat' dir='ltr'><strong>mentum,</strong></span> <span class='ocrx_word' id='word_1_365' title='bbox 553 2052 750 2084; x_wconf 89' lang='lat' dir='ltr'><strong>Processum</strong></span> <span class='ocrx_word' id='word_1_366' title='bbox 773 2055 930 2084; x_wconf 88' lang='lat' dir='ltr'><strong>nostrum</strong></span> <span class='ocrx_word' id='word_1_367' title='bbox 953 2052 1152 2094; x_wconf 85' lang='lat' dir='ltr'><strong>hujusmodi</strong></span> <span class='ocrx_word' id='word_1_368' title='bbox 1175 2053 1386 2084; x_wconf 81' lang='lat' dir='ltr'><strong>continentes</strong></span> <span class='ocrx_word' id='word_1_369' title='bbox 1409 2063 1468 2084; x_wconf 90' lang='lat' dir='ltr'><strong>seu</strong></span> <span class='ocrx_word' id='word_1_370' title='bbox 1492 2052 1693 2091; x_wconf 81' lang='lat' dir='ltr'><strong>continens3</strong></span> <span class='ocrx_word' id='word_1_371' title='bbox 1717 2053 1760 2083; x_wconf 90' lang='lat' dir='ltr'><strong>de</strong></span> 
     </span>
     <span class='ocr_line' id='line_1_43' title="bbox 372 2095 1760 2137; baseline 0.001 -11"><span class='ocrx_word' id='word_1_372' title='bbox 372 2105 518 2136; x_wconf 90' lang='lat' dir='ltr'><strong>quorum</strong></span> <span class='ocrx_word' id='word_1_373' title='bbox 534 2103 593 2127; x_wconf 89' lang='lat' dir='ltr'><strong>seu</strong></span> <span class='ocrx_word' id='word_1_374' title='bbox 608 2095 708 2137; x_wconf 84' lang='lat' dir='ltr'><strong>cujus</strong></span> <span class='ocrx_word' id='word_1_375' title='bbox 723 2096 973 2137; x_wconf 88' lang='lat' dir='ltr'><strong>presentacione</strong></span> <span class='ocrx_word' id='word_1_376' title='bbox 988 2100 1023 2127; x_wconf 91' lang='lat' dir='ltr'><strong>et</strong></span> <span class='ocrx_word' id='word_1_377' title='bbox 1039 2096 1268 2128; x_wconf 85' lang='lat' dir='ltr'><strong>notificacione</strong></span> <span class='ocrx_word' id='word_1_378' title='bbox 1283 2097 1381 2128; x_wconf 87' lang='lat' dir='ltr'><strong>latori</strong></span> <span class='ocrx_word' id='word_1_379' title='bbox 1397 2096 1619 2135; x_wconf 87' lang='lat' dir='ltr'><strong>Presencium,</strong></span> <span class='ocrx_word' id='word_1_380' title='bbox 1636 2096 1760 2128; x_wconf 87' lang='lat' dir='ltr'><strong>nuncio</strong></span> 
     </span>
     <span class='ocr_line' id='line_1_44' title="bbox 371 2139 1759 2181; baseline 0.001 -11"><span class='ocrx_word' id='word_1_381' title='bbox 371 2142 488 2170; x_wconf 91' lang='lat' dir='ltr'><strong>nostro</strong></span> <span class='ocrx_word' id='word_1_382' title='bbox 502 2139 626 2180; x_wconf 82' lang='lat' dir='ltr'><strong>jurato,</strong></span> <span class='ocrx_word' id='word_1_383' title='bbox 643 2139 696 2171; x_wconf 90' lang='lat' dir='ltr'><strong>cui</strong></span> <span class='ocrx_word' id='word_1_384' title='bbox 712 2140 846 2180; x_wconf 86' lang='lat' dir='ltr'><strong>plenam</strong></span> <span class='ocrx_word' id='word_1_385' title='bbox 862 2140 963 2171; x_wconf 90' lang='lat' dir='ltr'><strong>fidem</strong></span> <span class='ocrx_word' id='word_1_386' title='bbox 979 2140 1188 2178; x_wconf 82' lang='lat' dir='ltr'><strong>adhibemus,</strong></span> <span class='ocrx_word' id='word_1_387' title='bbox 1206 2140 1277 2171; x_wconf 90' lang='lat' dir='ltr'><strong>fieri</strong></span> <span class='ocrx_word' id='word_1_388' title='bbox 1292 2143 1327 2171; x_wconf 89' lang='lat' dir='ltr'><strong>et</strong></span> <span class='ocrx_word' id='word_1_389' title='bbox 1343 2140 1504 2181; x_wconf 84' lang='lat' dir='ltr'><strong>publicari</strong></span> <span class='ocrx_word' id='word_1_390' title='bbox 1520 2151 1578 2180; x_wconf 91' lang='lat' dir='ltr'><strong>per</strong></span> <span class='ocrx_word' id='word_1_391' title='bbox 1601 2140 1759 2171; x_wconf 85' lang='lat' dir='ltr'><strong>Notarios</strong></span> 
     </span>
     <span class='ocr_line' id='line_1_45' title="bbox 369 2182 1759 2225; baseline 0.001 -11"><span class='ocrx_word' id='word_1_392' title='bbox 369 2182 611 2223; x_wconf 80' lang='lat' dir='ltr'><strong>infrascriptos,</strong></span> <span class='ocrx_word' id='word_1_393' title='bbox 637 2194 676 2214; x_wconf 87' lang='lat' dir='ltr'><strong>ac</strong></span> <span class='ocrx_word' id='word_1_394' title='bbox 698 2184 803 2215; x_wconf 86' lang='lat' dir='ltr'><strong>eciam</strong></span> <span class='ocrx_word' id='word_1_395' title='bbox 829 2184 870 2215; x_wconf 90' lang='lat' dir='ltr'><strong>ad</strong></span> <span class='ocrx_word' id='word_1_396' title='bbox 894 2184 1059 2215; x_wconf 84' lang='lat' dir='ltr'><strong>cautelam</strong></span> <span class='ocrx_word' id='word_1_397' title='bbox 1084 2184 1279 2225; x_wconf 86' lang='lat' dir='ltr'><strong>Registrarii</strong></span> <span class='ocrx_word' id='word_1_398' title='bbox 1301 2184 1538 2216; x_wconf 81' lang='lat' dir='ltr'><strong>mandavimus</strong></span> <span class='ocrx_word' id='word_1_399' title='bbox 1559 2187 1595 2215; x_wconf 87' lang='lat' dir='ltr'><strong>et</strong></span> <span class='ocrx_word' id='word_1_400' title='bbox 1617 2183 1759 2216; x_wconf 86' lang='lat' dir='ltr'><strong>fecimus</strong></span> 
     </span>
     <span class='ocr_line' id='line_1_46' title="bbox 370 2226 1758 2268; baseline 0.001 -10"><span class='ocrx_word' id='word_1_401' title='bbox 370 2226 556 2268; x_wconf 82' lang='lat' dir='ltr'><strong>sigillorum</strong></span> <span class='ocrx_word' id='word_1_402' title='bbox 578 2229 772 2259; x_wconf 88' lang='lat' dir='ltr'><strong>nostrorum</strong></span> <span class='ocrx_word' id='word_1_403' title='bbox 794 2228 995 2268; x_wconf 85' lang='lat' dir='ltr'><strong>appensione</strong></span> <span class='ocrx_word' id='word_1_404' title='bbox 1017 2227 1327 2259; x_wconf 73' lang='lat' dir='ltr'><strong>muniri—Datum</strong></span> <span class='ocrx_word' id='word_1_405' title='bbox 1350 2231 1386 2259; x_wconf 90' lang='lat' dir='ltr'><strong>et</strong></span> <span class='ocrx_word' id='word_1_406' title='bbox 1407 2230 1522 2259; x_wconf 84' lang='lat' dir='ltr'><strong>actum</strong></span> <span class='ocrx_word' id='word_1_407' title='bbox 1539 2227 1695 2267; x_wconf 89' lang='lat' dir='ltr'><strong>Parisius,</strong></span> <span class='ocrx_word' id='word_1_408' title='bbox 1722 2227 1758 2259; x_wconf 91' lang='lat' dir='ltr'><strong>in</strong></span> 
     </span>
     <span class='ocr_line' id='line_1_47' title="bbox 370 2270 1757 2311; baseline 0.001 -10"><span class='ocrx_word' id='word_1_409' title='bbox 370 2270 480 2302; x_wconf 91' lang='lat' dir='ltr'><strong>Domo</strong></span> <span class='ocrx_word' id='word_1_410' title='bbox 490 2270 644 2311; x_wconf 85' lang='lat' dir='ltr'><strong>Magistri</strong></span> <span class='ocrx_word' id='word_1_411' title='bbox 656 2271 810 2302; x_wconf 89' lang='lat' dir='ltr'><strong>Priorum</strong></span> <span class='ocrx_word' id='word_1_412' title='bbox 822 2271 857 2302; x_wconf 91' lang='lat' dir='ltr'><strong>in</strong></span> <span class='ocrx_word' id='word_1_413' title='bbox 870 2271 1008 2303; x_wconf 84' lang='lat' dir='ltr'><strong>Francia</strong></span> <span class='ocrx_word' id='word_1_414' title='bbox 1021 2271 1157 2304; x_wconf 88' lang='lat' dir='ltr'><strong>Ordinis</strong></span> <span class='ocrx_word' id='word_1_415' title='bbox 1169 2271 1286 2304; x_wconf 87' lang='lat' dir='ltr'><strong>Sancti</strong></span> <span class='ocrx_word' id='word_1_416' title='bbox 1297 2271 1462 2303; x_wconf 70' lang='lat' dir='ltr'><strong>«Iohannis</strong></span> <span class='ocrx_word' id='word_1_417' title='bbox 1474 2271 1734 2303; x_wconf 89' lang='lat' dir='ltr'><strong>Ierosolimitani</strong></span> <span class='ocrx_word' id='word_1_418' title='bbox 1749 2281 1757 2310; x_wconf 74' lang='grc' dir='ltr'>ς</span> 
     </span>
     <span class='ocr_line' id='line_1_48' title="bbox 370 2312 1758 2356; baseline 0.001 -11"><span class='ocrx_word' id='word_1_419' title='bbox 370 2312 583 2354; x_wconf 85' lang='lat' dir='ltr'><strong>presentibus</strong></span> <span class='ocrx_word' id='word_1_420' title='bbox 599 2314 743 2346; x_wconf 88' lang='lat' dir='ltr'><strong>Domino</strong></span> <span class='ocrx_word' id='word_1_421' title='bbox 755 2315 942 2356; x_wconf 82' lang='lat' dir='ltr'><strong>Aymerico,</strong></span> <span class='ocrx_word' id='word_1_422' title='bbox 955 2315 1017 2346; x_wconf 91' lang='lat' dir='ltr'><strong>Dei</strong></span> <span class='ocrx_word' id='word_1_423' title='bbox 1032 2315 1142 2356; x_wconf 84' lang='lat' dir='ltr'><strong>gracia</strong></span> <span class='ocrx_word' id='word_1_424' title='bbox 1158 2315 1321 2356; x_wconf 90' lang='lat' dir='ltr'><strong>Episcopo</strong></span> <span class='ocrx_word' id='word_1_425' title='bbox 1334 2314 1522 2354; x_wconf 84' lang='lat' dir='ltr'><strong>Parisiensi,</strong></span> <span class='ocrx_word' id='word_1_426' title='bbox 1535 2325 1572 2346; x_wconf 84' lang='lat' dir='ltr'><strong>ac</strong></span> <span class='ocrx_word' id='word_1_427' title='bbox 1588 2314 1758 2354; x_wconf 83' lang='lat' dir='ltr'><strong>Magistris</strong></span> 
     </span>
     <span class='ocr_line' id='line_1_49' title="bbox 370 2357 1758 2400; baseline 0.001 -11"><span class='ocrx_word' id='word_1_428' title='bbox 370 2357 480 2389; x_wconf 79' lang='lat' dir='ltr'><strong>Adam</strong></span> <span class='ocrx_word' id='word_1_429' title='bbox 503 2358 546 2389; x_wconf 89' lang='lat' dir='ltr'><strong>de</strong></span> <span class='ocrx_word' id='word_1_430' title='bbox 569 2358 705 2397; x_wconf 90' lang='lat' dir='ltr'><strong>Estone,</strong></span> <span class='ocrx_word' id='word_1_431' title='bbox 722 2358 868 2390; x_wconf 89' lang='lat' dir='ltr'><strong>Doctore</strong></span> <span class='ocrx_word' id='word_1_432' title='bbox 889 2358 925 2390; x_wconf 90' lang='lat' dir='ltr'><strong>in</strong></span> <span class='ocrx_word' id='word_1_433' title='bbox 948 2359 1049 2390; x_wconf 85' lang='lat' dir='ltr'><strong>Sacra</strong></span> <span class='ocrx_word' id='word_1_434' title='bbox 1070 2358 1259 2400; x_wconf 86' lang='lat' dir='ltr'><strong>Theologia,</strong></span> <span class='ocrx_word' id='word_1_435' title='bbox 1278 2360 1406 2400; x_wconf 87' lang='lat' dir='ltr'><strong>Rogero</strong></span> <span class='ocrx_word' id='word_1_436' title='bbox 1428 2359 1470 2390; x_wconf 90' lang='lat' dir='ltr'><strong>de</strong></span> <span class='ocrx_word' id='word_1_437' title='bbox 1494 2359 1649 2398; x_wconf 88' lang='lat' dir='ltr'><strong>Fretone,</strong></span> <span class='ocrx_word' id='word_1_438' title='bbox 1666 2358 1758 2391; x_wconf 86' lang='lat' dir='ltr'><strong>Sacri</strong></span> 
     </span>
     <span class='ocr_line' id='line_1_50' title="bbox 369 2401 1756 2442; baseline 0.001 -10"><span class='ocrx_word' id='word_1_439' title='bbox 369 2401 494 2433; x_wconf 87' lang='lat' dir='ltr'><strong>Palacii</strong></span> <span class='ocrx_word' id='word_1_440' title='bbox 515 2401 700 2442; x_wconf 83' lang='lat' dir='ltr'><strong>Apostolici</strong></span> <span class='ocrx_word' id='word_1_441' title='bbox 723 2402 910 2434; x_wconf 85' lang='lat' dir='ltr'><strong>Causarum</strong></span> <span class='ocrx_word' id='word_1_442' title='bbox 933 2402 1108 2441; x_wconf 86' lang='lat' dir='ltr'><strong>Auditore,</strong></span> <span class='ocrx_word' id='word_1_443' title='bbox 1131 2402 1287 2434; x_wconf 87' lang='lat' dir='ltr'><strong>Johanne</strong></span> <span class='ocrx_word' id='word_1_444' title='bbox 1310 2403 1445 2442; x_wconf 88' lang='lat' dir='ltr'><strong>Person,</strong></span> <span class='ocrx_word' id='word_1_445' title='bbox 1469 2402 1614 2434; x_wconf 89' lang='lat' dir='ltr'><strong>Doctore</strong></span> <span class='ocrx_word' id='word_1_446' title='bbox 1636 2402 1756 2434; x_wconf 88' lang='lat' dir='ltr'><strong>Decre-</strong></span> 
     </span>
     <span class='ocr_line' id='line_1_51' title="bbox 370 2445 1758 2486; baseline 0.001 -10"><span class='ocrx_word' id='word_1_447' title='bbox 370 2447 497 2484; x_wconf 86' lang='lat' dir='ltr'><strong>torum,</strong></span> <span class='ocrx_word' id='word_1_448' title='bbox 515 2445 701 2478; x_wconf 86' lang='lat' dir='ltr'><strong>Guillermo</strong></span> <span class='ocrx_word' id='word_1_449' title='bbox 723 2446 766 2477; x_wconf 88' lang='lat' dir='ltr'><strong>de</strong></span> <span class='ocrx_word' id='word_1_450' title='bbox 781 2445 1025 2486; x_wconf 87' lang='lat' dir='ltr'><strong>Villemontoir,</strong></span> <span class='ocrx_word' id='word_1_451' title='bbox 1043 2446 1285 2478; x_wconf 88' lang='lat' dir='ltr'><strong>Archidiacono</strong></span> <span class='ocrx_word' id='word_1_452' title='bbox 1307 2445 1349 2477; x_wconf 89' lang='lat' dir='ltr'><strong>de</strong></span> <span class='ocrx_word' id='word_1_453' title='bbox 1373 2446 1529 2477; x_wconf 85' lang='lat' dir='ltr'><strong>Gardano</strong></span> <span class='ocrx_word' id='word_1_454' title='bbox 1551 2445 1586 2477; x_wconf 90' lang='lat' dir='ltr'><strong>in</strong></span> <span class='ocrx_word' id='word_1_455' title='bbox 1610 2445 1758 2477; x_wconf 84' lang='lat' dir='ltr'><strong>Ecclesia</strong></span> 
     </span>
     <span class='ocr_line' id='line_1_52' title="bbox 370 2489 1758 2531; baseline 0.001 -11"><span class='ocrx_word' id='word_1_456' title='bbox 370 2489 609 2528; x_wconf 84' lang='lat' dir='ltr'><strong>Suessionensi,</strong></span> <span class='ocrx_word' id='word_1_457' title='bbox 621 2492 656 2520; x_wconf 89' lang='lat' dir='ltr'><strong>et</strong></span> <span class='ocrx_word' id='word_1_458' title='bbox 667 2489 819 2529; x_wconf 87' lang='lat' dir='ltr'><strong>pluribus</strong></span> <span class='ocrx_word' id='word_1_459' title='bbox 830 2489 904 2521; x_wconf 89' lang='lat' dir='ltr'><strong>aliis</strong></span> <span class='ocrx_word' id='word_1_460' title='bbox 913 2489 1060 2522; x_wconf 91' lang='lat' dir='ltr'><strong>testibus</strong></span> <span class='ocrx_word' id='word_1_461' title='bbox 1072 2490 1198 2521; x_wconf 87' lang='lat' dir='ltr'><strong>vocatis</strong></span> <span class='ocrx_word' id='word_1_462' title='bbox 1213 2490 1255 2521; x_wconf 87' lang='lat' dir='ltr'><strong>ad</strong></span> <span class='ocrx_word' id='word_1_463' title='bbox 1269 2490 1440 2531; x_wconf 84' lang='lat' dir='ltr'><strong>premissa,</strong></span> <span class='ocrx_word' id='word_1_464' title='bbox 1452 2490 1534 2522; x_wconf 86' lang='lat' dir='ltr'>A.D.</span> <span class='ocrx_word' id='word_1_465' title='bbox 1549 2489 1610 2520; x_wconf 75' lang='lat' dir='ltr'><strong>Mo.</strong></span> <span class='ocrx_word' id='word_1_466' title='bbox 1626 2489 1758 2522; x_wconf 73' lang='lat' dir='ltr'>CCCm⁰</span> 
     </span>
     <span class='ocr_line' id='line_1_53' title="bbox 369 2532 1757 2574; baseline 0.001 -11"><span class='ocrx_word' id='word_1_467' title='bbox 369 2532 616 2573; x_wconf 81' lang='lat' dir='ltr'><strong>septuagesimo</strong></span> <span class='ocrx_word' id='word_1_468' title='bbox 631 2532 748 2574; x_wconf 87' lang='lat' dir='ltr'><strong>primo,</strong></span> <span class='ocrx_word' id='word_1_469' title='bbox 760 2533 952 2565; x_wconf 88' lang='lat' dir='ltr'><strong>Indiccione</strong></span> <span class='ocrx_word' id='word_1_470' title='bbox 964 2544 1061 2572; x_wconf 88' lang='lat' dir='ltr'><strong>nona,</strong></span> <span class='ocrx_word' id='word_1_471' title='bbox 1072 2533 1127 2564; x_wconf 91' lang='lat' dir='ltr'><strong>die</strong></span> <span class='ocrx_word' id='word_1_472' title='bbox 1138 2533 1284 2565; x_wconf 90' lang='lat' dir='ltr'><strong>secunda</strong></span> <span class='ocrx_word' id='word_1_473' title='bbox 1295 2533 1419 2564; x_wconf 88' lang='lat' dir='ltr'><strong>mensis</strong></span> <span class='ocrx_word' id='word_1_474' title='bbox 1431 2532 1522 2572; x_wconf 84' lang='lat' dir='ltr'><strong>Maii,</strong></span> <span class='ocrx_word' id='word_1_475' title='bbox 1537 2533 1757 2565; x_wconf 89' lang='lat' dir='ltr'><strong>Pontificatus</strong></span> 
     </span>
     <span class='ocr_line' id='line_1_54' title="bbox 368 2574 1755 2618; baseline 0.001 -11"><span class='ocrx_word' id='word_1_476' title='bbox 368 2575 452 2607; x_wconf 82' lang='lat' dir='ltr'><strong>dicti</strong></span> <span class='ocrx_word' id='word_1_477' title='bbox 476 2576 612 2608; x_wconf 88' lang='lat' dir='ltr'><strong>Domini</strong></span> <span class='ocrx_word' id='word_1_478' title='bbox 634 2577 750 2616; x_wconf 88' lang='lat' dir='ltr'><strong>nostri,</strong></span> <span class='ocrx_word' id='word_1_479' title='bbox 771 2577 910 2608; x_wconf 89' lang='lat' dir='ltr'><strong>Domini</strong></span> <span class='ocrx_word' id='word_1_480' title='bbox 932 2577 1084 2618; x_wconf 84' lang='lat' dir='ltr'><strong>Gregorii</strong></span> <span class='ocrx_word' id='word_1_481' title='bbox 1107 2577 1197 2618; x_wconf 88' lang='lat' dir='ltr'><strong>Pape</strong></span> <span class='ocrx_word' id='word_1_482' title='bbox 1218 2574 1310 2609; x_wconf 67' lang='grc' dir='ltr'><strong>ΧΙ1111</strong></span> <span class='ocrx_word' id='word_1_483' title='bbox 1324 2576 1424 2609; x_wconf 88' lang='lat' dir='ltr'><strong>Anno</strong></span> <span class='ocrx_word' id='word_1_484' title='bbox 1446 2576 1566 2618; x_wconf 88' lang='lat' dir='ltr'><strong>primo.</strong></span> <span class='ocrx_word' id='word_1_485' title='bbox 1616 2577 1662 2609; x_wconf 87' lang='lat' dir='ltr'><strong>Et</strong></span> <span class='ocrx_word' id='word_1_486' title='bbox 1685 2586 1755 2618; x_wconf 84' lang='lat' dir='ltr'><strong>ego,</strong></span> 
     </span>
     <span class='ocr_line' id='line_1_55' title="bbox 370 2619 1757 2661; baseline 0.001 -11"><span class='ocrx_word' id='word_1_487' title='bbox 370 2619 533 2651; x_wconf 86' lang='lat' dir='ltr'><strong>Ricardus</strong></span> <span class='ocrx_word' id='word_1_488' title='bbox 555 2620 597 2651; x_wconf 89' lang='lat' dir='ltr'><strong>de</strong></span> <span class='ocrx_word' id='word_1_489' title='bbox 621 2619 799 2658; x_wconf 85' lang='lat' dir='ltr'><strong>Croxtone,</strong></span> <span class='ocrx_word' id='word_1_490' title='bbox 822 2620 971 2661; x_wconf 84' lang='lat' dir='ltr'><strong>clericus,</strong></span> <span class='ocrx_word' id='word_1_491' title='bbox 989 2621 1133 2652; x_wconf 85' lang='lat' dir='ltr'><strong>Eliensis</strong></span> <span class='ocrx_word' id='word_1_492' title='bbox 1156 2620 1312 2660; x_wconf 87' lang='lat' dir='ltr'><strong>Diocesis,</strong></span> <span class='ocrx_word' id='word_1_493' title='bbox 1330 2620 1490 2652; x_wconf 85' lang='lat' dir='ltr'><strong>Publicus</strong></span> <span class='ocrx_word' id='word_1_494' title='bbox 1506 2620 1700 2660; x_wconf 84' lang='lat' dir='ltr'><strong>Apostolica</strong></span> <span class='ocrx_word' id='word_1_495' title='bbox 1721 2623 1757 2651; x_wconf 86' lang='lat' dir='ltr'><strong>et</strong></span> 
     </span>
     <span class='ocr_line' id='line_1_56' title="bbox 369 2662 1755 2705; baseline 0.001 -11"><span class='ocrx_word' id='word_1_496' title='bbox 369 2662 540 2704; x_wconf 89' lang='lat' dir='ltr'><strong>Imperiali</strong></span> <span class='ocrx_word' id='word_1_497' title='bbox 554 2663 768 2695; x_wconf 82' lang='lat' dir='ltr'><strong>Auctoritate</strong></span> <span class='ocrx_word' id='word_1_498' title='bbox 783 2664 954 2704; x_wconf 79' lang='lat' dir='ltr'><strong>Notarius,</strong></span> <span class='ocrx_word' id='word_1_499' title='bbox 971 2664 1054 2696; x_wconf 88' lang='lat' dir='ltr'><strong>dum</strong></span> <span class='ocrx_word' id='word_1_500' title='bbox 1071 2664 1232 2704; x_wconf 79' lang='lat' dir='ltr'><strong>premissa</strong></span> <span class='ocrx_word' id='word_1_501' title='bbox 1247 2675 1306 2705; x_wconf 87' lang='lat' dir='ltr'><strong>per</strong></span> <span class='ocrx_word' id='word_1_502' title='bbox 1321 2664 1430 2696; x_wconf 89' lang='lat' dir='ltr'><strong>dictos</strong></span> <span class='ocrx_word' id='word_1_503' title='bbox 1454 2664 1616 2695; x_wconf 91' lang='lat' dir='ltr'><strong>Dominos</strong></span> <span class='ocrx_word' id='word_1_504' title='bbox 1641 2664 1755 2696; x_wconf 89' lang='lat' dir='ltr'><strong>Cardi-</strong></span> 
     </span>
    </p>

    <p class='ocr_par' dir='ltr' id='par_1_5' title="bbox 369 2706 1756 2792">
     <span class='ocr_line' id='line_1_57' title="bbox 369 2706 1756 2749; baseline 0.001 -12"><span class='ocrx_word' id='word_1_505' title='bbox 369 2706 461 2738; x_wconf 82' lang='lat' dir='ltr'><strong>nales</strong></span> <span class='ocrx_word' id='word_1_506' title='bbox 475 2709 665 2747; x_wconf 85' lang='lat' dir='ltr'><strong>agerentur,</strong></span> <span class='ocrx_word' id='word_1_507' title='bbox 683 2711 762 2739; x_wconf 84' lang='lat' dir='ltr'><strong>cum</strong></span> <span class='ocrx_word' id='word_1_508' title='bbox 778 2707 919 2740; x_wconf 78' lang='lat' dir='ltr'><strong>Notario</strong></span> <span class='ocrx_word' id='word_1_509' title='bbox 934 2711 970 2739; x_wconf 88' lang='lat' dir='ltr'><strong>et</strong></span> <span class='ocrx_word' id='word_1_510' title='bbox 985 2708 1132 2739; x_wconf 88' lang='lat' dir='ltr'><strong>testibus</strong></span> <span class='ocrx_word' id='word_1_511' title='bbox 1147 2707 1391 2748; x_wconf 87' lang='lat' dir='ltr'><strong>prenominatis</strong></span> <span class='ocrx_word' id='word_1_512' title='bbox 1406 2718 1543 2749; x_wconf 86' lang='lat' dir='ltr'><strong>presens</strong></span> <span class='ocrx_word' id='word_1_513' title='bbox 1564 2707 1625 2747; x_wconf 90' lang='lat' dir='ltr'><strong>fui,</strong></span> <span class='ocrx_word' id='word_1_514' title='bbox 1643 2710 1679 2739; x_wconf 90' lang='lat' dir='ltr'><strong>et</strong></span> <span class='ocrx_word' id='word_1_515' title='bbox 1701 2717 1756 2739; x_wconf 90' lang='lat' dir='ltr'><strong>me</strong></span> 
     </span>
     <span class='ocr_line' id='line_1_58' title="bbox 370 2732 1754 2792; baseline 0.001 -11"><span class='ocrx_word' id='word_1_516' title='bbox 370 2750 613 2782; x_wconf 84' lang='lat' dir='ltr'><strong>subscribendo</strong></span> <span class='ocrx_word' id='word_1_517' title='bbox 637 2750 692 2782; x_wconf 90' lang='lat' dir='ltr'><strong>hic</strong></span> <span class='ocrx_word' id='word_1_518' title='bbox 713 2751 847 2792; x_wconf 86' lang='lat' dir='ltr'><strong>signum</strong></span> <span class='ocrx_word' id='word_1_519' title='bbox 871 2761 995 2791; x_wconf 88' lang='lat' dir='ltr'><strong>meum,</strong></span> <span class='ocrx_word' id='word_1_520' title='bbox 1013 2762 1090 2783; x_wconf 90' lang='lat' dir='ltr'><strong>cum</strong></span> <span class='ocrx_word' id='word_1_521' title='bbox 1114 2751 1198 2782; x_wconf 88' lang='lat' dir='ltr'><strong>dicti</strong></span> <span class='ocrx_word' id='word_1_522' title='bbox 1220 2751 1350 2783; x_wconf 86' lang='lat' dir='ltr'><strong>Notarii</strong></span> <span class='ocrx_word' id='word_1_523' title='bbox 1373 2751 1468 2791; x_wconf 88' lang='lat' dir='ltr'><strong>siguo</strong></span> <span class='ocrx_word' id='word_1_524' title='bbox 1485 2754 1521 2783; x_wconf 89' lang='lat' dir='ltr'><strong>et</strong></span> <span class='ocrx_word' id='word_1_525' title='bbox 1542 2732 1660 2792; x_wconf 85' lang='lat' dir='ltr'><strong>sigillis</strong></span> <span class='ocrx_word' id='word_1_526' title='bbox 1683 2761 1754 2792; x_wconf 89' lang='lat' dir='ltr'><strong>pre-</strong></span> 
     </span>
    </p>

    <p class='ocr_par' dir='ltr' id='par_1_6' title="bbox 368 2793 1751 2836">
     <span class='ocr_line' id='line_1_59' title="bbox 368 2793 1751 2836; baseline 0.001 -12"><span class='ocrx_word' id='word_1_527' title='bbox 368 2793 477 2833; x_wconf 80' lang='lat' dir='ltr'><strong>dictis,</strong></span> <span class='ocrx_word' id='word_1_528' title='bbox 491 2793 633 2835; x_wconf 74' lang='lat' dir='ltr'><strong>apposui</strong></span> <span class='ocrx_word' id='word_1_529' title='bbox 648 2794 841 2835; x_wconf 86' lang='lat' dir='ltr'><strong>requisitus,</strong></span> <span class='ocrx_word' id='word_1_530' title='bbox 856 2794 892 2826; x_wconf 91' lang='lat' dir='ltr'><strong>in</strong></span> <span class='ocrx_word' id='word_1_531' title='bbox 908 2795 1142 2827; x_wconf 84' lang='lat' dir='ltr'><strong>testimonium</strong></span> <span class='ocrx_word' id='word_1_532' title='bbox 1158 2794 1310 2826; x_wconf 84' lang='lat' dir='ltr'><strong>veritatis</strong></span> <span class='ocrx_word' id='word_1_533' title='bbox 1326 2795 1479 2827; x_wconf 90' lang='lat' dir='ltr'><strong>omnium</strong></span> <span class='ocrx_word' id='word_1_534' title='bbox 1502 2795 1751 2836; x_wconf 83' lang='lat' dir='ltr'><strong>premissorum.</strong></span> 
     </span>
    </p>

    <p class='ocr_par' dir='ltr' id='par_1_7' title="bbox 367 2837 1757 3010">
     <span class='ocr_line' id='line_1_60' title="bbox 370 2837 1756 2879; baseline 0.001 -11"><span class='ocrx_word' id='word_1_535' title='bbox 370 2837 461 2868; x_wconf 84' lang='lat' dir='ltr'><strong>—Et</strong></span> <span class='ocrx_word' id='word_1_536' title='bbox 471 2847 542 2878; x_wconf 84' lang='lat' dir='ltr'><strong>eg,o</strong></span> <span class='ocrx_word' id='word_1_537' title='bbox 555 2837 666 2870; x_wconf 85' lang='lat' dir='ltr'><strong>Adam</strong></span> <span class='ocrx_word' id='word_1_538' title='bbox 679 2837 834 2879; x_wconf 56' lang='lat' dir='ltr'><strong>vagrani,</strong></span> <span class='ocrx_word' id='word_1_539' title='bbox 844 2839 887 2870; x_wconf 91' lang='lat' dir='ltr'><strong>de</strong></span> <span class='ocrx_word' id='word_1_540' title='bbox 902 2838 1146 2878; x_wconf 84' lang='lat' dir='ltr'><strong>Villemontoir,</strong></span> <span class='ocrx_word' id='word_1_541' title='bbox 1163 2838 1410 2870; x_wconf 75' lang='lat' dir='ltr'><strong>suessionensis</strong></span> <span class='ocrx_word' id='word_1_542' title='bbox 1426 2838 1582 2878; x_wconf 76' lang='lat' dir='ltr'><strong>Dioeesis,</strong></span> <span class='ocrx_word' id='word_1_543' title='bbox 1596 2838 1756 2870; x_wconf 88' lang='lat' dir='ltr'><strong>Publicus</strong></span> 
     </span>
     <span class='ocr_line' id='line_1_61' title="bbox 369 2880 1754 2923; baseline 0.001 -11"><span class='ocrx_word' id='word_1_544' title='bbox 369 2880 583 2913; x_wconf 74' lang='lat' dir='ltr'><strong>Aucton‘tate</strong></span> <span class='ocrx_word' id='word_1_545' title='bbox 598 2881 629 2913; x_wconf 89' lang='lat' dir='ltr'>A</span> <span class='ocrx_word' id='word_1_546' title='bbox 631 2882 790 2922; x_wconf 86' lang='lat' dir='ltr'><strong>postolica</strong></span> <span class='ocrx_word' id='word_1_547' title='bbox 805 2882 978 2922; x_wconf 84' lang='lat' dir='ltr'><strong>Notarius,</strong></span> <span class='ocrx_word' id='word_1_548' title='bbox 991 2881 1074 2914; x_wconf 91' lang='lat' dir='ltr'><strong>dum</strong></span> <span class='ocrx_word' id='word_1_549' title='bbox 1090 2881 1250 2922; x_wconf 89' lang='lat' dir='ltr'><strong>premissa</strong></span> <span class='ocrx_word' id='word_1_550' title='bbox 1266 2892 1325 2923; x_wconf 92' lang='lat' dir='ltr'><strong>per</strong></span> <span class='ocrx_word' id='word_1_551' title='bbox 1340 2882 1448 2914; x_wconf 90' lang='lat' dir='ltr'><strong>dictos</strong></span> <span class='ocrx_word' id='word_1_552' title='bbox 1464 2882 1627 2914; x_wconf 90' lang='lat' dir='ltr'><strong>Dominos</strong></span> <span class='ocrx_word' id='word_1_553' title='bbox 1642 2881 1754 2914; x_wconf 85' lang='lat' dir='ltr'><strong>Cardi-</strong></span> 
     </span>
     <span class='ocr_line' id='line_1_62' title="bbox 369 2923 1757 2966; baseline 0.002 -12"><span class='ocrx_word' id='word_1_554' title='bbox 369 2923 461 2955; x_wconf 87' lang='lat' dir='ltr'><strong>nales</strong></span> <span class='ocrx_word' id='word_1_555' title='bbox 483 2927 671 2965; x_wconf 85' lang='lat' dir='ltr'><strong>agerentur,</strong></span> <span class='ocrx_word' id='word_1_556' title='bbox 699 2935 777 2957; x_wconf 91' lang='lat' dir='ltr'><strong>cum</strong></span> <span class='ocrx_word' id='word_1_557' title='bbox 794 2925 944 2957; x_wconf 73' lang='lat' dir='ltr'><strong>Notat-iis</strong></span> <span class='ocrx_word' id='word_1_558' title='bbox 968 2929 1003 2957; x_wconf 87' lang='lat' dir='ltr'><strong>et</strong></span> <span class='ocrx_word' id='word_1_559' title='bbox 1024 2925 1171 2957; x_wconf 87' lang='lat' dir='ltr'><strong>testibus</strong></span> <span class='ocrx_word' id='word_1_560' title='bbox 1194 2925 1386 2966; x_wconf 88' lang='lat' dir='ltr'><strong>prescriptis</strong></span> <span class='ocrx_word' id='word_1_561' title='bbox 1409 2935 1546 2966; x_wconf 89' lang='lat' dir='ltr'><strong>presens</strong></span> <span class='ocrx_word' id='word_1_562' title='bbox 1567 2925 1627 2965; x_wconf 83' lang='lat' dir='ltr'><strong>fui,</strong></span> <span class='ocrx_word' id='word_1_563' title='bbox 1644 2926 1680 2957; x_wconf 86' lang='lat' dir='ltr'><strong>et</strong></span> <span class='ocrx_word' id='word_1_564' title='bbox 1702 2935 1757 2957; x_wconf 88' lang='lat' dir='ltr'><strong>me</strong></span> 
     </span>
     <span class='ocr_line' id='line_1_63' title="bbox 367 2967 1755 3010; baseline 0.001 -12"><span class='ocrx_word' id='word_1_565' title='bbox 367 2967 608 2999; x_wconf 86' lang='lat' dir='ltr'><strong>subscribendo</strong></span> <span class='ocrx_word' id='word_1_566' title='bbox 630 2968 685 2999; x_wconf 91' lang='lat' dir='ltr'><strong>hic</strong></span> <span class='ocrx_word' id='word_1_567' title='bbox 707 2968 843 3010; x_wconf 81' lang='lat' dir='ltr'><strong>siguum</strong></span> <span class='ocrx_word' id='word_1_568' title='bbox 866 2979 989 3009; x_wconf 85' lang='lat' dir='ltr'><strong>meum,</strong></span> <span class='ocrx_word' id='word_1_569' title='bbox 1007 2979 1084 3000; x_wconf 88' lang='lat' dir='ltr'><strong>cum</strong></span> <span class='ocrx_word' id='word_1_570' title='bbox 1108 2969 1191 3000; x_wconf 87' lang='lat' dir='ltr'><strong>dicti</strong></span> <span class='ocrx_word' id='word_1_571' title='bbox 1214 2969 1346 3001; x_wconf 87' lang='lat' dir='ltr'><strong>Notarii</strong></span> <span class='ocrx_word' id='word_1_572' title='bbox 1368 2969 1464 3010; x_wconf 84' lang='lat' dir='ltr'><strong>signo</strong></span> <span class='ocrx_word' id='word_1_573' title='bbox 1486 2974 1522 3000; x_wconf 85' lang='lat' dir='ltr'><strong>et</strong></span> <span class='ocrx_word' id='word_1_574' title='bbox 1544 2969 1661 3010; x_wconf 88' lang='lat' dir='ltr'><strong>sigillis</strong></span> <span class='ocrx_word' id='word_1_575' title='bbox 1684 2979 1755 3010; x_wconf 91' lang='lat' dir='ltr'><strong>pre-</strong></span> 
     </span>
    </p>
   </div>
  </div>
 </body>
</html>
