1988 3256
346 386 442 430 480
562 398 662 431 THE
698 399 940 434 REGISTER
974 401 1034 434 or
1069 402 1247 436 BISHOP
1282 403 1684 440 BRANTYNGHAM.

345 499 420 559 {³3⁸8}
495 506 599 537 astico
638 507 854 547 competenti,
883 507 1074 548 pertinente
1107 509 1149 540 ad
1181 509 1404 542 Collacionem
1443 510 1688 551 Religiosorum
1718 509 1888 550 Virorum,

345 554 449 595 volfl.
498 550 620 581 Prioris
646 554 681 582 et
709 551 905 583 Conventus
932 552 973 582 de
1002 552 1213 594 Plymptone,
1239 556 1314 593 etc,
1343 554 1386 586 ad
1420 564 1566 595 quorum
1598 554 1888 587 Presentacionem

496 594 586 625 dicta
602 594 732 626 Vinaria
748 595 876 626 notorie
892 595 1079 628 dinoscitur
1095 597 1272 638 pertinere,
1289 608 1398 629 coram
1416 598 1513 629 nobis
1537 598 1650 629 Bullus
1671 608 1773 639 super
1794 598 1888 631 dieta

497 639 616 671 Gracia
646 639 750 670 factas
774 643 808 670 et
835 639 1010 671 Processus
1033 640 1112 671 inde
1134 645 1266 672 secutos
1290 642 1443 673 exhibuit
1467 645 1502 673 et
1524 642 1684 680 ostendit,
1720 652 1780 683 pei·
1802 651 1888 684 quos

495 686 633 725 apparet
648 684 792 714 eundem
810 683 999 715 Johannem
1023 684 1065 715 ad
1088 684 1252 725 prefatam
1268 685 1434 717 Vicariam
1456 685 1513 727 jus
1536 685 1657 717 habere
1674 696 1682 725 ;
1705 689 1741 716 et
1756 695 1827 725 nos,
1843 684 1886 717 ad

494 728 599 769 ipsius
622 728 642 759 J
647 727 787 758 ohannis
811 727 1010 767 peticionem
1034 728 1228 767 instantem,
1257 739 1295 760 ac
1318 740 1359 760 ex
1381 729 1453 760 aliis
1475 729 1575 761 certis
1598 729 1706 761 causis
1728 728 1887 770 legitimis

495 782 555 803 nos
570 771 613 802 ad
628 771 662 802 id
680 771 903 809 moventibus,
922 771 1091 811 prefatum
1116 773 1336 813 Sequestrum
1360 783 1380 804 a
1403 776 1554 814 tempore
1577 773 1790 805 Indnccionis
1812 783 1885 814 pre·

495 815 558 846 fati
588 815 752 846 «Iohannis
783 814 816 845 in
849 815 975 852 eadem,
1007 815 1098 847 salvo
1127 816 1203 857 jure
1234 816 1489 858 cujuscumque,
1519 817 1752 854 relaxavimus,
1783 819 1887 857 prout

494 862 610 890 tenore
627 859 839 890 Presencium
857 859 1044 891 relaxamus
1059 870 1069 897 ;
1093 860 1140 891 ita
1156 860 1246 901 quod
1264 861 1352 892 idem
1369 861 1539 892 Johannes
1563 860 1714 902 ejusdem
1739 860 1887 892 Ecclesia

497 903 702 940 Cancellum,
727 913 786 943 pro
809 903 963 943 porcione
987 903 1097 944 ipsum
1121 904 1348 945 contingente,
1371 904 1461 936 refici
1483 908 1518 936 et
1540 904 1687 945 reparari
1708 903 1820 944 faciat,
1844 906 1885 935 ut

495 950 631 978 tenetur
649 958 656 985 ;
680 946 783 986 vobis,
800 946 1008 987 conjunctim
1025 950 1060 978 et
1075 946 1218 987 divisim,
1237 948 1484 980 committimus
1506 951 1543 979 et
1558 948 1759 979 mandamus
1774 947 1885 988 quati-

494 1001 559 1022 nus
582 990 779 1031 hujusmodi
803 991 1022 1031 Sequestrum
1047 1002 1105 1031 per
1127 1001 1187 1023 nos
1209 991 1313 1023 fuisse
1335 995 1371 1023 et
1392 1002 1463 1023 esse
1485 991 1673 1023 relaxatum
1696 990 1828 1033 publice
1850 993 1886 1023 et

496 1034 715 1075 solempniter
730 1034 1065 1066 nuncietiS.——Dated
1080 1038 1116 1066 at
1133 1035 1332 1076 Chudleig'n,
1352 1036 1391 1067 18
1408 1036 1553 1076 August.

452 1095 678 1144 Chawleigh
699 1095 797 1143 (and
820 1095 1051 1145 Plymouth)
1068 1109 1077 1142 3
1106 1097 1294 1134 Probacio
1316 1096 1615 1142 Testamenti,—

450 1151 550 1189 Item,
577 1150 712 1188 ibidem,
742 1148 869 1190 xxiiijto
895 1150 949 1180 die
981 1150 1103 1181 mensis
1130 1151 1286 1191 Augusti,
1317 1151 1499 1192 probatum
1529 1151 1599 1182 fuit
1628 1151 1884 1182 Testamentum

495 1194 632 1225 Domini
647 1194 774 1224 Tliome
792 1194 882 1232 Esse,
900 1194 1051 1224 Reotoris
1074 1194 1157 1225 dum
1183 1195 1267 1226 vixit
1295 1195 1437 1226 Ecclesie
1461 1194 1663 1226 Parochialis
1685 1194 1727 1225 de
1744 1193 1883 1226 Chalve-

494 1237 599 1278 leghe,
623 1248 734 1269 coram
760 1237 920 1278 Magistro
945 1238 1073 1277 Rogero
1097 1238 1194 1278 Page,
1219 1238 1456 1270 Commissario
1482 1238 1616 1269 Domini
1642 1237 1676 1269 in
1702 1237 1764 1268 hac
1786 1239 1884 1278 parte

493 1281 682 1322 specialiter
697 1281 872 1321 deputato,
888 1283 925 1312 et
943 1291 1002 1321 pro
1018 1281 1135 1312 eodem
1152 1282 1369 1313 Testamento
1384 1282 1535 1322 legitime
1544 1281 1806 1322 pronunciatum
1821 1292 1831 1319 ;
1848 1281 1884 1312 in

494 1336 560 1366 quo
577 1325 742 1356 nominati
757 1327 840 1356 sunt
857 1325 1061 1355 Executores
1080 1325 1185 1356 David
1200 1325 1438 1366 Cervyngtone
1450 1329 1486 1357 et
1500 1325 1664 1356 Dominus
1677 1324 1883 1356 Laurencius

493 1370 621 1407 Drewe,
638 1368 839 1409 capella-nus,
856 1368 914 1408 qui
929 1368 1091 1409 jurarunt
1114 1370 1156 1400 de
1179 1369 1276 1400 fidele
1303 1369 1533 1400 Inventarium
1557 1368 1771 1407 conficiendo,
1787 1372 1824 1400 et
1838 1367 1882 1399 de

493 1411 682 1444 exhibendo
706 1412 791 1443 illud
813 1411 904 1452 apud
929 1412 1102 1443 Criditone
1127 1413 1268 1454 xxvijmo
1295 1413 1349 1444 die
1376 1413 1522 1454 Augusti
1550 1423 1591 1444 ex
1618 1417 1702 1444 tunc
1730 1412 1882 1453 proximo

492 1456 796 1497 sequente—Quo,
820 1455 970 1496 quidem,
996 1456 1137 1496 xxviij
1161 1456 1215 1487 die
1238 1456 1362 1497 prefati
1390 1456 1497 1488 David
1513 1459 1549 1488 et
1568 1455 1772 1487 Laurencius
1787 1465 1875 1486 com-

492 1502 690 1541 paruerunt,
714 1504 750 1530 et
772 1499 1003 1531 exhibuerunt
1030 1499 1262 1531 Inventarium
1289 1500 1332 1531 ad
1356 1510 1524 1531 summam
1550 1499 1645 1541 xlei.
1670 1499 1723 1540 ijs.
1747 1499 1818 1540 ijd„
1845 1502 1882 1530 et

494 1544 656 1585 jurarunt
673 1543 715 1574 de
737 1543 882 1574 fideliter
904 1543 1172 1575 administrando
1196 1544 1283 1575 bona
1304 1544 1457 1585 predicta
1474 1554 1482 1581 ;
1506 1553 1645 1582 necnon,
1664 1543 1707 1575 de
1721 1543 1881 1574 solvendo

490 1587 605 1619 debita
621 1590 656 1619 et
671 1587 791 1628 legata,
808 1591 882 1626 etc„
899 1591 936 1618 et
951 1587 993 1618 de
1008 1587 1203 1619 calculando
1218 1598 1297 1619 cum
1313 1598 1458 1628 congrue
1474 1587 1604 1619 fuerint
1619 1586 1784 1629 requisiti,
1801 1589 1878 1626 ete„

489 1632 565 1670 nisi,
583 1634 646 1663 etc.

448 1675 546 1715 ltem,
577 1675 668 1715 apud
701 1674 896 1715 Cryditone,
927 1675 1045 1705 eodem
1079 1674 1189 1716 xxvij⁰
1214 1675 1279 1713 die,
1312 1675 1493 1716 probatum
1524 1674 1592 1706 fuit
1622 1674 1881 1706 Testamentum

490 1719 626 1750 Domini
649 1719 777 1750 ‘rhome
793 1719 960 1756 Amcotes,
989 1719 1147 1759 Perpetui
1163 1718 1284 1750 Vicat-ii
1308 1718 1390 1750 dum
1414 1718 1501 1750 vixit
1518 1717 1662 1749 Ecclesie
1679 1711 1882 1749 Paroehiasss

488 1763 530 1794 de
554 1763 702 1794 Snttone
716 1762 817 1803 juxta
834 1762 1084 1800 Plummouthe,
1101 1773 1211 1793 coram
1231 1763 1384 1800 Domino,
1400 1765 1436 1794 et
1454 1773 1512 1802 pro
1528 1762 1646 1793 eodem
1662 1761 1881 1792 Testamenti)

490 1806 641 1847 legitime
651 1806 913 1847 pronunciatum
930 1816 938 1843 ;
955 1805 989 1836 in
1006 1816 1073 1846 quo
1084 1806 1249 1837 nominati
1261 1810 1343 1838 sunt
1356 1807 1561 1837 Executores
1577 1829 1585 1838 .
1603 1829 1611 1837 .
1628 1829 1636 1836 .
1670 1803 1757 1846 [The
1769 1804 1880 1846 Entry

491 1850 575 1881 ends
591 1850 670 1882 here
685 1849 856 1890 abruptly‚
874 1860 893 1880 a
909 1859 1006 1889 space
1023 1850 1057 1880 of
1073 1849 1137 1881 five
1154 1850 1238 1881 lines
1254 1850 1354 1891 being
1370 1849 1434 1881 left
1450 1849 1503 1881 for
1518 1850 1564 1881 its
1578 1847 1806 1890 completionJ.

445 1910 734 1960 Illegitimacy3
766 1909 1082 1957 Dispensaci0‚-

446 1965 545 2002 Item,
576 1964 702 1995 eisdem
740 1964 794 1995 die
832 1966 867 1995 et
897 1963 978 2000 loco,
1010 1963 1174 1995 Dominus
1204 1964 1421 2004 dispensavit,
1452 1963 1657 1996 auctoritate
1687 1962 1878 1994 Literni-um

490 2008 675 2039 Reverendi
698 2008 732 2039 in
757 2007 893 2039 Christo
918 2007 1036 2046 Patris,
1053 2011 1131 2046 etc„
1148 2008 1285 2038 Domini
1309 2007 1500 2048 Augustini,
1518 2006 1673 2048 Episcopi
1698 2005 1880 2038 Penuensis

488 2056 523 2083 et
549 2051 729 2090 Adriensis,
753 2061 829 2082 cum
854 2051 873 2082 J
877 2050 1009 2082 ohanne
1034 2051 1162 2091 Mouns,
1179 2051 1308 2090 clerico,
1324 2051 1522 2083 Exoniensis
1539 2050 1695 2090 Diocesis,
1711 2050 1754 2081 de
1768 2049 1880 2084 soluto

487 2096 602 2136 genito
625 2100 661 2127 et
676 2095 787 2126 soluta
803 2105 811 2134 ;
836 2098 876 2126 ut
891 2094 925 2126 in
942 2094 1059 2126 forma.

335 2149 384 2176 s0l·
443 2150 610 2188 Genera]
632 2150 794 2188 Licence
814 2154 857 2187 to
875 2149 1139 2196 celebrate,—

336 2185 394 2210 101.
446 2205 545 2244 Item,
570 2205 695 2235 eisdem
718 2204 773 2235 die
796 2207 831 2235 et
854 2203 935 2242 loco,
960 2203 1126 2234 Dominus
1148 2203 1312 2235 concessit
1337 2203 1521 2235 Licenciam
1546 2202 1709 2243 Magistro
1731 2201 1880 2235 Johanni

494 2248 708 2286 Northwode,
727 2247 817 2288 quod
835 2247 939 2288 possit
956 2247 1132 2286 celebrare,
1150 2251 1185 2278 et
1202 2257 1262 2288 per
1277 2247 1482 2287 presbiteros
1504 2247 1652 2288 ydoneos
1669 2246 1704 2277 in
1728 2255 1790 2277 sua
1805 2255 1878 2286 pre·

489 2292 599 2323 seneia
614 2292 723 2323 facere
743 2291 863 2322 Divina
878 2290 1046 2330 celebrari,
1064 2291 1099 2321 in
1122 2291 1262 2331 singulis
1279 2291 1424 2332 Capellis
1447 2291 1516 2322 sive
1540 2289 1712 2328 Oratoriis,
1728 2294 1790 2321 aut
1803 2288 1878 2320 aliis

491 2336 585 2367 Locis
609 2335 767 2372 honestis,
794 2335 881 2366 infra
906 2334 1087 2365 Civitatem
1111 2337 1146 2365 et
1175 2334 1338 2366 Dioeesim
1369 2335 1497 2366 Exonie
1525 2334 1692 2366 ubililibet
1717 2332 1876 2371 situatis3

488 2379 649 2420 quamdiu
669 2379 814 2410 Domino
830 2378 995 2419 placuerit
1017 2377 1228 2410 duraturam.
1785 2375 1796 2382 ‘

443 2441 648 2478 Wiclifism
666 2453 676 2486 ;
708 2439 855 2478 Contra
875 2438 1133 2476 Laurencium
1154 2438 1433 2484 Bedeman,¹—

333 2524 343 2544 ¹
361 2527 531 2557 Laurence
548 2525 695 2563 Stevine,
711 2523 797 2555 alias
815 2523 992 2562 Bedeman,
1006 2533 1072 2554 was
1182 2523 1383 2573 academical
1399 2523 1517 2565 rights,
1536 2524 1575 2555 18
1592 2523 1677 2564 Oct,
1695 2524 1789 2557 1382.
1825 2523 1879 2556 He

377 2567 1072 2653 &3523ss‚“‘{3{{’23.-3}³‘32¹¹‘{}¹7¹>2‘'fffixtssz
1183 2577 1307 2642 3‘42331-
1322 2567 1878 2649 {ivfiiiioiftssssllsssffizsssnflossffi

379 2659 500 2688 Rector
523 2656 559 2686 of
588 2655 647 2686 the
679 2654 820 2694 College,
848 2653 1070 2691 1379—1380‚
1184 2658 1220 2685 to
1247 2654 1367 2694 preach
1396 2654 1431 2685 in
1464 2654 1563 2686 Latin
1593 2665 1631 2686 or
1661 2653 1801 2695 English
1830 2654 1877 2696 by

377 2700 532 2740 vacating
562 2699 614 2730 his
647 2697 858 2737 Fellowship,
894 2699 932 2728 16
966 2697 1069 2737 April,
1183 2697 1308 2738 Bishop
1345 2697 1504 2737 Stafford,
1544 2699 1580 2729 11
1621 2698 1721 2737 June,
1770 2698 1878 2738 141ος

378 2745 471 2775 1380.
544 2742 646 2773 “The
683 2740 842 2772 Wiclifite
878 2743 1071 2772 movement
1183 2740 1316 2780 having,
1347 2750 1366 2772 a
1400 2740 1496 2773 short
1527 2741 1611 2773 time
1639 2741 1764 2780 before,
1791 2741 1876 2773 been

376 2787 502 2828 largely
526 2785 712 2817 influenced
744 2785 891 2822 leeter;
928 2784 973 2815 its
1004 2783 1069 2815 his·
1181 2784 1363 2825 appointed
1380 2787 1416 2816 to
1430 2794 1525 2816 serve
1539 2794 1575 2816 as
1589 2795 1609 2816 a
1633 2783 1876 2826 Penitentiary,

378 2836 454 2871 tory
500 2830 560 2861 has
598 2829 681 2859 been
721 2828 857 2859 written
896 2827 939 2867 by
979 2827 1069 2858 John
1186 2829 1223 2858 15
1240 2828 1497 2866 Jan.,1409-10.
1544 2828 1605 2859 See
1621 2827 1671 2859 the
1690 2826 1884 2869 Reyislerof

379 2874 493 2912 Lewis,
521 2883 540 2904 a
570 2872 721 2903 member
746 2871 782 2902 ot*
811 2870 872 2902 the
901 2870 1069 2911 College.’'
1184 2870 1296 2902 Eum·
1321 2871 1440 2911 college
1462 2870 1507 2912 by
1531 2871 1567 2903 Ο.
1593 2871 1642 2903 W.
1675 2871 1788 2911 Boase,
1819 2881 1875 2912 pp.

378 2917 546 2949 Bedeman
557 2915 747 2947 renouneed
761 2913 928 2945 Wiclifism
939 2913 1071 2955 shortly
1183 2914 1248 2945 lxv.
1258 2938 1266 2953 ‚
1287 2913 1450 2954 17.—See‚
1467 2914 1546 2955 also,
1559 2924 1643 2956 page
1660 2915 1721 2947 158
1735 2914 1874 2956 (supra),

376 2961 465 2992 after
488 2960 556 2992 this
580 2958 739 2990 Mandate
762 2967 829 2989 was
851 2957 973 2996 issued,
1003 2957 1071 2989 and
1183 2957 1244 2990 No.
1264 2958 1336 2990 129.

376 3004 437 3037 the
459 3002 670 3045 Archbishop
692 3000 845 3034 restored
866 3000 938 3033 him
960 3003 997 3034 to
1019 2999 1071 3033 his
