1988 3256
250 371 346 416 222
451 381 555 415 THE
589 380 833 415 REGISTER
868 381 931 415 or
965 380 1143 415 BISHOP
1178 380 1580 416 BRANTYNGHAM.

359 487 484 526 This‘
474 499 507 525 1s
527 487 596 525 the
617 487 799 537 Registre
819 487 860 524 of
887 487 1059 525 Thomas
1082 486 1393 538 Brantyngham,
1416 487 1503 526 who
1523 500 1601 526 was
1630 486 1797 538 Bisshop

251 519 327 580 ir30⁷1⁰
412 543 454 580 of
495 542 682 580 Excestre
719 546 815 580 next
852 542 956 579 after
987 541 1025 580 J.
1060 541 1345 589 Graundisson,
1380 542 1459 580 and
1491 555 1535 581 so
1567 541 1796 594 contynued

252 588 275 614 Ῑ·
415 597 463 634 24
484 609 621 648 yeares
642 593 821 649 [added
805 610 848 634 m
867 609 893 633 a
913 596 1012 635 later
1026 593 1181 648 hand].1

359 699 515 755 [gtmm
543 699 724 761 &omini
743 699 838 753 ‘3110
858 699 1031 745 QIOEOEm
1049 699 1152 748 lxxa
1185 701 1226 742 et
1245 699 1597 745 &numerationis
1617 699 1798 754 &antini

415 754 681 800 OExonienziz
711 754 921 808 &pistum
950 754 1088 807 ζξιιιηο
1115 754 1287 809 primm]

364 833 723 884 Broadhempston3
743 833 813 872 the
828 833 955 880 Vicar,
974 833 1338 872 excommunicated
1351 834 1413 872 for
1423 834 1703 886 incontinency
1718 833 1797 873 and

413 888 496 926 still
517 889 824 935 contumacious,
843 889 876 927 is
894 888 1094 926 delivered
1114 894 1157 926 to
1176 889 1245 927 the
1265 889 1419 927 secular
1436 901 1590 936 arm,—

252 943 278 970 A
291 943 329 974 D·
359 942 659 983 Excellentissimo,
697 946 759 975 etc.
767 966 776 982 ,
818 943 964 974 Domino
1004 943 1181 983 Edwardo,
1215 943 1274 974 Dei
1307 943 1416 984 gracia
1447 943 1530 984 Regi
1560 943 1690 985 Angue,
1720 946 1796 983 etc.,

251 976 353 1038 ξῗΊῙΟ-Ῑ.
400 987 555 1026 Thomas,
579 987 794 1018 miseracione
817 985 940 1018 Divina
970 986 1157 1028 Episcopus
1188 987 1398 1026 Exoniensis,
1427 987 1573 1019 salutem
1599 987 1635 1019 in
1662 987 1712 1019 Eo
1737 997 1796 1028 per

250 1021 317 1072 fol)
311 1046 336 1072 1
401 1030 509 1070 Quem
526 1031 634 1072 Reges
655 1033 797 1071 regnant
814 1034 849 1062 et
865 1030 1036 1072 Principes
1058 1030 1287 1062 dominantur.
1295 1030 1545 1063 —Excellencie
1560 1034 1671 1063 vestre
1695 1030 1797 1072 Regis

250 1077 521 1115 [MA105.1tenore
536 1074 750 1106 Presencium
767 1074 965 1106 intimamus
981 1074 1071 1116 quod
1083 1075 1229 1106 Thomas
1244 1075 1286 1106 de
1303 1073 1595 1114 Bermycheham,²
1607 1075 1797 1116 Perpetuus

405 1118 558 1150 Viearius
575 1117 721 1150 Ecclesie
738 1118 939 1150 Parochialis
962 1119 1004 1150 de
1028 1118 1329 1160 Brodhempstone.
1353 1119 1556 1150 auctoritate
1578 1121 1695 1151 nostra
1709 1119 1796 1150 ordi-

403 1162 497 1193 naria
512 1172 572 1203 per
587 1162 869 1194 Archidiaconum
884 1165 1039 1194 nostrum
1055 1162 1224 1201 Tottonie‚
1235 1164 1372 1204 propter
1387 1172 1482 1194 suam
1495 1162 1709 1194 manifestam
1720 1172 1796 1194 cou-

403 1206 587 1238 tumaciam
605 1206 730 1247 pariter
746 1209 780 1237 et
796 1207 966 1245 offensam,
983 1209 1100 1238 contra
1122 1206 1268 1238 eundem
1291 1207 1456 1238 Thomam
1471 1205 1644 1239 vicarium
1666 1206 1797 1238 racione

404 1253 440 1281 et
455 1260 496 1281 ex
512 1260 612 1281 causa
627 1249 770 1282 residivc
779 1250 1026 1282 incontinencie
1038 1260 1115 1282 cum
1128 1250 1274 1291 quadam
1293 1250 1413 1282 Cecilia
1425 1250 1626 1289 XVestecote,
1638 1250 1672 1282 in
1685 1250 1796 1282 anime

403 1304 463 1325 sue
487 1303 578 1325 mere
600 1293 816 1326 correccionis
840 1294 984 1334 negocio,
1011 1294 1103 1325 fama
1126 1293 1260 1335 publica
1282 1294 1493 1335 precedente,
1511 1293 1661 1335 legitime
1677 1297 1714 1326 et
1728 1294 1794 1326 rite

403 1340 506 1376 moto,
530 1337 636 1369 fuerit
659 1340 694 1368 et
716 1338 762 1369 sit
786 1332 922 1379 'Majoris
946 1337 1313 1369 Excommunicacionis
1336 1337 1538 1370 Sentencia'
1529 1348 1564 1369 m
1580 1338 1688 1369 forma
1709 1337 1796 1379 juris

402 1362 597 1421 innodatus,
625 1383 660 1413 et
686 1381 722 1413 in
748 1382 865 1413 eadem
889 1381 1257 1413 Excommunicacionis
1282 1379 1459 1413 Sentencia
1485 1392 1546 1423 per
1569 1382 1795 1423 quadraginta

402 1425 474 1456 dies
489 1428 525 1456 et
540 1425 685 1466 amplius
701 1425 813 1457 animo
836 1425 1052 1466 pertinaciter
1075 1424 1281 1466 perduravit,
1308 1429 1344 1456 et
1365 1425 1486 1465 adhuc,
1503 1425 1708 1466 contemptis
1727 1426 1790 1457 Ec-

403 1469 500 1501 clesie
517 1469 686 1509 Clavibus,
704 1472 895 1510 perseverat
917 1469 1087 1502 indurato,
1134 1469 1232 1507 Cum,
1256 1469 1371 1510 igitur,
1388 1469 1535 1501 Ecclesia
1558 1469 1680 1502 Sancta
1704 1469 1793 1502 ultra

402 1523 469 1544 non
485 1512 607 1545 habeat
622 1513 713 1554 quod
730 1513 831 1545 faciat
846 1513 880 1544 in
898 1513 959 1555 bac
975 1515 1079 1554 parte,
1097 1515 1206 1545 vestre
1222 1513 1324 1554 Regie
1348 1512 1550 1545 Celsitudini
1565 1513 1794 1554 supplicamus

403 1556 576 1598 quatinus,
605 1557 649 1588 ad
670 1557 776 1598 ipsius
799 1557 1081 1588 excommunicati
1103 1556 1318 1589 rebellionem
1342 1557 1509 1589 salubrius
1532 1557 1790 1598 reprimendam,

402 1610 554 1632 exercere
570 1600 756 1642 dignemini
771 1605 888 1632 contra
910 1601 1021 1642 ipsum
1044 1600 1209 1632 auxilium
1233 1600 1359 1632 brachii
1381 1600 1548 1640 secularis,
1565 1602 1606 1632 ut
1620 1601 1712 1642 quod
1730 1601 1791 1633 Ec-

401 1644 584 1676 clesiastico
600 1645 762 1686 potestati
777 1655 845 1686 quo
860 1644 903 1676 ad
919 1644 1070 1686 predicta
1085 1644 1199 1676 deesse
1215 1645 1403 1676 dinoscitur
1421 1644 1593 1686 Majestati
1608 1644 1710 1686 Regio
1732 1655 1793 1686 per

402 1688 584 1720 Ecclesiam
611 1688 790 1730 implorato
817 1689 962 1730 presidio
991 1688 1199 1730 suppleatur.
1244 1688 1365 1721 Valeat
1387 1690 1423 1720 et
1445 1691 1571 1720 crescat
1601 1698 1733 1729 semper
1755 1689 1790 1721 in

402 1732 537 1765 Christo
553 1735 675 1770 vestra,
693 1743 770 1764 cum
786 1733 918 1774 gaudio,
937 1732 1039 1774 Regia
1055 1732 1255 1774 Magnitudo
1271 1732 1437 1765 l-Dated
1454 1732 1604 1771 London,
1622 1733 1662 1764 24
1679 1732 1767 1775 May.

354 1810 631 1849 Testamentar
660 1840 669 1857 ,

247 1863 351 1898 [JUNJ-
353 1865 509 1902 Thomas,
527 1868 602 1904 etc„
619 1822 760 1897 Oyfficiali
775 1867 891 1897 nostre
912 1865 935 1897 J
938 1865 1166 1898 ur1sd1ccion1s
1189 1864 1370 1896 Peculiaris
1391 1865 1427 1898 in
1451 1865 1611 1905 Devonia,
1630 1865 1787 1906 salutem,

247 1905 293 1925 ¹¹⁵·
297 1898 307 1929 Ῑ
400 1912 463 1940 etc.
468 1908 703 1948 —Quoniam
694 1909 877 1940 msinuacio
893 1912 929 1940 et
943 1909 1142 1951 approbacio
1157 1909 1309 1940 omnium
1322 1909 1618 1942 Testamentorum
1628 1919 1792 1951 quorum-

399 1962 544 1994 cumque
561 1952 840 1984 Beneficiatorum
854 1955 1046 1985 nostrarum
1060 1953 1217 1986 Civitatis
1229 1955 1265 1984 et
1281 1952 1438 1992 Dioeesis,
1452 1953 1540 1985 iufra
1554 1953 1687 1985 easdem
1703 1953 1790 1985 Civi-

400 1999 507 2028 tatem
524 2000 559 2028 et
576 1996 741 2028 Diocesim
758 1996 1007 2036 decedencium,
1023 2001 1059 2028 et
1076 1996 1230 2038 precipue
1246 1996 1492 2029 canonicorum
1509 1997 1654 2029 Ecclesia
1676 2000 1791 2030 nostre

403 2040 611 2080 Exoniensis,
628 2050 665 2071 ac
681 2040 880 2072 Oommissio
897 2040 1213 2072 Administracionis
1235 2039 1400 2072 bonorum
1423 2041 1495 2082 ipsa
1510 2041 1786 2073 concernencium

402 2084 628 2122 Testamenta,
642 2087 677 2115 et
692 2083 823 2115 audicio
839 2094 875 2115 ac
891 2084 1089 2125 approbacio
1105 2083 1418 2116 Administracionis
1434 2085 1627 2124 eorundem,
1644 2087 1679 2116 et
1694 2085 1787 2117 abso-

402 2127 490 2159 lucio
505 2137 544 2158 ac
559 2127 713 2159 liberacio
735 2127 777 2159 ab
793 2127 918 2159 eisdem
941 2128 1038 2159 nobis
1060 2127 1169 2160 solum
1186 2130 1221 2159 et
1235 2127 1270 2158 in
1286 2127 1432 2159 solidum
1455 2128 1633 2169 pertineat,
1650 2131 1720 2160 tam
1744 2129 1787 2160 de

402 2171 478 2212 jure
503 2181 605 2213 quam
629 2171 672 2202 de
694 2171 938 2203 consuetudine
962 2182 1021 2213 per
1043 2172 1293 2203 Predecessores
1316 2175 1448 2203 nostros
1471 2182 1531 2213 per
1552 2174 1688 2213 tempus
1711 2175 1748 2204 et
1769 2183 1789 2204 a

402 2217 554 2256 tempore
576 2214 675 2256 cujus
697 2215 855 2246 contrarii
877 2215 1037 2247 memoria
1059 2215 1236 2247 hominum
1258 2225 1326 2246 non
1349 2215 1465 2247 existit
1487 2215 1652 2247 hactenus
1673 2216 1787 2248 obser·

403 2261 505 2298 vata3
535 2258 790 2299 Reverendique
813 2258 876 2290 viri
900 2258 1052 2300 Magistri
1073 2258 1183 2291 Adam
1201 2259 1442 2299 Murymouthe
1465 2262 1500 2291 et
1526 2258 1567 2292 N.
1587 2259 1788 2301 Bagthorpe,

405 2302 563 2335 canonici
579 2302 669 2334 dicte
691 2306 806 2334 nostre
830 2302 984 2343 Ecclesie,
1001 2302 1089 2334 infra
1111 2302 1294 2335 Civitatem
1316 2305 1352 2334 et
1374 2302 1541 2334 Diocesim
1556 2306 1689 2335 nostras
1711 2314 1788 2345 pre-

403 2346 522 2383 dictas,
546 2349 714 2378 extremos
737 2346 879 2385 noviter,
902 2349 944 2378 ut
966 2346 1168 2386 audivimus,
1193 2346 1374 2378 clauserint
1395 2346 1467 2378 dies
1489 2357 1592 2385 su0s;
1615 2347 1720 2387 vobis,
1743 2357 1787 2380 ne

404 2390 490 2421 bona
516 2390 651 2422 mobilia
676 2390 916 2422 defunctorum
942 2390 1170 2431 predictorum
1195 2392 1438 2422 consumantur
1463 2400 1522 2422 seu
1548 2390 1787 2432 dilapidentur,

404 2434 571 2475 certisque
586 2444 628 2465 ex
643 2434 751 2465 causis
767 2434 840 2465 aliis
856 2437 891 2465 et
906 2434 1064 2475 legitimis
1079 2444 1140 2465 nos
1156 2434 1190 2465 in
1207 2432 1268 2465 hac
1283 2436 1379 2474 parte
1395 2434 1619 2474 moventibus,
1635 2435 1788 2467 commit-

404 2477 510 2510 timus
526 2480 561 2509 et
576 2478 786 2518 mandamus,
802 2477 945 2509 firmiter
958 2477 1184 2519 injungentes,
1200 2478 1361 2518 quatinus
1377 2477 1464 2509 bona
1479 2477 1685 2520 hujusmodi,
1701 2478 1790 2511 infra

403 2524 536 2553 nostras
554 2521 733 2553 Civitatem
750 2524 785 2553 et
801 2521 967 2553 Diocesim
984 2521 1148 2562 predictas
1164 2521 1354 2558 existencia,
1370 2521 1598 2563 sequestretis,
1614 2525 1716 2563 prout
1727 2532 1789 2554 nos

404 2575 446 2597 ex
469 2565 682 2597 habundanti
703 2568 819 2597 tenore
842 2565 1055 2597 Presencium
1078 2568 1339 2606 sequestramus,
1356 2575 1393 2596 ac
1415 2565 1479 2596 sub
1494 2568 1569 2597 arto
1591 2566 1789 2599 custodiatis

405 2609 597 2650 Sequestro,
626 2619 802 2651 quousque
824 2609 1030 2640 Executores
1051 2608 1346 2640 Testamentorum
1370 2608 1599 2650 predictorum
1629 2609 1787 2642 defunct·

404 2662 501 2684 orum
528 2652 571 2684 ad
595 2663 667 2693 nos,
696 2653 749 2684 vel
773 2653 816 2684 ad
846 2663 914 2692 vos,
939 2652 1102 2691 venerint,
1127 2652 1344 2684 Testamenta
1373 2651 1572 2703 hujusmodi
1602 2653 1787 2694 probaturi,

403 2696 732 2728 administracionem
748 2696 853 2728 bonon
855 2706 912 2728 um
924 2697 996 2737 ipsa
1011 2696 1227 2728 Testamenta
1242 2696 1515 2728 concernencium
1531 2696 1566 2728 in
1579 2695 1714 2728 forma
1701 2697 1788 2738 juris

403 2739 518 2802 debita
533 2740 710 2802 recepturi,
723 2740 933 2781 ulteriusque
948 2739 1078 2802 facturi
1088 2742 1123 2771 et
1138 2739 1306 2802 recepturi
1321 2740 1412 2802 quod
1430 2740 1579 2781 postulat
1594 2740 1703 2772 ordo*
1689 2741 1785 2782 Juris.

294 2823 305 2844 ¹
329 2825 346 2857 Ι
361 2800 451 2856 have
461 2825 559 2865 given
576 2825 635 2857 the
650 2825 817 2857 abstracte
833 2800 1068 2866 throughout'
1059 2835 1094 2856 m
1110 2824 1169 2856 the
1184 2825 1294 2856 words
1310 2825 1345 2856 of
1360 2825 1418 2857 the
1436 2825 1598 2866 Register,
1610 2825 1694 2857 with
1705 2835 1787 2869 very

248 2869 314 2901 few
329 2869 534 2910 exceptions;
553 2868 715 2910 omitting
729 2869 810 2910 only
826 2869 1036 2911 superfluous
1052 2869 1170 2908 words,
1186 2868 1252 2900 and
1268 2868 1436 2910 avoiding,
1453 2879 1489 2900 as
1505 2869 1558 2900 far
1572 2879 1609 2901 as
1625 2869 1782 2911 possible,

247 2912 575 2998 gdggupnrgpfitition
592 2912 627 2945 of
642 2923 796 2945 common
811 2913 926 2945 forms.
972 2911 1183 2955 Everything
1204 2912 1240 2944 of
1263 2912 1321 2944 the
1343 2912 1502 2952 slightest
1523 2912 1732 2954 importunos
1754 2913 1784 2946 is

289 2997 303 3019 ²
319 2999 338 3015 ‘⁴
354 2999 608 3045 Burmyngham
623 3000 640 3013 ’'
656 3000 691 3033 in
707 3000 766 3034 the
782 3000 892 3044 Entry
907 2999 943 3032 of
964 3000 1017 3032 his
1033 2999 1245 3041 Institution,
1261 3000 1337 3044 Καρ.
1357 2998 1570 3041 Grandmon,
1586 3009 1669 3044 page
1685 3000 1782 3034 1482.
1816 2996 1822 3001 ’

1982 1149 1988 1240 ,-..-,,.-.
1980 1037 1988 1142 -ι-ΑΑ.
1979 1015 1981 1018 *
