1988 3256
8 3115 43 3256 ιιι-κὰτ
8 3008 34 3026 ,”

520 336 807 372 REGISTRUM
843 332 1300 371 coMthn-ANNO
1339 324 1396 369 3⁰.
1636 322 1728 367 311

189 437 265 499 1357}
338 442 580 483 prenominatis
605 442 753 476 testibus
774 452 910 484 presens
931 441 993 482 fui,
1008 451 1114 483 eaque
1135 439 1249 473 omnia
1263 442 1299 472 et
1313 439 1446 482 singula
1460 439 1508 471 sic
1521 438 1594 471 fieri
1608 437 1679 471 vidi
1694 440 1731 471 et

190 505 253 533 Vol.
269 505 294 532 1·
336 486 460 525 audivi,
477 496 649 529 manuque
670 487 806 528 propria
824 486 860 518 in
875 486 963 518 hanc
983 486 1127 518 formam
1149 484 1324 517 scribendo
1339 483 1462 526 redegi,
1478 483 1640 534 signoque
1657 491 1731 514 meo

336 530 436 581 solito
458 532 494 562 et
515 535 678 563 consueto
692 530 821 572 signavi
834 532 983 571 rogatus,
999 529 1036 562 in
1050 528 1152 561 fidem
1167 531 1204 561 et
1218 527 1456 561 testimonium
1477 536 1631 560 omnium
1653 535 1729 568 pre-

343 583 530 606 missorum.

190 634 763 697 ²1331.Letters-Dimissory,-—

297 693 468 727 —Master
483 692 625 724 Michael
643 692 827 733 Cergeaux‚
843 691 943 730 clerk,
962 691 981 707 “
992 690 1035 722 ad
1051 701 1167 723 omnes
1183 691 1340 730 Minores,
1359 693 1395 723 et
1409 690 1514 722 eciam
1529 690 1572 722 ad
1589 689 1730 721 Sacrum

343 736 613 768 Subdiaconatus
630 735 792 768 Ordinem
807 735 826 748 '²
843 735 1046 775 (Tavistock,
1063 736 1104 767 19
1120 734 1239 776 Seps).

300 780 491 811 —William
507 783 582 812 atte
604 779 720 818 Wode,
743 779 944 818 subdeacon,
969 778 1043 810 “ad
1066 779 1184 810 Sacros
1206 778 1412 810 Diaconatus
1428 780 1464 810 et
1480 776 1731 809 Presbiteratus

346 823 490 856 Ordines
500 823 519 837 ”
542 823 693 863 (Exeter,
710 824 752 854 24
765 822 885 864 Sept).

302 884 457 932 Trur03
484 883 656 922 Thomas
675 882 804 928 Wille,
827 882 986 929 deacon,
1009 882 1127 929 R„—

303 937 534 979 Dispemacion
548 948 557 970 ε
581 937 839 969 non-residence
853 936 907 968 for
923 936 1020 969 three
1033 945 1139 978 years,
1156 937 1193 968 to
1208 935 1313 977 study
1331 934 1435 975 (same
1450 935 1554 975 date).

303 995 764 1084 &affirmasse
779 994 1146 1093 εὶέῗέςὲῑῑοὲεέᾱῑ
1157 996 1549 1092 {lassat-:-

307 1112 769 1162 Letters-Dimissory,—-

306 1165 496 1198 —Edward
512 1165 728 1204 Craueforde,
748 1165 849 1204 clerk,
875 1164 947 1196 “ad
962 1174 1079 1196 omnes
1102 1164 1258 1204 Minores,
1274 1166 1311 1196 et
1327 1164 1432 1196 eciam
1447 1164 1491 1196 ad
1507 1164 1626 1197 Sacros
1649 1163 1734 1198 Sub-

351 1209 551 1242 diaconatus
566 1212 604 1241 et
619 1209 828 1241 Diaconatus
843 1208 987 1242 Ordines
999 1208 1019 1222 '’
1036 1208 1141 1248 (same
1155 1207 1259 1248 date).

306 1269 704 1362 Molrchlardilssishop3
740 1269 899 1319 against
935 1270 1086 1308 certain
1123 1268 1324 1307 intruders
1361 1281 1412 1307 on
1450 1268 1519 1307 the
1560 1268 1737 1320 Bishop's

397 1336 442 1362 ar
497 1329 516 1362 t
546 1336 678 1371 ere,—

309 1378 464 1418 Thomas,
481 1381 556 1417 etc.,
567 1377 711 1409 Decanis
727 1377 769 1409 de
786 1377 983 1418 Cryditone,
994 1376 1247 1418 Ohulmeleghe,
1263 1379 1301 1409 et
1316 1376 1476 1416 Moltone,
1487 1386 1527 1408 ac
1539 1377 1738 1410 Rectoribus

355 1421 581 1453 Ecclesiarum
610 1421 653 1452 de
685 1420 862 1452 Morchard
893 1420 1059 1462 Episcopi,
1084 1420 1304 1461 Lappeforde,
1328 1420 1448 1452 Doune
1478 1420 1600 1452 Sancte
1623 1421 1738 1461 Marie,

354 1465 588 1505 Chalvaleghe,
607 1464 759 1506 Colryge,
776 1468 812 1496 et
827 1464 1038 1504 Thelbrigge,
1055 1464 1280 1505 omnibusque
1297 1467 1334 1495 et
1348 1463 1490 1505 singulis
1503 1464 1577 1495 aliis
1590 1464 1739 1497 Rectori·

355 1508 428 1548 bus,
444 1508 586 1540 Vicariis
602 1508 791 1549 Perpetuis,
812 1511 848 1539 et
862 1508 983 1539 ceteris
1009 1507 1171 1539 Locorum
1196 1507 1331 1539 Curatis
1346 1517 1407 1548 per
1421 1507 1530 1539 dictos
1548 1508 1740 1541 Decanatus

355 1552 560 1591 constitutis,
584 1551 738 1590 salutem,
762 1551 968 1583 eta—Licet
989 1560 1106 1582 omnes
1120 1553 1157 1583 et
1179 1551 1303 1592 singuli
1325 1551 1485 1590 maneria,
1510 1552 1742 1592 possessiones,

356 1595 557 1635 sanctuaria,
575 1605 704 1636 parcus,
727 1595 907 1634 clausuras,
925 1597 960 1626 et
974 1593 1040 1625 alia
1061 1594 1133 1625 loca
1155 1604 1367 1636 quecumque
1389 1594 1433 1626 ad
1457 1595 1740 1637 Archiepiscopos,

357 1639 548 1680 Episcopos‚
564 1649 624 1670 seu
647 1638 728 1670 alias
746 1638 908 1669 Personas
931 1637 1179 1669 Ecclesiasticas
1202 1637 1421 1677 pertinentes,
1445 1641 1559 1679 preter
1574 1641 1610 1671 et
1624 1642 1744 1671 contra

357 1683 570 1715 voluntatem
586 1692 645 1714 seu
661 1681 914 1723 permissionem
937 1680 1134 1722 hujusmodi
1156 1681 1503 1723 Archiepiscoporum,
1521 1685 1597 1722 etc,
1616 1685 1746 1715 temere

355 1725 593 1767 ingredientes,
627 1728 664 1757 et
693 1725 773 1756 inde
800 1725 930 1766 aliquid
953 1724 1145 1756 auferentes
1168 1734 1228 1756 seu
1250 1727 1471 1766 asportantes,
1494 1728 1556 1757 aut
1578 1726 1743 1759 violenter

356 1772 619 1807 contrectantes,
637 1769 691 1800 vel
707 1768 904 1810 hujusmodi
926 1778 1047 1809 parcus
1062 1770 1098 1800 et
1120 1768 1292 1800 clausuras
1314 1771 1443 1801 temere
1465 1769 1691 1811 effringentes,
1709 1772 1746 1802 et

357 1823 396 1844 ea
421 1813 494 1845 fieri
521 1812 729 1851 mandantes,
756 1815 793 1844 et
818 1811 955 1843 nomine
984 1821 1046 1843 suo
1075 1811 1167 1843 facta
1195 1815 1270 1844 rata
1299 1811 1473 1852 habentes,
1504 1813 1575 1845 sint
1605 1813 1743 1855 Majoris

363 1855 731 1889 Excommunicacionis
754 1855 933 1887 Sentencia
948 1865 968 1886 a
983 1855 1155 1886 nonnullis
1177 1856 1380 1887 Sanctorum
1403 1856 1544 1888 Patrum
1569 1857 1744 1890 Constitu·

361 1900 521 1940 cionibus,
545 1900 580 1931 in
604 1899 666 1931 hac
691 1901 788 1940 parte
810 1901 927 1931 contra
949 1898 1147 1940 hujusmodi
1169 1898 1406 1940 delinquentes
1428 1900 1566 1940 provide
1588 1900 1690 1933 editis
1711 1903 1748 1933 et

365 1944 498 1985 publice
514 1943 746 1984 promulgatis,
763 1942 1025 1983 dampnabiliter
1039 1942 1185 1974 involuti
1198 1953 1208 1980 ;
1223 1953 1266 1974 ex
1280 1943 1453 1980 relacione,
1468 1946 1593 1983 tamen,
1610 1944 1747 1986 fidedig-

207 1985 257 2012 ¹⁰1·
273 1986 314 2013 40·
369 1998 490 2019 norum
505 1990 540 2018 et
555 1987 638 2018 facti
653 1987 858 2018 notorietate
870 1985 1058 2025 didicimuS,
1073 1985 1145 2027 jam
1167 1986 1210 2017 de
1231 1996 1328 2026 novo,
1351 1987 1442 2028 quod
1464 1987 1603 2028 quidam
1625 1988 1747 2029 iniqui-

361 2031 443 2063 tatis
458 2031 527 2070 filii,
548 2040 608 2062 sue
623 2030 743 2061 salutis
758 2030 968 2068 inmemores,
986 2038 1132 2068 quorum
1147 2029 1340 2070 ignoramus
1362 2030 1499 2062 nomina
1521 2034 1557 2063 et
1580 2041 1747 2072 personas,

361 2075 416 2106 die
432 2074 526 2106 Jovis
548 2074 583 2106 in
606 2073 753 2105 crastino
776 2073 870 2105 Festi
893 2073 1010 2104 Sancti
1032 2072 1162 2104 Mathei
1183 2073 1338 2114 proximo
1360 2074 1525 2114 preteriti,
1550 2085 1690 2115 parcum
1712 2078 1749 2107 et

362 2118 552 2150 clausuram
567 2120 719 2149 nostram
734 2116 826 2158 apud
843 2115 1018 2148 Morchard
1034 2116 1202 2157 Episcopi,
1220 2119 1335 2158 preter
1350 2120 1387 2149 et
1401 2121 1518 2149 contra
1533 2118 1748 2150 voluntatem

362 2165 399 2194 et
421 2161 672 2203 permissionem
695 2163 847 2192 nostram
878 2164 914 2191 et
937 2159 1097 2191 Custodia
1119 2159 1273 2200 ejusdem
1296 2161 1387 2201 parci
1409 2164 1446 2192 et
1467 2161 1610 2193 aliorum
1634 2162 1747 2194 minis·

363 2208 496 2237 trorum
518 2207 723 2242 nostrorum,
747 2203 1028 2244 ingrediebantur
1050 2206 1187 2243 temere,
1210 2204 1372 2243 clanculo,
1395 2209 1432 2236 et
1454 2205 1576 2244 dolose,
1600 2216 1638 2237 ac
1661 2205 1750 2238 feras

363 2248 488 2280 bestias
500 2248 583 2279 inibi
598 2247 743 2279 inclusas
759 2247 983 2284 venabantur,
994 2249 1170 2287 ceperunt,
1187 2250 1224 2278 et
1238 2247 1404 2279 violenter
1418 2248 1647 2288 abstulerunt,
1663 2249 1686 2281 J
1690 2259 1750 2281 ura

364 2296 401 2324 et
417 2292 608 2324 Libertates
622 2294 756 2323 nostras
771 2293 807 2322 et
823 2290 970 2322 Ecclesie
985 2293 1099 2322 nostre
1115 2290 1314 2322 Exoniensis
1330 2291 1564 2332 multipliciter
1585 2292 1750 2332 violando,

364 2346 403 2368 ac
439 2335 626 2376 predictam
665 2333 803 2376 Majoris
841 2334 1208 2365 Excommunicacionis
1245 2334 1460 2366 Sentenciam
1483 2335 1752 2376 dampnabiliter

365 2378 578 2417 incurrendo,
605 2378 639 2409 in
662 2387 800 2409 suarum
823 2376 1042 2417 [animarum]
1064 2377 1191 2418 grande
1213 2377 1410 2418 periculum,
1434 2379 1542 2410 nostri
1564 2379 1751 2420 dampnum

366 2433 433 2454 non
463 2421 645 2459 modicum,
674 2421 886 2461 aliorumque
915 2420 1139 2461 perniciosum
1169 2421 1372 2462 exemplum.
1434 2422 1606 2462 Nolentes,
1636 2423 1752 2464 igitur,

365 2465 563 2507 hujusmodi
578 2464 833 2496 malefactorum
848 2464 970 2495 scelera
982 2463 1154 2495 dimittere
1165 2464 1199 2495 in
1205 2465 1332 2505 punita,
1342 2467 1395 2496 set
1409 2465 1596 2497 animarum
1614 2476 1753 2498 suarum

366 2509 468 2541 saluti
482 2518 663 2547 occurrere,
673 2510 715 2540 ut
730 2511 887 2539 tenemur
904 2518 912 2545 ;
927 2507 1030 2545 vobis,
1043 2511 1121 2546 ete,
1135 2507 1344 2546 mandamus,
1360 2508 1424 2539 sub
1440 2518 1526 2549 pena
1537 2509 1675 2550 Majoris
1687 2511 1752 2542 Ex-

367 2551 680 2584 communicacionis
699 2551 843 2583 firmiter
856 2551 1084 2592 injungentes,
1101 2551 1262 2592 quatinus
1277 2561 1394 2583 omnes
1408 2555 1445 2583 et
1466 2552 1615 2592 singulos
1636 2553 1754 2594 hujus·

367 2596 459 2628 modi
481 2595 712 2627 malefactores
734 2598 770 2626 et
792 2594 1028 2635 delinquentes
1050 2594 1303 2635 quomodolibet
1318 2595 1353 2626 in
1368 2595 1547 2636 premissis,
1564 2606 1602 2627 ac
1617 2596 1697 2637 ipsis
1712 2597 1756 2629 ad

369 2638 567 2680 hujusmodi
577 2638 725 2670 facinora
734 2637 960 2678 perpetranda
969 2647 1076 2678 opem,
1090 2638 1278 2676 consilium,
1290 2641 1326 2669 et
1336 2638 1500 2670 auxilium
1512 2639 1669 2679 ferentes,
1680 2650 1754 2672 nec-

371 2693 438 2714 non
453 2692 492 2713 ea
506 2682 553 2713 sic
569 2682 639 2713 fieri
654 2681 855 2713 mandantes
870 2684 906 2712 et
921 2683 996 2713 rata
1016 2680 1190 2720 habentes,
1207 2682 1254 2712 sic
1268 2681 1372 2713 fuisse
1387 2684 1423 2713 et
1438 2692 1509 2713 esse
1524 2684 1752 2715 excommuni-

370 2728 472 2765 catos,
488 2726 554 2756 eta
565 2725 686 2756 Sancte
702 2724 821 2756 Matris
838 2724 983 2755 Ecclesie
997 2724 1171 2755 liminibus
1183 2727 1412 2765 sequestratos
1423 2725 1458 2756 in
1470 2735 1603 2766 genere,
1621 2727 1755 2767 publice

371 2769 549 2808 nuneietis,
576 2771 613 2800 et
635 2768 774 2799 nunciet
796 2767 940 2809 quilibet
964 2771 1128 2805 vestrum,
1152 2768 1187 2799 iu
1213 2768 1353 2808 singulis
1379 2769 1535 2801 Ecclesiis
1560 2770 1752 2810 antedictis,

372 2812 500 2844 Diebus
515 2811 700 2843 Dominicis
715 2814 750 2842 et
766 2811 920 2849 Festivis,
932 2811 1024 2842 intra
1039 2811 1219 2842 Missarum
1236 2811 1429 2852 solempnia,
1446 2823 1523 2844 cum
1541 2813 1650 2854 major
1665 2814 1755 2846 Cleri

372 2859 408 2888 et
430 2855 546 2896 populi
569 2854 757 2886 multitudo
779 2854 975 2886 convenerit
995 2853 1039 2885 ad
1062 2854 1205 2890 Divina:
1231 2854 1375 2895 pulsatis
1400 2857 1582 2897 campanis,
1608 2857 1755 2889 candelis

371 2899 527 2938 accensis,
551 2901 587 2930 et
611 2898 646 2930 in
673 2898 832 2930 ruborem
857 2896 1057 2938 hujusmodi
1081 2898 1450 2930 excommunicatorum
1475 2900 1635 2932 extinctis
1659 2904 1695 2933 et
1721 2901 1757 2932 in

284 2933 327 2969 Q
375 2946 502 2975 terram
517 2941 687 2983 projectis,
702 2951 770 2973 una
784 2951 861 2973 cum
878 2940 970 2972 omni
985 2940 1049 2972 alia
1064 2941 1302 2982 solempnitate
1317 2942 1352 2973 in
1368 2942 1494 2974 talibus
1509 2948 1669 2976 consueta
1685 2955 1694 2983 ;
1715 2944 1759 2976 ab
