1988 3256
299 318 392 365 170
476 329 597 384 ‘THE
632 328 878 362 REGISTER
913 328 973 362 OF
1008 329 1185 363 BISHOP
1220 329 1623 366 BRANTYNGHAM.

295 434 371 460 A·D·
447 435 548 468 Unde
571 446 612 466 ex
636 437 731 476 parte
747 434 955 466 Vicariorum
978 437 1014 467 et
1037 434 1246 467 Annuellarii
1268 435 1498 477 predictorum
1519 436 1616 468 nobis
1639 435 1753 468 fuerat
1774 434 1837 466 hu·

294 469 370 528 153⁶·
449 479 573 510 militer
588 478 814 519 supplicatum
833 481 873 509 ut
888 478 1023 518 eisdem,
1041 482 1077 510 et
1092 489 1209 511 eorum
1225 479 1372 519 cuilibet,
1389 490 1490 521 super
1511 480 1577 512 hiis
1600 479 1774 521 providere
1796 478 1840 510 de

296 536 336 562 11,
447 525 615 564 oportuno
630 522 777 553 remedio
800 522 1023 563 dignaremur.
1074 523 1150 562 Nos,
1167 523 1281 564 igitur,
1304 524 1457 555 nolentes
1479 523 1560 565 ipsis
1581 523 1617 555 in
1640 534 1702 555 sua
1724 523 1838 554 deesse

446 566 592 608 justicia,
609 565 710 597 sicuti
728 576 789 597 nec
812 566 983 605 debemuS,
1001 566 1094 597 vobis
1118 567 1352 607 communiter,
1369 570 1431 599 aut
1452 567 1586 599 duobus
1608 570 1771 606 vestrum,
1795 565 1838 597 ad

447 610 697 651 inquirendum,
730 620 771 640 ex
803 609 918 641 Officio
949 613 1064 641 nostro
1096 620 1187 642 mero
1215 610 1267 642 vel
1295 614 1448 652 promoto
1476 611 1546 642 sive
1581 610 1652 652 [ad]
1682 609 1838 642 Parcium

449 653 658 692 instanciam,
686 663 787 692 super
810 653 988 693 premissis,
1012 654 1138 685 voeatis
1162 654 1320 686 Partibus
1344 654 1504 695 predictis
1530 657 1566 686 et
1595 654 1668 686 aliis
1698 654 1741 684 de
1761 652 1839 695 jure

448 697 614 735 vocandis,
633 707 692 737 per
707 697 794 728 viros
811 696 995 737 fidedignos
1011 696 1046 728 in
1062 697 1125 729 hac
1140 701 1234 738 parte
1250 698 1433 739 pleniorem
1449 698 1610 730 noticiam
1632 697 1836 738 optinentes,

448 751 559 774 coram
576 740 670 772 vobis
687 740 817 781 juratos
834 744 868 770 et
883 740 917 771 in
934 740 1043 772 forma
1058 741 1282 782 jurandorum
1305 742 1447 773 testium
1470 741 1688 781 examinatos,
1705 739 1838 782 plenius

448 785 652 823 veritatem3
687 794 734 823 ac,
760 786 930 824 comperta
958 785 1100 816 veritate
1127 786 1375 826 premissorum,
1403 786 1438 817 in
1466 785 1664 827 hujusmodi
1694 783 1858 826 negociis,
1886 794 1890 797 ·

448 828 590 861 ulterius
615 827 764 868 legitime
795 828 1054 868 procedendum,
1082 831 1118 860 et
1144 829 1202 860 illa
1227 829 1294 860 fine
1318 829 1433 860 debito
1463 828 1729 867 terminandum,
1759 837 1838 859 cum

448 872 605 904 omnibus
634 871 704 903 suis
730 871 990 911 emergentibus,
1021 872 1258 912 incidentibus,
1289 872 1558 913 dependentibus
1588 875 1624 904 et
1655 870 1838 910 connexis3

449 926 588 955 necnon,
606 915 696 956 quod
712 915 926 946 decreveritis
950 916 1118 947 observari
1141 917 1308 949 Canoniee
1330 916 1523 948 faciendum
1540 926 1549 955 ;
1572 915 1751 956 omniaque
1772 914 1839 946 alia

448 964 484 992 et
506 959 637 999 singula
660 959 695 990 in
719 958 781 990 hac
805 961 898 999 parte
922 960 1112 999 necessaria,
1136 971 1193 991 seu
1218 961 1260 992 de
1282 960 1358 1001 jure
1381 960 1636 1001 quomodolibet
1665 958 1836 1000 requisita,

447 1003 690 1036 excercendum
721 1005 756 1033 et
786 1003 1042 1043 expediendum,
1074 1007 1191 1035 tenore
1229 1004 1443 1035 Presencium
1473 1003 1720 1036 committimus
1750 1001 1838 1034 vices

449 1051 590 1086 nostras,
607 1046 852 1078 etc.'’-Dated
870 1049 906 1078 at
922 1046 1028 1087 Clyst,
1047 1048 1086 1079 18
1103 1047 1196 1089 July.

296 1116 343 1143 sol.
401 1113 765 1151 188.-—DAV1Ds'rown,
793 1112 926 1143 V.-T0
958 1113 1099 1144 Masters
1134 1113 1242 1154 Ralph
1273 1112 1482 1154 Tregresiou,
1515 1111 1638 1152 LL.D.,
1673 1111 1767 1144 Dean
1803 1111 1838 1143 of

296 1150 357 1177 45b·
448 1159 582 1196 Exeter,
601 1156 729 1188 Robert
753 1156 875 1194 Bosun,
900 1156 1089 1188 Licenciate
1112 1157 1147 1188 in
1170 1157 1254 1188 both
1278 1157 1384 1196 Laws,
1412 1156 1616 1195 Chancellor,
1640 1155 1708 1187 and
1731 1156 1840 1196 Roger

447 1202 554 1242 Payn,
586 1200 705 1239 LL.B„
734 1200 910 1231 President
933 1200 968 1231 of
993 1200 1051 1231 the
1079 1200 1273 1242 Consistory
1298 1199 1479 1232 Court.—“
1498 1201 1549 1232 Ex
1574 1202 1670 1241 parte
1699 1198 1838 1230 Domini

452 1245 567 1276 Thome
593 1243 774 1282 Bernarde,
803 1243 975 1284 capellani,
1005 1244 1101 1275 nobis
1128 1244 1244 1276 extitit
1267 1244 1478 1285 querelatum
1501 1244 1593 1285 quod
1609 1243 1748 1284 quidam
1770 1242 1838 1274 Do·

452 1289 564 1320 minus
582 1287 798 1327 Bazdewynus
821 1287 924 1326 Wille,
941 1287 1141 1328 capellanus,
1159 1288 1249 1319 dicte
1271 1291 1385 1319 nostre
1409 1287 1557 1319 Diocesis
1573 1298 1608 1319 se
1623 1286 1836 1328 pretendens,

448 1343 485 1364 ac
508 1331 637 1362 Vicarie
661 1331 827 1371 Perpetue
852 1331 996 1362 Ecclesie
1021 1331 1221 1363 Parochialis
1244 1332 1286 1363 de
1310 1332 1498 1371 Deustowe,
1527 1331 1562 1362 in
1589 1329 1772 1370 Oornubia,
1796 1329 1840 1362 de

447 1376 547 1415 facto,
564 1375 643 1406 licet
658 1385 726 1405 non
750 1375 791 1405 de
814 1374 899 1415 jure,
924 1378 964 1406 ut
987 1374 1121 1414 dicitur,
1138 1375 1346 1414 incumbens,
1363 1376 1406 1407 ad
1421 1376 1563 1407 eandem
1577 1373 1754 1413 Vicariam,
1772 1374 1838 1405 Do-

448 1420 540 1451 mino
569 1418 700 1450 Roberto
728 1417 889 1459 Knyyche,
917 1418 1072 1459 ejusdem
1097 1419 1244 1450 Ecclesie
1271 1422 1354 1450 tunc
1382 1419 1523 1458 Vicario,
1551 1417 1745 1459 superstite,
1779 1428 1839 1458 per

448 1463 650 1503 Magistrum
674 1465 708 1493 et
734 1462 867 1493 Fratres
895 1461 1128 1501 hospitalarios
1152 1462 1337 1504 Hospitalis
1361 1463 1476 1495 Sancti
1499 1461 1663 1494 Johannis
1686 1460 1840 1502 Baptista

449 1508 491 1539 de
516 1508 717 1547 Brygwater,
743 1505 977 1537 Bathoniensis
1001 1508 1034 1537 et
1060 1506 1234 1538 Wellensis
1262 1506 1422 1546 Diocesis,
1447 1506 1574 1538 dictam
1597 1505 1780 1537 Ecclesiam
1802 1505 1838 1536 in

448 1561 530 1582 usus
546 1549 696 1590 proprios
713 1549 759 1580 eis
775 1559 963 1580 concessam
981 1550 1154 1589 Canonice,
1172 1554 1213 1581 ut
1228 1550 1398 1589 asseritur,
1415 1549 1618 1588 obtinentes,
1638 1559 1732 1580 veros
1748 1548 1837 1590 ejus-

449 1595 526 1626 dem
544 1593 681 1632 Vicarie,
701 1596 741 1624 ut
762 1593 896 1632 dicitur,
914 1593 1086 1632 Patronos,
1103 1594 1150 1625 eis
1173 1594 1334 1634 Magistro
1357 1596 1393 1625 et
1416 1593 1591 1625 Fratribus
1614 1592 1838 1634 hospitalariis

449 1637 607 1678 predictis
630 1648 671 1668 ex
696 1640 790 1677 parte
814 1637 935 1676 prefati
958 1637 1095 1668 Domini
1118 1637 1312 1678 Baldewyni
1336 1637 1544 1669 mendaciter
1565 1639 1723 1677 suggesto
1745 1636 1838 1677 quod

446 1681 577 1714 Vicaria
593 1681 723 1721 prefata
738 1691 797 1721 per
814 1684 955 1712 mortem
973 1681 1055 1712 dicti
1071 1681 1208 1712 Domini
1224 1680 1364 1712 Roberti
1387 1681 1561 1722 Knygthe,
1579 1680 1669 1712 dicte
1692 1679 1838 1711 Ecclesia

446 1730 531 1757 tunc
545 1724 678 1763 Vicarfi,
697 1724 888 1762 vacavisset,
906 1734 982 1755 cum
1000 1735 1114 1755 revera
1129 1735 1195 1756 non
1213 1725 1390 1764 vacaverit,
1407 1725 1608 1766 quinymmo
1623 1724 1690 1755 de'
1681 1734 1754 1764 ipso
1770 1723 1836 1755 Do-

448 1769 539 1800 mino
556 1768 714 1806 Roberto,
732 1767 838 1808 ipsius
862 1767 1016 1805 Ecclesie,
1035 1770 1076 1799 ut
1092 1768 1313 1808 premittitur,
1331 1768 1471 1807 Vicario,
1488 1768 1586 1809 plena
1600 1767 1764 1799 extiterat
1779 1777 1837 1808 pa-

448 1813 529 1844 riter
545 1814 580 1843 et
595 1792 759 1848 consulta,
779 1811 923 1842 discreto
939 1811 1019 1850 viro,
1037 1811 1197 1852 Magistro
1220 1812 1241 1844 J
1244 1811 1369 1843 ohanni
1387 1812 1531 1852 Lugans,
1547 1814 1663 1843 nostro
1679 1810 1715 1842 in
1731 1810 1835 1852 Spiri-

449 1855 608 1894 tualibus,
625 1855 720 1886 nobis
734 1855 942 1894 absentibus,
961 1854 1092 1886 Vicario
1108 1855 1274 1895 Generali,
1292 1866 1350 1895 per
1365 1855 1586 1886 ambicionem
1598 1854 1787 1895 improbam
1799 1865 1837 1886 ac

447 1899 586 1931 nimiam
603 1898 824 1938 surrepcionis
847 1898 1021 1937 astuciam,
1045 1909 1080 1929 se
1103 1898 1253 1939 optinuit
1276 1899 1468 1939 presentari.
1515 1899 1741 1939 Demumque,
1764 1908 1836 1938 pre-

447 1943 518 1974 fato
536 1941 681 1973 Domino
698 1941 856 1981 RobertO,
874 1941 1013 1980 Vicario,
1031 1942 1205 1974 subtracto
1228 1945 1331 1983 prout
1355 1942 1426 1973 Deo
1449 1942 1577 1983 placuit
1599 1942 1642 1973 ab
1665 1941 1727 1973 hac
1749 1941 1834 1981 luce,

449 1987 561 2027 vigore
578 1984 729 2026 ejusdem
748 1966 1013 2016 Preseiitaciouis
1034 1996 1092 2026 per
1114 1985 1285 2026 prefatum
1301 1989 1454 2017 nostrum
1471 1986 1507 2016 in
1523 1985 1763 2026 Spiritualibus
1780 1985 1834 2016 Vi-

449 2030 586 2068 carium,
613 2029 716 2060 eciam
743 2029 947 2069 priusquam
961 2029 1098 2069 prefatis
1119 2029 1272 2070 ejusdem
1296 2029 1425 2061 Vicarie
1450 2028 1604 2060 Patronis
1626 2028 1668 2059 de
1691 2028 1835 2069 predicti

447 2073 572 2106 Vicarii
587 2072 681 2103 obitu
699 2072 889 2113 aliqualiter
912 2075 1032 2103 notum
1056 2075 1139 2111 erat,
1166 2073 1207 2104 ad
1231 2073 1372 2104 eandem
1388 2072 1554 2104 Vicariam
1570 2071 1736 2103 admissus
1751 2072 1835 2104 exti-

448 2120 546 2155 terat,
564 2119 599 2147 et
613 2116 647 2147 iu
665 2126 702 2147 ea
717 2116 855 2156 insuper
870 2116 1063 2155 institutus,
1081 2116 1253 2157 ipsiusque
1269 2116 1397 2147 Vicarie
1421 2115 1661 2157 possessionem
1684 2126 1834 2157 corpora-

449 2161 514 2193 lem
531 2160 749 2201 postmodum
766 2162 938 2190 assecutus
953 2169 961 2198 ;
983 2159 1083 2200 cujus
1098 2160 1318 2191 assecucionis
1335 2159 1414 2191 licet
1436 2159 1581 2191 invalide
1597 2159 1749 2200 [vigore],
1765 2159 1834 2191 die-

448 2208 519 2236 tam
544 2203 710 2235 Vicariam
734 2203 896 2234 hactenus
919 2203 1078 2242 detinuit,
1102 2206 1204 2244 prout
1226 2203 1336 2243 adhuc
1358 2203 1498 2242 detinet,
1522 2203 1674 2234 indebite
1696 2213 1834 2244 occupa-

448 2252 542 2286 tam3
576 2247 734 2288 quodque
761 2247 844 2277 dicti
877 2246 1093 2287 hospitalarii,
1122 2247 1289 2278 dictarum
1319 2246 1515 2278 ambicionis
1545 2249 1581 2278 et
1614 2246 1835 2288 surrepcionis

452 2292 532 2333 ipsis
548 2290 681 2331 cognita
696 2290 847 2329 veritate,
866 2290 1001 2330 provide
1016 2291 1231 2321 attendentes
1248 2290 1536 2322 Presentacionem
1553 2289 1751 2331 hujusmodi
1767 2300 1834 2322 non

446 2336 564 2372 valere,
582 2335 624 2365 de
640 2338 748 2365 morte
765 2334 886 2374 prefati
902 2334 1039 2365 Domini
1054 2334 1194 2365 Roberti
1210 2333 1333 2365 Vicarii
1355 2334 1599 2375 subsequenter
1614 2336 1753 2375 optenta
1776 2344 1834 2366 no·

448 2379 538 2417 ticia,
556 2389 576 2410 a
592 2388 730 2419 persona
747 2377 889 2418 predicti
911 2377 1048 2408 Domini
1071 2377 1265 2419 Baldewyni
1289 2377 1408 2408 merito
1431 2378 1648 2416 declinantes,
1666 2388 1835 2419 suumque

446 2422 655 2464 propositum
673 2421 864 2462 pristinum,
886 2424 987 2461 prout
1002 2421 1048 2452 eis
1064 2421 1106 2452 de
1120 2420 1196 2462 jure
1210 2421 1245 2452 in
1263 2421 1324 2452 hac
1339 2424 1433 2462 parte
1449 2421 1555 2459 licuit,
1575 2423 1833 2460 commutantes,

446 2467 489 2498 ad
505 2465 668 2498 Vicariam
686 2464 890 2505 sepedictam
902 2465 1032 2496 dictum
1049 2464 1233 2496 Dominum
1250 2464 1413 2496 Thomam
1427 2465 1523 2496 nobis
1534 2464 1716 2496 literatorie
1731 2466 1836 2506 atque

446 2510 596 2551 legitime
619 2511 868 2549 presentarunt.
925 2508 1024 2540 Unde
1048 2508 1159 2540 dictus
1183 2508 1349 2539 Dominus
1372 2508 1517 2539 Thomas
1540 2508 1637 2540 nobis
1660 2507 1835 2540 humiliter

447 2553 648 2595 supplicavit
670 2552 831 2593 quatinus
853 2552 964 2593 ipsum
987 2551 1029 2583 ad
1052 2551 1178 2583 dictam
1200 2551 1364 2583 vicariam
1388 2551 1580 2589 admittere,
1603 2562 1640 2583 ac
1664 2551 1834 2584 Vicarium

448 2598 656 2646 Perpetuum
681 2596 715 2627 in
739 2596 855 2627 eadam
879 2595 1046 2627 Oanonice
1062 2595 1250 2634 instituere,
1268 2595 1398 2636 sibique
1414 2595 1456 2626 de
1479 2598 1646 2636 oportuno
1662 2595 1836 2636 providere

447 2640 619 2672 remedio'
610 2650 644 2671 m
661 2640 723 2671 hac
740 2642 833 2680 parte
849 2639 1071 2680 dignaremur.
1118 2639 1291 2677 Nolentes,
1307 2639 1420 2679 igitur,
1438 2639 1529 2670 dicto
1545 2638 1690 2670 Domino
1705 2638 1835 2671 Thome

447 2687 640 2726 presentato
652 2682 858 2724 hujusmodi,
871 2683 905 2714 in
918 2693 979 2714 sua
991 2682 1105 2714 deesse
1116 2682 1260 2724 justicia,
1275 2682 1375 2713 sicuti
1387 2693 1448 2714 nec
1459 2682 1644 2722 debemus3
1656 2683 1833 2714 attenden-

448 2732 566 2769 tesque
583 2727 852 2758 Presentaciones
869 2726 1066 2768 hujusmodi
1082 2726 1123 2757 ad
1150 2725 1312 2757 Beneficia
1334 2726 1564 2758 Ecclesiastica
1579 2707 1694 2764 factas,
1714 2736 1832 2758 eorun-

447 2772 525 2802 dem
543 2770 784 2812 possessoribus
801 2770 977 2802 Canonicis
992 2770 1102 2801 adhuc
1120 2769 1320 2808 viventibus,
1343 2769 1399 2810 jus
1423 2769 1555 2801 nullum
1573 2780 1668 2810 posse
1683 2751 1834 2802 tribuere

449 2815 562 2846 taliter
586 2817 786 2854 presentato,
803 2814 916 2855 sicque
933 2814 1044 2855 vigore
1060 2816 1096 2845 et
1110 2813 1311 2844 auctoritate
1335 2813 1600 2844 Presentacionis
1615 2812 1761 2844 invalide
1782 2816 1831 2845 at-

448 2869 514 2899 que
530 2858 622 2889 nulle
634 2857 783 2898 predicte
793 2857 961 2888 Admissio
972 2860 1007 2889 et
1022 2857 1202 2888 Institucio
1214 2857 1400 2896 subsecute,
1418 2856 1592 2898 presertim
1610 2856 1835 2888 Patronorum

448 2901 656 2942 prefatorum
672 2911 834 2932 consensu
853 2904 1003 2942 tempore
1018 2900 1132 2932 debito
1148 2900 1343 2932 nullatenus
1365 2900 1576 2938 attendente,
1595 2900 1638 2931 de
1652 2899 1729 2942 jure
1750 2902 1834 2932 sunt

446 2945 551 2984 irrite,
576 2955 633 2976 seu
658 2945 776 2976 saltem
801 2944 1038 2985 premissorum
1062 2943 1203 2976 veritate
1226 2943 1359 2985 cognita
1381 2943 1570 2987 irritaude;
1596 2954 1643 2982 ac,
1663 2954 1705 2975 ne
1720 2946 1832 2976 tanta-
