1988 3256
160 465 207 496 [A.
214 464 247 492 D.

160 499 243 526 1³69-

158 531 214 564 70].

163 566 226 594 vol.
242 567 284 594 Π.

170 2069 222 2097 fol.
231 2070 278 2097 2b.

466 360 647 395 BISHOP
680 360 886 395 THOMAS
922 360 989 394 DE
1023 359 1427 396 BRANTYNGHAM.
1681 346 1708 394 7

323 477 374 504 ne
413 465 592 504 Ecclesia
628 465 716 515 ipsa
753 465 870 516 longe
907 465 1132 504 vacacionis
1170 464 1398 514 subjaceret
1434 463 1705 510 incommodis,

322 520 502 570 paternis
521 523 564 558 et
589 519 755 558 solicitis
784 519 929 557 studiis
958 519 1227 566 intendentes,
1257 523 1348 570 post
1376 518 1708 557 deliberacionem

324 587 444 624 quam
463 573 513 612 de
527 573 768 624 preficiendo
787 573 916 612 eidem
933 574 1109 612 Ecclesie
1126 587 1338 624 personam
1358 573 1499 611 utilem
1518 586 1564 610 ac
1583 573 1709 611 eciam

323 628 572 666 fructuosam
618 627 833 666 habuimus
878 641 969 666 cum
1016 627 1229 666 Fratribus
1275 628 1423 666 nostris
1461 627 1707 677 diligentem,

324 682 486 721 demum
503 681 556 720 ad
575 682 779 732 prefatum
798 681 991 720 Thomam
1012 683 1207 728 Electum,
1229 681 1279 720 de
1297 682 1507 720 literarum
1526 681 1707 727 sciencia,

325 737 410 775 vite
428 750 475 775 ac
494 750 650 775 morum
669 736 892 782 honestate,
914 736 1185 786 spiritualium
1200 735 1459 786 providencia
1478 739 1520 774 et
1538 739 1708 785 tempor-

325 791 450 829 alium
477 791 844 841 circumspeccione,
875 795 917 828 et
944 791 1034 828 aliis
1062 791 1263 828 virtutum
1291 790 1456 836 meritis,
1477 792 1599 840 prout
1618 788 1710 827 fide-

326 844 539 896 dignorum
558 845 790 883 testimonio
809 845 1044 895 accepimus,
1066 845 1315 895 insignitum,
1337 844 1556 882 direximus
1575 843 1709 881 oculos

325 903 462 938 nostre
490 900 647 937 mentis.
707 898 862 945 Quibus
891 898 1088 945 omnibus,
1119 912 1275 937 necnon
1302 898 1502 937 dictorum
1529 897 1709 947 Capituli

326 954 455 1004 ipsam
469 953 662 992 Thomam
677 953 916 1004 eligencium
930 953 1116 991 concordi
1131 953 1352 999 voluntate,
1370 956 1531 990 attenta
1545 951 1711 990 medita—

326 1008 439 1046 cione
457 1008 647 1058 pensatis,
669 1007 719 1046 de
738 1020 907 1058 persona
926 1007 1099 1057 predicti
1117 1007 1267 1045 Thome
1285 1006 1442 1057 prefate
1455 1006 1642 1052 Ecclesie,
1660 1005 1710 1044 de

326 1061 527 1100 dictorum
555 1062 746 1100 Fratrum
775 1062 949 1108 consilio,
980 1062 1242 1099 Auctoritate
1272 1061 1508 1110 Apostolica
1539 1059 1712 1110 providi-

327 1130 427 1163 mus,
466 1117 676 1167 ipsumque
709 1115 903 1154 Thomam
940 1116 1001 1153 illi
1033 1115 1271 1166 prefecimus
1308 1116 1352 1152 in
1390 1115 1632 1165 Episcopum
1669 1117 1712 1152 et

328 1171 549 1217 Pastorem,
571 1184 708 1208 curam
731 1174 773 1208 et
800 1170 1195 1208 administracionem
1223 1170 1349 1219 ipsius
1378 1169 1554 1207 Ecclesie
1582 1167 1711 1206 eidem

328 1225 478 1263 Thome
498 1225 639 1263 Electo
667 1225 711 1262 in
730 1224 1009 1275 spiritualibus
1037 1228 1079 1262 et
1107 1223 1395 1274 temporalibus
1414 1223 1592 1273 plenarie
1611 1235 1712 1260 com-

328 1279 556 1327 mittendo,
611 1279 726 1316 firma
772 1292 841 1328 spe
887 1278 1111 1329 fiduciaque
1157 1278 1359 1327 conceptis
1406 1277 1512 1327 quod
1553 1276 1712 1326 prefata

330 1333 519 1380 Ecclesia,
554 1333 700 1372 Gracia
733 1332 810 1371 sibi
839 1333 1054 1371 assistente
1091 1332 1253 1378 Divina,
1292 1345 1365 1382 per
1400 1332 1525 1381 ipsius
1562 1330 1712 1368 Thome

330 1388 462 1426 Electi
489 1387 856 1437 circumspeccionis
884 1386 1126 1424 industriam
1154 1390 1196 1424 et
1223 1385 1522 1436 providenciam
1549 1385 1714 1423 circum-

329 1445 508 1492 spectam
526 1441 704 1479 salubria
722 1441 912 1491 suscipiet
939 1442 1197 1479 incrementa.
1257 1440 1451 1486 Quocirca
1478 1439 1713 1477 discrecioni

330 1500 463 1534 vestre
491 1509 562 1546 per
590 1495 826 1545 Apostolica
854 1495 1014 1545 Scripta
1043 1494 1280 1532 mandamus
1309 1494 1510 1544 quatinus,
1541 1492 1713 1531 eundem

331 1550 525 1588 Thomam
549 1550 735 1588 Electum
765 1553 959 1599 tanquam
988 1549 1153 1587 Patrem
1180 1552 1223 1587 et
1251 1548 1459 1586 Pastorem
1487 1548 1713 1584 animarum

331 1607 557 1643 vestrarum
575 1607 692 1655 grato
710 1603 974 1642 admittentes
993 1603 1153 1649 honore,
1170 1616 1216 1640 ac
1235 1601 1472 1640 exhibentes
1487 1601 1564 1639 sibi
1583 1600 1715 1639 obedi-

331 1659 487 1697 enciam
519 1662 562 1697 et
598 1658 868 1696 reverenciam
898 1657 1077 1695 debitam
1114 1661 1156 1695 et
1189 1656 1387 1702 devotam,
1420 1656 1507 1706 ejus
1538 1654 1715 1693 salubria

331 1713 486 1751 monita
511 1713 738 1762 suscipiatis
766 1711 974 1750 humiliter
1001 1715 1044 1750 et
1071 1711 1283 1750 efficaciter
1310 1710 1528 1760 adimplere
1553 1709 1712 1747 curetis.

332 1767 528 1817 Alioquin
548 1766 803 1805 Sentenciam
829 1779 949 1816 quam
976 1765 1083 1804 idem
1102 1765 1273 1803 Thomas
1294 1764 1458 1803 Electus
1477 1764 1555 1802 rite
1574 1763 1716 1801 tulerit

333 1821 376 1858 in
404 1821 571 1859 rebelles
600 1824 731 1858 ratam
758 1819 1006 1866 habebimus,
1036 1823 1079 1858 et
1106 1819 1308 1864 faciemus,
1339 1822 1502 1856 auctore
1529 1818 1713 1863 Domino,

332 1888 457 1926 usque
475 1874 528 1913 ad
547 1875 866 1913 satisfaccionem
885 1873 1126 1924 condignam
1140 1872 1429 1911 inviolabiliter
1443 1872 1714 1910 observari.—

334 1930 442 1967 Data
461 1930 600 1976 Rome,
621 1928 730 1979 apud
750 1929 944 1966 Sanctum
963 1928 1141 1974 Petrum,
1163 1928 1221 1977 iiij
1245 1927 1385 1964 Nonas
1405 1926 1561 1972 Marcii,
1580 1926 1716 1963 Ponti-

334 1984 476 2021 ficatus
495 1984 625 2022 nostri
643 1984 768 2021 Anno
787 1986 930 2021 octavo
951 1980 991 2035 [5
1013 1981 1168 2028 March,
1193 1979 1393 2034 1369-70].

333 2071 543 2121 —Populo
564 2070 753 2110 Civitatis
771 2077 806 2108 et
824 2070 1001 2108 Diocesis
1019 2068 1380 2115 &comensium-

280 2125 375 2168 [This
391 2126 479 2166 Bull,
497 2126 531 2157 of
547 2125 607 2158 the
621 2136 713 2157 same
727 2125 808 2157 date
822 2135 859 2156 as
875 2125 935 2157 the
950 2124 1140 2166 preceding,
1156 2123 1377 2164 eor-responde
1394 2122 1479 2154 with
1494 2122 1524 2154 it
1547 2121 1714 2162 through·

173 2247 226 2274 fol.
240 2248 266 2274 3.

332 2172 404 2209 out,
420 2169 554 2201 mutatis
570 2167 761 2207 mutandis}

334 2246 687 2297 —Archiepiscopo
704 2244 995 2285 cantuariensi
1007 2257 1084 2294 pro
1103 2242 1338 2281 liberacione
1356 2241 1706 2291 spiritualium,—

282 2301 478 2340 Urbanus
506 2301 738 2351 Episcopus,
769 2300 916 2338 Servus
944 2311 1149 2337 servorum
1182 2297 1270 2343 Dei,
1301 2295 1538 2334 Venerabili
1570 2295 1717 2341 Fratri,

337 2355 650 2405 Archiepiscopo
678 2353 972 2399 Cantuafiensi,
994 2352 1165 2390 salutem
1183 2354 1226 2389 et
1244 2350 1520 2402 Apostolicam
1539 2348 1720 2387 benedic-

338 2408 630 2448 cionem.—-—Ad
649 2408 853 2446 cumulum
872 2410 942 2445 tue
961 2406 1069 2445 cedit
1096 2405 1238 2443 salutis
1266 2408 1308 2443 et
1335 2404 1441 2442 fame
1469 2404 1503 2441 si
1530 2416 1719 2453 personas

339 2463 650 2510 Ecclesiasticas‚
666 2462 877 2513 presertim
890 2460 1119 2499 Pontificali
1134 2459 1344 2509 Dignitate
1363 2457 1552 2508 preditas,
1570 2457 1719 2495 Divine

339 2517 643 2568 propiciacionis
662 2517 852 2566 oportuni
870 2514 1034 2565 presidii
1053 2517 1095 2552 et
1116 2513 1266 2551 favoris
1294 2512 1428 2563 gracia
1455 2511 1716 2561 prosequaris.

341 2571 507 2610 Dudum
539 2569 736 2621 siquidem
769 2598 940 2607 .....
975 2568 1166 2617 suscipiet
1197 2567 1445 2604 incrementa
1474 2565 1536 2617 (ut
1563 2563 1716 2615 supra).

341 2625 454 2672 Cum,
475 2625 612 2676 igitur,
634 2628 682 2663 ut
706 2624 813 2663 idem
841 2623 1012 2661 Th0mas
1043 2622 1206 2659 Electus
1234 2621 1278 2657 in
1305 2619 1514 2658 commissa
1540 2618 1720 2668 predicte

341 2679 518 2718 Ecclesie
551 2679 787 2717 Exoniensis
820 2677 992 2715 subcura
1028 2675 1187 2713 facilius
1223 2673 1412 2724 proficere
1445 2673 1589 2719 valeat,
1625 2676 1720 2710 tuus

341 2733 457 2772 favor
488 2733 526 2772 ei
555 2732 640 2771 fore
670 2735 861 2770 noscatur
889 2730 1106 2780 plurimum
1137 2731 1368 2778 oportunus,
1404 2726 1720 2764 Fraternitatem

342 2792 456 2826 tuam
488 2800 673 2838 rogamus
710 2790 752 2824 et
786 2783 1030 2838 [h]ortamur
1066 2786 1235 2828 attente,
1267 2794 1339 2831 per
1375 2780 1611 2830 Apostolica
1644 2779 1721 2817 tibi

343 2841 502 2892 Scripta
529 2840 769 2878 mandantes
788 2839 990 2889 quatinus,
1021 2836 1220 2886 predictos
1251 2835 1443 2872 Th0mam
1467 2834 1652 2872 Electum
1680 2836 1722 2871 et

343 2895 592 2934 commissam
625 2894 702 2932 sibi
732 2893 950 2931 Ecclesiam
983 2890 1284 2940 Suffraganeam
1315 2892 1427 2926 tuam
1454 2887 1618 2933 habens,
1649 2899 1722 2937 pro

343 2953 483 2988 nostra
507 2952 550 2987 et
577 2947 685 2987 dicte
704 2946 819 2986 Sedis
838 2945 1076 2991 reverencia,
1097 2943 1332 2994 propensius
1351 2941 1659 2988 commendatos,
1680 2941 1723 2978 in
