1988 3256
152 1133 205 1159 fol.

151 1168 213 1194 191).

478 368 767 403 Rncls'rRUM
803 368 1262 403 COMMUNE-ANNO
1299 360 1363 405 2⁰.
1591 361 1687 406 259

302 475 614 516 Quadragesimalis,
640 476 832 517 Epistolarii
853 486 932 508 cum
959 476 1158 518 Evangeliis,
1189 479 1224 507 et
1254 476 1409 509 frontalis
1435 477 1626 519 solempnis,
1651 487 1691 510 ac

247 526 255 567 J
301 519 405 550 eciam
433 519 652 560 reparacionis
682 520 895 561 quorundam
925 520 1066 551 aliorum
1098 520 1411 552 Ornamentorum·
1402 545 1411 559 ,
1445 521 1514 562 qui,
1539 522 1688 562 quidem,

301 563 455 594 defectus
477 567 513 594 et
535 563 702 603 reparacio
724 564 758 595 iu
788 563 924 604 prefatis
950 563 1080 602 Literis‚
1103 564 1251 605 quadam
1274 568 1364 596 certa
1391 575 1476 605 pena
1502 565 1635 606 adjecta
1660 565 1688 596 si

302 607 524 648 adimpletum
552 618 619 638 non
647 607 752 639 fuerit
777 607 869 648 quod
896 617 998 648 super
1020 607 1083 638 hoc
1109 607 1293 648 precipitur
1314 608 1349 640 in
1374 609 1509 648 eisdem,
1534 609 1689 650 superius

300 654 384 683 sunt
405 651 562 692 expressi.
622 650 731 690 Unde,
754 661 832 682 cum
855 651 1024 682 dictorum
1047 651 1242 683 defectuum
1267 652 1379 683 adhuc
1401 652 1534 684 nullum
1558 653 1688 684 factum

301 695 347 726 sit
363 695 498 736 penitus
512 695 798 736 supplementum,
810 694 863 726 vel
875 694 956 726 alius
966 695 1147 726 subsecuta
1159 705 1306 735 congrua
1317 696 1483 737 reparacio
1494 697 1687 736 earundem,

303 738 530 771 commissarii
554 738 669 777 nostri,
686 738 811 779 quibus
833 738 868 769 in
891 738 953 770 hac
975 742 1070 779 parte
1093 739 1323 771 commisimus
1341 740 1429 771 vices
1452 743 1592 779 nostras,
1617 751 1689 782 pre-

303 783 412 814 missis
427 782 584 814 omnibus
599 785 635 813 et
649 782 790 823 singulis
805 792 872 823 que
889 782 1147 823 requirebantur
1168 783 1210 813 de
1232 782 1318 824 jure,
1335 783 1534 825 hujusmodi
1558 794 1689 825 penam,

303 827 466 858 suadente
481 826 627 867 justicia,
646 826 913 866 pronunciarunt
935 836 1006 856 esse
1028 826 1252 866 commissam,
1266 826 1301 858 in
1318 827 1423 868 ipsius
1447 827 1582 868 capelle
1598 828 1688 859 utili-

302 873 409 902 tatem
427 881 486 908 pro
502 873 616 901 nostra
631 869 851 910 disposicione
866 874 902 900 et
917 869 1056 901 arbitrio
1071 870 1332 902 convertendam
1350 881 1358 909 ;
1383 870 1486 910 vobis,
1503 871 1690 903 nichilomi-

303 924 376 952 nus,
390 918 424 945 et
436 914 575 945 cuilibet
586 916 748 952 vestrum,
760 913 977 954 injungentes
991 916 1030 944 ut
1041 913 1174 944 eosdem
1188 914 1341 945 deiectus
1354 925 1470 946 omnes
1485 918 1521 946 et
1532 915 1692 956 singulos,

301 968 340 989 ac
354 958 388 988 in
407 968 514 989 unum
529 967 618 989 asser
632 957 673 988 ad
697 957 826 996 Pacem,
843 957 946 988 stolas
962 959 998 988 et
1015 957 1204 998 manipulos
1227 968 1286 998 pro
1309 958 1443 989 duobus
1459 959 1595 999 paribus
1611 959 1692 990 Ves-

303 1002 537 1041 timentorum‚
553 1001 617 1042 qui·
636 1011 727 1032 nunc
750 1001 840 1032 ultra
862 1001 1015 1032 defectus
1031 1001 1186 1041 superius
1204 1001 1394 1033 nominatos
1409 1006 1541 1034 restant
1555 1003 1692 1040 ibidem,

303 1048 406 1086 prout
427 1045 468 1076 ad
493 1044 556 1076 hoc
579 1045 750 1083 tenemini,
767 1045 852 1075 citra
877 1044 1014 1075 Festum
1035 1044 1133 1076 Beati
1155 1044 1325 1076 Michaelis
1341 1045 1493 1086 proximo
1509 1057 1599 1078 nunc
1614 1056 1693 1078 ven-

304 1093 431 1128 turum,
447 1089 512 1120 sub
523 1097 609 1129 pena
621 1087 988 1120 Excommuuicacionis
1003 1099 1010 1127 ;
1026 1098 1129 1128 quam
1144 1091 1270 1120 extunc
1285 1088 1321 1120 in
1338 1100 1494 1130 personas
1508 1093 1646 1130 vestras,
1660 1092 1697 1121 et

302 1136 454 1165 vestrum
470 1132 628 1173 singulas,
641 1132 700 1173 qui
716 1142 817 1172 super
832 1131 895 1163 hoc
909 1131 945 1162 iu
962 1141 1055 1162 mora
1070 1131 1213 1170 fueritis,
1228 1133 1280 1163 vel
1297 1133 1401 1164 eciam
1419 1133 1525 1165 fuerit
1539 1134 1575 1165 in
1590 1144 1694 1172 mora,

303 1177 331 1208 si
350 1177 510 1218 premissa
530 1187 596 1207 non
618 1175 837 1216 impleveritis
859 1186 918 1207 seu
941 1175 1142 1216 impleverit,
1167 1175 1389 1217 faceretisque
1404 1177 1557 1218 inveniri,
1586 1177 1694 1208 modis

303 1220 470 1260 omnibus,
493 1230 532 1251 ac
553 1220 656 1251 eciam
680 1219 835 1260 reparari,
857 1219 1096 1260 protulerunt3
1118 1229 1231 1259 quam,
1255 1220 1404 1260 quidem,
1420 1221 1635 1252 Sentenciam
1658 1231 1696 1252 ac

305 1264 418 1295 omniu
439 1268 475 1295 et
495 1263 628 1304 singula
650 1273 716 1305 que
739 1263 774 1294 in
799 1262 920 1294 Literis
938 1263 1022 1294 dicti
1045 1263 1288 1295 Predecessoris
1309 1264 1416 1295 nostri
1436 1265 1591 1306 superius
1612 1268 1696 1296 sunt

304 1318 468 1348 expressa,
485 1317 612 1338 necnon
628 1311 703 1338 acta
718 1310 754 1338 et
768 1309 862 1347 gesta
877 1317 989 1338 coram
1007 1306 1250 1338 Commissariis
1267 1307 1392 1339 nostris
1407 1309 1596 1348 antedictis,
1613 1319 1694 1350 qua-

306 1355 405 1383 tenus
428 1351 494 1383 rite
517 1354 592 1382 acta
615 1354 650 1382 et
671 1355 765 1390 gesta
787 1353 977 1388 sunt,r·1t·a
1001 1349 1164 1381 habentes
1186 1353 1222 1382 et
1244 1354 1349 1401 grata,
1373 1362 1420 1389 ea,
1445 1355 1547 1393 prout
1569 1353 1611 1384 ad
1635 1363 1695 1384 nos

308 1396 463 1436 pertinet
486 1394 521 1426 in
545 1394 692 1426 Domino
714 1394 960 1425 confirmamus.
1007 1394 1062 1432 Et,
1079 1394 1159 1435 quia
1181 1394 1382 1434 invenimus,
1404 1395 1494 1427 inter
1516 1399 1636 1435 cetera,
1659 1396 1695 1427 in

305 1439 422 1470 eadem
447 1438 650 1469 Visitacione
675 1439 766 1478 quod
793 1437 1014 1476 Vestimenta,
1044 1437 1179 1476 Calices,
1209 1438 1311 1478 Libri,
1339 1442 1374 1470 et
1396 1439 1460 1470 alia
1487 1439 1695 1472 Ornamenta

306 1483 411 1523 ipsius
429 1482 570 1523 capelle,
588 1492 646 1522 per
663 1481 846 1513 Canonicos
861 1481 986 1512 ibidem
1008 1481 1171 1512 hactenus
1187 1481 1335 1521 inventa,
1352 1485 1387 1513 et
1403 1493 1549 1524 quorum
1565 1494 1696 1524 repara-

305 1527 409 1558 cionis
425 1529 460 1557 et
474 1525 680 1557 invencionis
696 1536 791 1564 onus,
807 1535 885 1556 cum
901 1535 1033 1556 necesse
1049 1525 1163 1563 fuerit,
1179 1525 1222 1556 ad
1241 1525 1329 1566 ipsos
1346 1525 1530 1558 canonicos
1545 1531 1697 1568 spectare

306 1570 503 1608 dinoscitur,
526 1579 593 1610 que
615 1570 656 1600 ad
680 1569 890 1600 cotidianum
913 1578 1013 1599 usum
1035 1568 1253 1600 Sacer-dotum
1275 1569 1310 1600 in
1331 1569 1419 1601 Navi
1439 1570 1531 1602 dicte
1562 1571 1697 1612 Capelle

240 1640 249 1642 ,
307 1625 369 1655 pro
393 1613 599 1653 parochianis
615 1612 768 1654 ejusdem
785 1612 1029 1643 celebrancium
1046 1612 1247 1643 multociens
1263 1613 1516 1654 deputabantur
1531 1614 1646 1646 illicite
1662 1618 1698 1646 et

156 2710 207 2736 per
226 2701 274 2728 Se-

157 2735 282 2763 cundum

158 2769 307 2796 Thornam.

306 1657 509 1689 deteriorata
534 1657 719 1688 extiterant
745 1656 779 1687 in
814 1655 1016 1695 inmensum,
1047 1656 1126 1687 licet
1150 1656 1254 1688 iidem
1282 1657 1481 1697 parochiani,
1509 1658 1562 1689 vel
1591 1658 1696 1690 eciam

307 1701 513 1739 Sacerdotes,
545 1701 672 1732 nullam
704 1710 841 1741 prorsus
879 1699 1152 1731 emendacionem
1183 1709 1243 1731 seu
1274 1701 1520 1741 reparacionem
1554 1701 1698 1733 fecerint

306 1745 500 1783 eorundem,
527 1747 643 1775 tenore
671 1744 885 1775 Presencium
913 1743 1115 1784 precipimus
1141 1746 1176 1774 et
1203 1744 1403 1776 mandamus
1427 1745 1588 1785 quatinus
1615 1756 1697 1777 usus

307 1790 591 1820 Ornamentorum
608 1787 847 1828 predictorum,
870 1797 938 1828 quo
961 1787 1003 1818 ad
1027 1786 1244 1827 parochianos
1265 1790 1300 1818 et
1321 1788 1528 1820 Presbiteros
1550 1789 1585 1820 in
1609 1789 1697 1820 Navi

306 1833 396 1864 dicte
413 1831 556 1873 Capelle,
574 1834 615 1863 ut
632 1831 852 1872 premittitur,
869 1830 1086 1870 celebrantes,
1102 1841 1235 1862 exnunc
1251 1834 1357 1862 cesset
1372 1832 1509 1863 omniuo
1524 1843 1532 1871 ;
1553 1836 1588 1864 et
1604 1833 1696 1874 quod

307 1876 468 1917 premissa
483 1875 705 1915 Vestimenta,
726 1874 863 1914 Calices,
885 1874 986 1914 Libri,
1010 1885 1048 1906 ac
1070 1874 1174 1905 eciam
1197 1874 1405 1907 Ornamenta
1428 1876 1578 1916 predicta
1600 1881 1697 1908 extra

308 1920 458 1952 chorum
480 1930 538 1960 per
556 1919 772 1960 parochianos
787 1929 846 1950 seu
871 1918 1076 1949 Presbiteros
1091 1918 1311 1959 supradictos,
1327 1929 1386 1950 seu
1402 1919 1494 1959 alios,
1511 1920 1554 1951 ad
1577 1920 1695 1962 hujus-

306 1964 397 1995 modi
421 1974 502 1994 usus
518 1963 714 1994 nullatenus
729 1962 936 2001 deferantur,
953 1962 1018 1993 sub
1038 1972 1124 2002 pena
1140 1962 1518 2003 Excommunicacionis,
1535 1974 1573 1995 ac
1590 1965 1695 1995 eciam

307 2007 408 2039 unius
418 2006 558 2037 dimidie
569 2016 678 2038 marce
690 2017 710 2037 a
722 2005 868 2037 Sacrista
879 2005 985 2046 ipsius
997 2005 1130 2046 Capelle
1140 2006 1199 2046 qui
1213 2016 1272 2046 pro
1282 2009 1350 2037 tem
1356 2017 1434 2047 pore
1447 2007 1696 2049 fuerit,quique

304 2051 456 2082 omnium
468 2051 752 2082 Ornamentorum
764 2050 991 2090 predictorum
1000 2049 1187 2080 custodiam
1199 2049 1301 2080 habet
1310 2054 1346 2080 et
1355 2060 1479 2089 curam,
1487 2051 1612 2082 tociens
1624 2062 1694 2092 per-

305 2094 502 2135 cipiendam,
515 2097 550 2125 et
564 2094 599 2125 in
617 2093 801 2125 utilitatem
817 2093 906 2124 dicte
918 2092 1053 2134 Capelle
1068 2103 1128 2133 pro
1140 2096 1255 2124 nostro
1267 2093 1407 2125 arbitrio
1422 2095 1693 2134 convertendam,

305 2138 465 2179 quociens
491 2140 609 2168 contra
630 2137 692 2168 hec
706 2140 820 2168 actum
838 2136 943 2168 fuerit
959 2136 1011 2167 vel
1027 2136 1156 2177 aliquid
1171 2137 1365 2169 eorundem.
1412 2137 1587 2178 Promissa,
1604 2149 1692 2178 vero,

305 2182 415 2213 omnia
439 2185 475 2212 et
495 2181 636 2221 singula,
661 2191 727 2222 que
747 2183 819 2211 tam
844 2180 879 2211 iu
905 2180 1025 2211 Liberis
1047 2179 1172 2221 prefati
1196 2180 1440 2212 Predecessoris
1462 2182 1568 2213 nostri
1590 2192 1694 2223 quam

306 2225 409 2256 eciam
425 2224 489 2255 hiis
512 2225 635 2256 nostris
658 2224 780 2255 Literis
802 2224 1030 2263 continentur,
1048 2223 1203 2255 volumus
1226 2227 1262 2255 et
1284 2223 1495 2265 precipimus,
1512 2226 1576 2257 sub
1600 2226 1694 2266 penis

305 2268 460 2310 superius
482 2269 662 2307 annotatis,
678 2267 822 2299 firmiter
843 2267 1020 2299 observari.
1068 2268 1123 2306 Et,
1140 2277 1217 2299 cum
1241 2278 1362 2308 parum
1384 2268 1430 2299 sit
1451 2268 1529 2310 jura
1551 2270 1694 2301 condere

305 2313 358 2344 vel
375 2312 513 2344 Statuta
527 2311 635 2343 facere
651 2311 827 2350 Canonica,
844 2310 908 2342 nisi
923 2310 969 2342 sit
984 2310 1043 2352 qui
1059 2311 1175 2342 eadem
1199 2314 1338 2343 tueatur
1363 2321 1422 2343 seu
1446 2312 1596 2353 legitime
1619 2323 1692 2345 exe-

305 2359 442 2397 quatur,
457 2355 531 2392 tibi,
550 2355 694 2386 Domino
712 2355 867 2394 Waltero,
886 2364 975 2386 nunc
997 2354 1142 2385 Sacriste
1165 2357 1200 2385 et
1223 2354 1400 2394 canonico,
1417 2358 1533 2387 tenore
1556 2356 1693 2388 Presen-

306 2400 396 2431 cium
419 2399 665 2430 committimus
688 2402 723 2430 et
746 2398 955 2437 mandamus,
971 2397 1036 2429 sub
1052 2408 1138 2438 pena
1160 2398 1528 2431 Excommunicacionis
1551 2400 1694 2432 firmiter

306 2443 534 2485 injungentes,
550 2442 710 2483 quatinus
725 2442 767 2473 de
782 2441 1015 2473 observacione
1037 2445 1072 2473 et
1094 2441 1293 2473 execucione
1315 2442 1467 2474 omnium
1490 2447 1526 2474 et
1547 2443 1694 2484 singulo-

307 2497 383 2519 rum
401 2485 638 2527 predictorum,
655 2488 824 2526 quatenus
839 2485 903 2516 tibi
918 2485 1067 2526 legitime
1083 2488 1235 2516 constare
1259 2485 1393 2526 poterit,
1410 2496 1539 2517 necnon
1562 2497 1628 2528 que
1652 2487 1694 2519 de

309 2529 478 2572 premissis
492 2529 622 2561 fuerint
637 2530 811 2561 observata
827 2532 862 2560 et
877 2539 944 2570 que
959 2539 1025 2560 non
1044 2539 1052 2567 ;
1067 2529 1152 2570 quis,
1165 2529 1280 2567 eciam,
1297 2528 1339 2560 de
1354 2529 1491 2568 eisdem,
1509 2530 1560 2561 vel
1577 2541 1694 2562 eorum

307 2574 428 2615 aliquo,
452 2573 650 2605 temerarius
673 2573 814 2604 violator
836 2572 968 2610 existat,
994 2583 1052 2613 per
1075 2575 1202 2603 vestras
1226 2575 1380 2612 patentes
1412 2573 1550 2613 Literas,
1574 2574 1694 2606 harum

309 2618 429 2649 seriem
455 2617 677 2655 continentes,
704 2616 788 2648 citra
811 2615 941 2647 dictum
971 2616 1109 2646 Festum
1138 2615 1253 2647 Sancti
1280 2615 1458 2656 Michaelis,
1487 2627 1547 2648 nos
1574 2618 1694 2649 reddas

309 2661 455 2692 dilucide
477 2660 645 2692 cerciores.
654 2660 825 2691 —Datum
847 2659 937 2700 apud
961 2659 1194 2698 Chuddeham,
1212 2658 1291 2700 xiijo
1306 2659 1361 2690 die
1385 2660 1508 2691 mensis
1530 2661 1694 2701 Januarii,

310 2704 391 2736 A..D
412 2704 472 2736 ΜΟ.
492 2704 622 2736 CCCmo
644 2714 741 2735 nono.
745 2703 868 2740 —Nos,
895 2702 1009 2742 eciam,
1033 2703 1167 2733 easdem
1187 2684 1427 2734 ’Ordinaciones
1450 2706 1485 2735 et
1509 2703 1695 2737 Consuetu-

310 2748 415 2787 dines,
434 2758 491 2788 per
513 2752 655 2786 nostros,
671 2750 713 2779 ut
734 2746 956 2788 premittitur,
975 2746 1224 2777 Predecessores
1247 2746 1462 2786 laudabiliter
1483 2747 1640 2780 collectas
1662 2752 1697 2780 et

311 2791 534 2830 confirmatas,
550 2794 712 2832 tanquam
730 2791 801 2821 Deo
818 2790 985 2831 placentes
1000 2800 1038 2821 ac
1059 2789 1128 2830 juri
1151 2792 1187 2820 et
1210 2789 1334 2820 racioni
1356 2794 1585 2831 consonantes,
1602 2792 1696 2823 inuo-

313 2845 441 2874 vamus,
457 2834 691 2875 approbamus,
708 2837 745 2865 et
760 2833 1007 2866 confirmamus.
1043 2832 1156 2872 Vobis,
1174 2833 1330 2864 omnibus
1346 2836 1382 2864 et
1394 2833 1545 2875 singulis,
1562 2836 1698 2867 manda-

311 2889 398 2917 mus,
425 2878 460 2909 in
487 2877 618 2909 virtute
647 2877 770 2910 Sancte
800 2876 1001 2909 Obediencie
1027 2875 1170 2907 firmiter
1195 2875 1422 2917 injungentes,
1449 2877 1514 2909 sub
1543 2879 1638 2919 penis
1664 2883 1700 2911 et

313 2921 464 2954 censuris
479 2921 694 2963 supradictis,
711 2921 873 2962 quatinus
888 2920 1022 2951 easdem
1037 2923 1247 2951 resencentes
1263 2919 1337 2960 (sic)
1351 2921 1567 2961 perhenniter
1589 2922 1700 2954 obserss

313 2965 410 2997 vetis.
446 2964 499 2996 Ne
514 2964 590 3006 quis
605 2974 706 3006 super
720 2964 786 2996 hiis
800 2974 867 3005 que
882 2963 930 2996 sic
944 2963 987 2995 ad
1002 2963 1278 2995 reformacionem
1294 2963 1383 2995 dicte
1399 2964 1532 3006 Ospelle
1548 2965 1702 2998 ordinata

292 3007 335 3059 82
