1988 3256
417 370 704 408 REGISTRUM
721 392 723 394 -
740 369 1195 407 coMMUNE—-ANNO
1235 361 1324 406 11⁰.
1531 359 1626 408 437

88 474 166 535 {³38¹}
242 477 384 519 siugulis
399 478 530 520 quartis
552 482 588 511 et
609 479 714 511 sextis
736 479 827 511 feriis
849 479 1008 511 continue
1030 479 1103 511 fieri
1125 478 1320 520 procuretis.
1367 479 1421 518 Et,
1440 480 1480 510 ut
1494 478 1536 509 ad
1553 488 1626 519 pre-

91 542 144 569 v0¹
158 528 185 568 Ἰ
243 521 344 553 missa
358 521 510 554 facienda
526 526 655 554 mentes
670 523 884 554 subditorum
901 526 1094 554 nostrorum
1116 522 1274 554 devocius
1296 522 1498 560 excitentur,
1518 521 1625 553 omni-

146 562 154 569 ’
186 562 194 569 ’
241 565 306 596 bus
328 569 364 597 et
385 565 526 607 siugulis
548 567 644 598 nobis
666 566 839 608 subjectis,
855 569 890 598 et
912 567 986 598 aliis
1009 576 1153 608 quorum
1179 566 1353 598 Diocesaui
1376 566 1461 597 hanc
1477 568 1627 597 nostram

242 608 496 650 indulgenciam
519 616 628 642 ratam
651 610 833 642 habuerint
855 613 891 642 et
911 615 1094 651 acceptam,
1112 610 1173 652 qui
1187 609 1384 651 hujusmodi
1400 609 1628 641 Processiones

241 652 392 692 fecerint,
409 657 470 685 aut
491 664 546 685 eas
568 654 676 685 secuti
698 654 836 692 suerint,
853 654 973 695 pieque
998 655 1107 685 Deum
1131 664 1191 694 pro
1207 653 1375 694 premissis
1390 653 1568 691 oraverint,
1585 653 1628 684 de

242 697 386 736 peccatis
401 697 470 728 suis
486 708 562 728 vere
579 697 811 738 penitentibus
826 701 861 729 et
876 697 1045 736 confessis,
1061 697 1103 728 de
1126 697 1378 738 Omnipotentis
1401 696 1629 728 misericordia

242 742 278 771 et
301 740 403 772 Beate
426 741 531 772 Mario
547 741 702 781 Virginis,
720 741 839 772 Matris
862 742 938 780 Sue,
955 751 993 773 ac
1009 742 1190 772 Beatorum
1214 741 1306 772 Petri
1321 744 1356 772 et
1374 740 1469 772 Pauli
1485 740 1627 781 Aposto-

243 782 362 823 lorum,
380 785 601 815 Patronorum
617 788 820 823 nostrorum,
840 785 1069 825 Omniumque
1092 785 1292 817 Sanctorum
1316 784 1445 816 meritis
1467 786 1504 815 et
1526 783 1628 825 preci-

243 826 306 858 bus
329 828 544 867 confidentes,
565 828 788 869 quadraginta.
809 828 880 859 dies
904 828 1122 869 Indulgencie
1144 828 1402 860 misericorditer
1424 829 1460 860 in
1484 827 1630 859 Domino

242 871 456 903 concedimus
473 882 531 913 per
546 872 731 911 Presentes,
747 872 969 904 etc.—Dated
986 873 1135 912 Loud0n‚
1153 873 1195 903 22
1211 872 1365 904 October.

89 932 152 994 {23¹ss-
198 937 282 975 The
301 937 462 975 Secular
479 951 564 975 arm
580 951 591 985 3
619 938 701 976 Pro
718 938 1050 976 excommunicatis
1068 938 1332 987 capiendis,-

200 991 498 1030 Excellentissimo,
515 996 589 1032 etc„
615 992 766 1031 Ricardo,
789 995 863 1030 etc„
886 992 921 1023 in
946 992 1150 1024 Cancellaria
1173 1003 1243 1032 sua,
1267 993 1422 1031 Thomas,
1446 995 1518 1030 etc„
1543 991 1629 1023 salu-

242 1037 323 1074 tem,
354 1036 671 1067 etc.—Excellencie
701 1039 811 1067 vestre
842 1036 942 1076 Regie
972 1036 1170 1067 intimamus
1199 1036 1291 1078 quod
1322 1036 1459 1067 Domini
1486 1036 1632 1067 Thomas

243 1078 410 1118 [Lacche],
443 1080 565 1111 Rector
594 1080 637 1111 de
667 1080 872 1121 Combepyn‚
898 1079 1043 1111 Thomas
1074 1080 1193 1119 Baron,
1221 1080 1263 1111 de
1288 1080 1477 1121 Colyforde,
1509 1079 1632 1121 Guydo

244 1122 442 1164 Axebrigge‚
463 1123 635 1164 Philippus
657 1121 897 1164 [Pampiloun],
922 1123 1073 1155 Vicarius
1097 1124 1138 1155 de
1163 1124 1424 1163 Southtautone,
1443 1123 1632 1155 Willelmus

245 1166 422 1207 [Syward],
451 1166 602 1198 Vicarius
632 1167 674 1198 de
705 1166 834 1206 Pynho,
866 1167 1046 1208 Gregorius
1077 1165 1232 1208 [Cooke],
1266 1169 1387 1199 Rector
1418 1167 1564 1198 Ecclesie
1590 1167 1633 1197 de

244 1209 482 1249 Jacobestowe,
512 1210 700 1242 Willelmus
730 1210 876 1251 [Foger]‚
903 1211 1026 1242 Rector
1056 1211 1202 1242 Ecclesie
1233 1211 1275 1242 de
1305 1210 1566 1251 Inwardelegbe,
1597 1213 1633 1241 et

243 1253 416 1285 Johannes
446 1253 644 1294 [Duraunt],
676 1254 798 1285 Rector
822 1254 967 1285 Ecclesie
997 1255 1039 1285 de
1071 1254 1316 1294 Wascheforde,
1348 1258 1486 1296 propter
1515 1264 1633 1285 eorum

244 1297 439 1328 manifestas
455 1298 681 1329 contumacias
696 1301 730 1328 et
753 1298 894 1329 offensas
915 1298 951 1328 in
975 1308 1043 1329 non
1067 1298 1214 1339 parendo
1237 1299 1361 1330 nostris
1386 1298 1633 1329 Monicionibus

243 1340 420 1372 canonicis
435 1345 633 1380 contractas,
649 1341 778 1372 fuerint
797 1346 832 1372 et
846 1341 916 1372 sint
939 1344 1054 1373 nostra
1079 1342 1282 1373 auctoritate
1305 1341 1471 1373 ordinaria
1494 1341 1634 1382 Majoris

243 1384 613 1416 Excommunicacionis
629 1385 806 1417 Sentencia
822 1385 885 1416 rite
901 1387 937 1416 et
952 1385 1101 1425 legitime
1117 1385 1271 1416 innodati
1293 1389 1328 1417 et
1351 1384 1634 1417 excommunicati

242 1427 375 1468 publice
400 1428 559 1467 nunciati,
584 1439 621 1459 ac
643 1428 676 1459 in
702 1427 900 1469 hujusmodi
924 1429 1292 1460 Excommunicacionis
1315 1429 1492 1460 Sentencia
1515 1439 1575 1469 per
1597 1428 1633 1459 xl

243 1471 314 1502 dies
337 1474 373 1502 et
394 1471 539 1512 amplius
561 1482 581 1502 a
604 1475 754 1512 tempore
777 1471 1047 1503 denunciacionis
1077 1472 1276 1514 hujusmodi
1307 1476 1572 1513 perseverarunt,
1597 1474 1634 1503 et

242 1514 353 1546 adhuc
377 1518 597 1555 perseverant,
620 1515 732 1546 animo
758 1515 927 1555 induratn,
954 1516 1072 1547 Claves
1099 1516 1246 1548 Ecclesie
1273 1516 1535 1557 dampnabiliter
1556 1525 1632 1547 con-

246 1559 462 1599 tempnendo.
504 1558 641 1598 Verum,
658 1569 736 1590 cum
754 1559 899 1590 Ecclesia
914 1570 981 1590 non
998 1559 1120 1591 habeat
1136 1560 1219 1601 quid
1236 1560 1324 1591 ultra
1340 1560 1450 1599 faciat,
1469 1558 1635 1590 Potestati

246 1602 346 1642 Regie
361 1602 588 1643 supplicamus
604 1602 775 1643 quatinus,
794 1607 832 1634 ut
848 1613 934 1644 quos
951 1603 1015 1634 Dei
1032 1604 1133 1634 timor
1147 1614 1167 1634 a
1190 1603 1278 1634 malo
1301 1614 1368 1634 non
1391 1606 1526 1634 revocat
1549 1612 1635 1643 pena

245 1645 365 1677 saltem
382 1646 576 1686 temporalis
592 1646 746 1677 cohibeat
761 1656 780 1677 a.
795 1649 940 1687 peccatu,
958 1657 1018 1687 pro
1033 1647 1189 1688 capcione
1211 1647 1381 1678 dictorum
1404 1647 1542 1685 Thome,
1558 1650 1633 1685 etc,

245 1689 621 1727 excommunicatorum,
640 1690 728 1721 utin
752 1690 981 1721 consimilibus
1005 1693 1056 1721 est
1079 1690 1151 1722 fieri
1173 1694 1383 1729 consuetum,
1399 1690 1541 1722 scribere
1564 1690 1634 1731 dig-

245 1735 347 1764 netur
363 1735 473 1764 vestra
490 1733 591 1774 Regia
608 1733 953 1765 Celsitudo.—-Dated
971 1734 1121 1773 Loudon,
1139 1735 1176 1765 21
1198 1735 1352 1766 October.

201 1798 346 1836 Exeter
360 1811 372 1846 3
391 1798 447 1836 St.
470 1798 495 1836 J
498 1797 610 1837 ohn's
631 1798 814 1849 Hospital
828 1811 840 1846 3
863 1798 1090 1837 commissio
1104 1799 1158 1837 ad
1177 1799 1459 1849 inspiciendum
1474 1799 1635 1838 Statum

255 1858 289 1890 et
311 1851 586 1891 Ordinaciones
606 1854 647 1890 in
669 1853 871 1902 Hospitali
889 1853 1025 1892 Sancti
1042 1854 1238 1892 Johannis
1256 1854 1474 1900 Emonia——

202 1906 302 1946 Item,
335 1906 526 1946 Londoniis,
558 1905 685 1948 xxiiijto
715 1907 770 1938 die
801 1907 966 1947 Octobris,
994 1907 1157 1948 scriptum
1184 1908 1253 1939 fuit
1277 1908 1439 1949 Magistro
1467 1907 1635 1939 Willelmo

245 1950 426 1991 Trevellys,
457 1950 500 1981 ad
530 1950 777 1991 inspiciendum
807 1951 947 1983 Statuta
974 1954 1009 1982 et
1036 1951 1275 1983 Ordinaciones
1304 1951 1487 1992 Hospitalis
1519 1951 1635 1983 Sancti

245 1993 411 2026 Johanuis
428 1994 566 2033 Exonie,
585 1997 620 2025 et
634 1994 677 2025 de
692 1994 902 2026 rescribendo
917 2004 994 2026 cum
1018 1995 1143 2036 poterit
1158 1995 1193 2026 in
1209 2006 1276 2037 qua
1299 1999 1405 2037 parte,
1427 2005 1486 2027 seu
1510 1995 1635 2036 quibus

246 2037 408 2078 partibus,
426 2037 600 2079 indigeant
615 2038 760 2079 reparari
775 2049 834 2070 seu
850 2038 1030 2071 emendari.

93 2101 158 2162 {g}
197 2102 236 2140 N
238 2103 503 2142 oni-residence
517 2116 527 2150 ;
546 2104 786 2142 Mandatum
803 2110 936 2142 contra
954 2118 1031 2142 non
1049 2105 1322 2151 residentes,—

93 2177 163 2196 „gffi
197 2157 353 2196 Thomas,
373 2160 448 2196 etc„
465 2157 605 2190 Officiali
620 2161 735 2189 nostre
757 2158 1010 2190 Jurisdiccionis
1033 2159 1212 2190 Peculiaris
1235 2159 1270 2196 in
1295 2159 1454 2198 Devonia,
1479 2159 1634 2197 salutem,

246 2200 463 2232 etc-Nobis
483 2201 710 2240 subditorum,
726 2204 762 2233 et
780 2202 936 2243 precipue
959 2202 1172 2242 Curatorum,
1190 2202 1389 2243 periculosas
1406 2202 1634 2243 necligencias,

246 2254 330 2285 quas
346 2244 488 2276 ulterius
504 2244 658 2276 tollerare
673 2256 738 2276 non
756 2256 943 2286 possumus,
960 2256 1002 2277 ne
1017 2246 1165 2287 ipsorum
1182 2246 1316 2286 sanguis
1332 2247 1373 2277 de
1389 2247 1513 2277 nostris
1529 2245 1633 2277 mani-

248 2287 312 2318 bus
341 2288 542 2328 requiratur,
565 2298 608 2320 ex
631 2289 738 2320 Officii
761 2290 866 2320 nostri
889 2289 1004 2320 debito
1031 2289 1182 2330 cogimur
1204 2290 1382 2330 increpare.
1429 2290 1526 2327 Sane,
1551 2289 1634 2321 tacti

247 2330 360 2362 dolore
375 2331 483 2363 cordis
499 2331 713 2371 intrinsecus,
737 2332 982 2373 fidedignorum
999 2333 1162 2364 relacione
1184 2333 1414 2365 intelleximus
1436 2333 1528 2374 quod
1551 2343 1631 2364 non-

249 2374 334 2405 nulli
358 2375 515 2406 Rectores
537 2378 574 2406 et
595 2375 718 2407 Vicarii
742 2375 900 2417 Perpetui
924 2376 1146 2408 Ecclesiarum
1171 2377 1416 2408 Parochialium
1439 2380 1632 2408 nostrarum

248 2417 404 2449 Civitatis
419 2421 455 2450 et
478 2418 634 2458 Diocesis,
648 2429 668 2450 a
684 2419 781 2451 Curis
804 2419 851 2451 eis
867 2419 1048 2460 deputatis,
1074 2431 1132 2461 pro
1155 2420 1280 2461 quibus
1305 2421 1449 2451 Domino
1471 2423 1633 2451 tenentur

249 2461 387 2492 reddere
410 2461 587 2500 racionem,
612 2473 648 2493 se
671 2463 899 2502 mercenarios,
923 2463 1047 2504 quibus
1076 2474 1143 2495 non
1166 2467 1218 2494 est
1240 2474 1319 2495 cura
1341 2464 1384 2495 de
1406 2463 1525 2495 ovibus
1555 2474 1633 2495 cum

248 2504 437 2536 animarum
452 2505 544 2536 lucra
559 2516 625 2536 non
642 2509 794 2546 querant,
812 2506 926 2547 pocius
948 2507 1173 2546 ostendentes,
1189 2517 1210 2538 a
1225 2507 1294 2538 suis
1320 2507 1482 2546 Ecclesiis,
1506 2507 1633 2548 absque

250 2550 364 2579 nostra
382 2548 532 2580 Licencia
548 2559 606 2580 seu
622 2549 735 2591 aliqua
750 2560 848 2581 causa
870 2549 1071 2589 racionabili,
1089 2561 1124 2582 se
1147 2551 1335 2590 absentant,
1353 2554 1388 2582 et
1410 2551 1634 2582 absentarunt

249 2601 309 2632 per
323 2594 475 2632 tempora
497 2592 668 2632 diuturna,
686 2593 907 2624 Ecclesiarum
930 2593 1127 2634 hujusmodi
1143 2597 1178 2625 et
1194 2594 1470 2634 parochianorum
1493 2604 1633 2625 suorum

249 2634 397 2675 regimen
428 2637 554 2667 temere
580 2635 790 2675 deserend03
817 2647 858 2668 ex
885 2647 952 2678 quo
976 2638 1013 2668 in
1039 2637 1162 2678 populo
1188 2637 1272 2669 vicia
1297 2637 1463 2678 pululant,
1489 2637 1633 2669 Divinus

251 2677 373 2709 Cultus
387 2678 598 2718 diminuitur,
622 2679 832 2721 hospitalitas
854 2680 1049 2719 retrahitur,
1073 2680 1202 2712 edificia
1223 2681 1448 2721 collabuntur,
1465 2684 1500 2712 et
1521 2681 1636 2722 gravia

251 2721 406 2752 scandala
420 2722 636 2762 suscitantur,
652 2733 699 2763 ac,
716 2723 922 2764 prochdolor,
938 2724 1049 2755 anime
1064 2724 1105 2755 ad
1122 2734 1267 2765 quorum
1283 2724 1428 2756 salutem
1443 2724 1636 2765 spirituales

252 2764 372 2796 medici
387 2764 605 2806 deputantur,
621 2766 834 2798 evidentibus
849 2767 1003 2807 periculis
1025 2770 1251 2808 exponuntur.
1298 2768 1377 2806 Nos,
1394 2768 1509 2808 igitur,
1525 2771 1579 2799 tot
1602 2770 1637 2798 et

251 2807 357 2838 tantis
388 2808 484 2839 malis
513 2811 549 2840 et
579 2809 734 2850 periculis
759 2811 936 2851 oportunis
960 2811 1094 2842 obviare
1123 2811 1278 2842 remediis
1308 2811 1513 2850 affectantes,
1542 2811 1635 2842 vobis
1677 2833 1681 2836 «

252 2851 506 2891 committimus,
523 2857 596 2892 etc„
612 2853 774 2894 quatinus
796 2863 912 2884 omnes
935 2857 970 2885 et
991 2854 1140 2895 singulos
1162 2855 1320 2886 Rectores
1336 2858 1372 2886 et
1388 2854 1535 2886 Vicarios
1558 2855 1635 2885 Per-

251 2897 380 2935 petuos,
409 2898 480 2926 tam
505 2895 540 2926 in
566 2899 681 2927 nostra
708 2897 854 2928 Civitate
878 2897 1027 2938 predicta
1052 2907 1154 2938 quam
1180 2898 1215 2929 in
1241 2897 1376 2937 Emuie,
1407 2897 1575 2937 Tottonie,
1602 2900 1638 2929 et

257 2938 505 2979 Barnastapolie
529 2938 875 2980 Archidiaconatibus,
902 2940 1045 2972 ubilibet
1070 2941 1283 2980 constitutos,
1311 2941 1371 2982 qui
1395 2951 1415 2973 a
1442 2941 1540 2974 Curis
1565 2942 1635 2973 suis

261 2980 458 3022 hujusmodi
479 2981 605 3024 absque
627 2988 742 3015 nostra
765 2983 917 3016 Licencia
938 2994 973 3016 se
995 2984 1187 3024 absentant,
1205 2984 1233 3017 si
1255 2983 1473 3026 personaliter
1493 2985 1637 3016 inveniri
