1988 3256
353 330 447 377 370
553 344 653 378 THE
680 337 936 380 ‚REGISTER
971 344 1031 378 OF
1065 343 1245 378 BISHOP
1279 343 1688 379 BRANTYNGHAM.

350 445 427 473 A..D
505 451 539 481 et
563 450 835 492 quibuscumque
857 450 931 482 aliis
961 449 1121 482 audiendi
1155 452 1191 482 et
1215 449 1430 489 discuciendi,
1460 452 1497 482 et
1521 450 1563 482 de
1589 449 1654 482 hiis
1680 460 1747 492 que
1773 451 1891 494 nostro

349 478 426 540 {231⁶
434 513 458 542 1
504 494 640 525 nomine
662 494 850 535 receperint
872 498 907 525 et
925 505 983 535 pro
1005 493 1102 525 nobis
1125 493 1168 525 de
1190 493 1290 525 dictis
1313 474 1486 525 Benefi’ciis
1509 494 1632 526 nostris
1643 494 1791 536 finalem
1812 491 1888 535 qui-

504 537 660 577 tanciam,
677 541 713 570 et
731 541 866 579 pactum
890 538 932 570 de
955 537 1098 569 ulterius
1114 537 1241 579 aliquid
1258 548 1326 569 non
1350 538 1495 579 petendo
1510 537 1656 570 faciendi
1671 540 1706 569 et
1721 537 1794 569 fieri
1808 546 1886 568 con-

504 581 644 612 cedendi
669 581 733 613 sub
756 592 970 623 quacumque
996 581 1176 613 verborum
1204 581 1340 612 forma·
1332 606 1340 620 ‚
1370 581 1631 613 contradictores
1658 581 1827 622 quoslibet
1852 582 1888 611 et

503 624 645 656 rebelles
661 635 720 666 per
739 625 922 657 Censuram
940 624 1218 663 Ecclesiasticam,
1235 627 1270 656 et
1285 624 1358 656 aliis
1372 624 1460 666 juris
1482 625 1637 656 remediis
1652 623 1886 666 compellendi,

503 667 652 700 Vicarios
668 669 895 710 presentandi‚
922 671 957 700 et
983 668 1095 700 omnia
1111 671 1147 700 et
1170 668 1302 710 singula
1324 668 1467 700 faciendi
1490 673 1526 700 et
1549 669 1744 700 excerceudi
1759 677 1827 710 que
1841 667 1883 699 ad

502 710 695 744 Vicariatus
717 713 752 743 in
780 712 1013 754 spiritualibus
1039 715 1072 743 et
1101 712 1343 753 temporalibus
1366 716 1427 743 aut
1455 712 1705 744 Procuracionis
1731 713 1886 753 spectant

503 754 670 795 Officium,
686 756 888 787 alienacione
901 759 936 787 et
947 756 1178 788 destruccione
1191 755 1354 787 bonorum
1368 756 1550 787 dumtaxat
1564 756 1730 796 exceptis3
1746 765 1885 795 necnon,
1922 783 1928 787 .

502 809 562 839 pro
586 799 756 840 premissis
778 800 935 831 omnibus
958 802 994 831 et
1015 799 1165 840 singulis,
1190 799 1226 830 si·
1242 809 1374 831 necesse
1401 799 1515 838 fuerit,
1539 810 1648 831 coram
1671 808 1886 840 quocumque

501 842 623 874 Judice
647 843 878 875 Ecclesiastico
900 843 954 875 vel
977 843 1138 882 Seculari,
1164 843 1244 874 dato
1267 842 1320 874 vel
1343 843 1455 874 dando
1477 843 1512 875 in
1534 853 1748 884 quacumque
1774 843 1885 882 Curia,

501 886 621 926 agendi
637 890 672 918 et
688 887 892 918 defendendi
909 898 917 926 ;
939 886 1078 925 libellos,
1100 889 1136 918 et
1150 886 1340 928 quamlibet
1356 887 1455 918 aliam
1471 886 1683 927 peticionem,
1699 886 1814 923 dandi,
1830 896 1884 927 pe-

500 930 606 969 tendi,
624 933 658 961 et
673 930 852 971 recipendi,
870 931 946 962 lites
967 930 1189 967 contestandi,
1205 930 1408 972 'juramenta
1431 930 1620 971 calumpnie
1636 933 1672 962 et
1686 931 1728 962 de
1743 929 1886 962 veritate

500 973 649 1013 dicenda,
665 977 700 1006 et
715 974 893 1015 quodlibet
909 974 1001 1005 aliud
1018 974 1149 1006 licitum
1165 974 1411 1015 juramentum,
1429 974 1464 1005 in
1481 974 1627 1005 animam
1644 977 1793 1005 nostram
1811 984 1886 1015 pre-

501 1017 623 1056 standi,
631 1018 786 1058 ponendi,
799 1020 834 1049 et
845 1017 1062 1056 articulandi3
1079 1017 1303 1058 posicionibus
1316 1018 1541 1059 respondendi
1553 1021 1589 1049 et
1598 1020 1715 1049 contra
1724 1017 1884 1049 articulos

500 1060 652 1100 dicendi3
670 1061 832 1093 terminos
846 1065 881 1093 et
894 1061 1072 1093 dilacioues
1090 1061 1227 1102 petendi
1239 1064 1273 1092 et
1289 1061 1470 1102 recipiendi
1487 1071 1496 1100 ;
1511 1064 1625 1100 testes,
1639 1061 1883 1099 Instrumenta,

501 1104 640 1145 Literas,
657 1108 693 1136 et
709 1106 729 1137 J
732 1115 792 1136 ura
805 1105 956 1146 quelibet
967 1104 1184 1146 producendi,
1198 1108 1234 1136 et
1246 1104 1384 1136 alterius
1398 1104 1507 1136 Partis
1522 1105 1596 1146 jura
1612 1116 1671 1136 con
1677 1105 1880 1141 tradicendi3

439 1166 443 1171 ·
499 1151 604 1179 testes
637 1149 747 1180 Partis
773 1149 911 1180 adverse
940 1148 1054 1190 jurare
1084 1148 1231 1188 videndi,
1262 1159 1385 1189 eosque
1415 1149 1644 1190 reprobandi3
1681 1149 1822 1180 crimina
1843 1151 1884 1181 ,et

499 1191 656 1223 defectus
687 1192 879 1233 opponendi
911 1196 946 1224 et
975 1192 1235 1224 contradicenda
1266 1192 1515 1230 coneludendi3
1553 1192 1749 1224 Sentencias
1778 1192 1882 1223 inter-

498 1235 679 1267 locutorias
695 1238 730 1267 et
746 1236 943 1268 diffinitivas
967 1236 1126 1267 audiendi
1149 1239 1184 1267 et
1199 1235 1271 1267 fieri
1293 1235 1441 1276 petendi,
1456 1238 1492 1267 et
1514 1235 1557 1266 ab
1577 1235 1658 1277 ipsis
1674 1239 1709 1267 et
1731 1235 1884 1277 quolibet

497 1279 563 1310 alio
578 1280 769 1320 gravamine
784 1277 976 1321 appellandi
991 1282 1027 1311 et
1043 1279 1295 1320 Appellaciones
1311 1279 1535 1320 prosequendi
1550 1289 1558 1318 3
1574 1289 1683 1311 unum
1700 1280 1752 1311 vel
1770 1279 1883 1320 plures

499 1323 571 1354 loco
588 1323 640 1354 sui
656 1323 889 1355 substituendi
904 1326 940 1355 et
955 1323 1133 1354 revocandi
1150 1323 1386 1354 Procuratores
1401 1326 1436 1354 et
1451 1322 1609 1361 Vicarios,
1626 1323 1773 1364 presenti
1790 1323 1884 1354 Man-

498 1367 579 1398 dato
602 1377 735 1408 semper
757 1366 791 1398 in
815 1377 876 1398 suo
899 1366 1024 1398 robore
1040 1367 1204 1398 duraturo
1226 1377 1233 1406 ;
1268 1369 1303 1398 et
1330 1366 1530 1407 generaliter
1553 1366 1667 1398 omnia
1689 1369 1725 1398 et
1751 1367 1884 1407 singula

496 1410 561 1442 alia
583 1410 727 1442 faciendi
748 1413 784 1442 et
810 1410 1005 1442 excercendi
1028 1420 1094 1451 que
1116 1410 1160 1442 ad
1183 1409 1381 1451 hujusmodi
1405 1410 1594 1442 Vicariatus
1619 1413 1776 1451 spectant
1803 1410 1882 1442 offi-

497 1454 597 1493 cium,
614 1456 650 1486 et
665 1464 730 1495 que
746 1454 965 1495 personaliter
987 1454 1173 1485 faceremus
1196 1454 1224 1484 si
1247 1454 1498 1485 interessemus.
1548 1454 1794 1486 Promittentes
1811 1464 1897 1495 per--

496 1500 601 1538 petuo
623 1500 737 1530 ratum
762 1500 797 1529 et
819 1501 955 1538 gratum
971 1497 1095 1529 habere
1111 1501 1148 1529 et
1163 1501 1279 1529 tenere
1295 1497 1457 1539 quicquid
1482 1508 1540 1538 per
1563 1497 1671 1529 dictos
1687 1497 1835 1529 vicarios
1850 1500 1886 1529 et

497 1542 733 1573 Procuratores
759 1544 902 1580 nostros,
929 1551 968 1573 ac
995 1541 1274 1573 substituendum
1301 1546 1337 1572 et
1369 1541 1627 1573 substituendos
1653 1540 1696 1572 ab
1726 1541 1807 1582 ipsis
1831 1541 1885 1573 vel

495 1595 611 1616 eorum
628 1585 743 1624 altero,
761 1588 796 1617 et
812 1584 1000 1626 quemlibet
1015 1595 1131 1616 eorum
1146 1584 1327 1616 insolidum
1344 1584 1472 1616 factum
1489 1584 1641 1616 fueritin
1658 1584 1828 1626 premissis
1850 1588 1887 1616 et

495 1629 647 1670 quolibet
663 1629 926 1670 premissorum;
948 1639 987 1660 ac
1002 1628 1178 1660 volentes
1168 1632 1315 1669 1psos‚et
1326 1624 1605 1660 substituendum
1621 1639 1659 1660 ac
1674 1628 1884 1660 substituen—

494 1674 555 1704 dos
570 1673 613 1704 ab
629 1672 676 1704 eis
692 1672 745 1704 vel
768 1682 883 1704 eorum
907 1672 1028 1713 aliquo,
1046 1675 1082 1704 et
1104 1672 1292 1713 quemlibet
1314 1682 1430 1703 eorum
1453 1672 1647 1711 insolidum,
1673 1672 1819 1704 relevare
1842 1673 1884 1703 ab

495 1717 587 1747 omni
603 1726 703 1747 onere
718 1716 799 1748 satis
822 1716 925 1747 dandi
940 1715 1068 1757 judicio
1083 1716 1167 1755 sisti,
1191 1719 1226 1747 et
1247 1715 1440 1757 judicatum
1462 1715 1559 1755 solvi,
1577 1716 1641 1747 sub
1662 1715 1827 1757 ypotheca
1849 1719 1886 1747 et

499 1760 703 1800 obligacione
725 1760 891 1791 bonorum
914 1763 950 1791 et
973 1759 1216 1791 Beneficiorum
1239 1762 1444 1798 nostrorum,
1462 1760 1672 1800 presencium
1695 1762 1731 1791 et
1754 1760 1885 1791 futuro-

495 1813 583 1835 rum.
631 1803 672 1835 In
695 1813 839 1844 quorum
856 1803 1008 1834 omnium
1025 1806 1061 1835 et
1082 1803 1292 1843 singulorum
1309 1803 1542 1834 testimonium
1561 1806 1730 1844 presentes
1747 1803 1887 1842 Literas,

497 1857 555 1878 seu
573 1857 709 1888 presens
732 1847 911 1878 Publicum
935 1846 1220 1886 Instrumentum,
1237 1856 1298 1888 per
1320 1846 1500 1878 Notarium
1522 1846 1777 1888 infrascriptum
1800 1846 1886 1879 Scri-

497 1891 643 1931 bamque
658 1893 813 1922 nostrum
829 1890 1081 1931 infrascriptum
1099 1890 1199 1921 scribi
1215 1893 1250 1922 et
1272 1890 1435 1931 publicari
1459 1890 1704 1929 mandavimus,
1720 1893 1755 1921 et
1777 1891 1887 1922 nostri

497 1934 595 1975 sigilli
619 1934 820 1975 appensione
842 1933 983 1965 fecimus
1006 1933 1140 1965 muniri.
1144 1933 1276 1965 —Data
1302 1937 1338 1965 et
1365 1936 1439 1964 acta
1464 1933 1639 1972 Avinione,
1666 1933 1700 1965 in
1728 1933 1887 1975 Hospicio

497 1977 717 2009 habitacionis
733 1980 855 2017 nostre,
873 1977 973 2008 Anno
995 1987 1012 2008 a
1038 1977 1226 2008 Nativitate
1250 1977 1387 2008 Domini
1402 1977 1492 2008 Mffl0.
1513 1977 1646 2009 CCCm⁰
1660 1977 1765 2009 lxxmo
1779 1981 1886 2017 sexto,

498 2021 688 2053 Indiccione
705 2020 787 2062 xiiij,
805 2021 859 2052 die
874 2020 1031 2052 vicesima
1047 2031 1135 2052 nona
1156 2020 1280 2051 mensis
1304 2020 1488 2058 Februarii,
1509 2020 1731 2052 Pontificatus
1747 2001 1886 2053 Domini

498 2065 614 2105 nostri,
632 2065 768 2096 Domini
786 2064 945 2104 Gregorii,
963 2064 1084 2095 Divina
1101 2064 1318 2095 Providencia
1334 2064 1422 2105 Pape
1437 2044 1527 2095 xl’uss
1543 2064 1643 2096 Anno
1657 2068 1765 2096 sexto.
1808 2065 1886 2096 Pre-

497 2090 661 2147 sentibus,
679 2110 755 2147 etc.,
773 2107 927 2139 Dominis
949 2107 1105 2140 Johanne
1128 2107 1283 2148 Rigaudi,
1300 2107 1544 2146 Nomomensis,
1562 2107 1710 2139 Arnaldo
1732 2108 1775 2140 de
1798 2108 1884 2140 Mas-

498 2162 607 2192 sanco,
634 2133 854 2183 B’iturieensis
881 2151 1105 2182 Ecclesiarum
1135 2151 1321 2190 Canonicis,
1352 2151 1496 2182 Geraldo
1523 2151 1566 2182 de
1594 2151 1678 2183 Cera
1701 2154 1738 2183 et
1767 2151 1886 2183 Fratre

499 2196 601 2227 Petro
617 2196 659 2227 de
682 2195 821 2233 Panaco,
839 2195 975 2227 Ordinis
998 2195 1178 2234 Minorum,
1195 2194 1406 2226 cubiculariis
1428 2194 1561 2234 nostris,
1578 2195 1723 2226 testibus
1746 2195 1789 2226 ad
1811 2205 1884 2237 pre-

499 2239 601 2270 missa
617 2239 743 2271 vocatis
758 2238 883 2279 pariter
898 2241 933 2269 et
947 2238 1174 2279 rogatis—Et
1189 2249 1260 2279 ego,
1278 2238 1502 2270 Theodericus
1525 2238 1675 2279 Riquini,
1693 2238 1884 2280 Trajecten·

499 2282 544 2315 sis
566 2282 724 2321 Diocesis‚
750 2281 908 2314 Publicus
932 2281 1123 2323 Apostolica
1145 2284 1180 2313 et
1203 2282 1373 2323 Imperiali
1395 2281 1607 2313 Auctoritate
1631 2282 1802 2322 Notarius,
1818 2282 1886 2314 dic-

500 2326 596 2367 tique
619 2325 756 2357 Domini
773 2325 959 2358 Cardinalis
982 2325 1107 2365 Scriba,
1124 2325 1293 2366 premissis
1316 2325 1473 2356 omnibus
1496 2328 1532 2356 et
1554 2325 1704 2366 singulis,
1721 2325 1804 2357 dum
1828 2326 1884 2366 sic,

500 2373 542 2402 ut
557 2369 779 2410 premittitur,
796 2379 855 2410 per
870 2368 1039 2410 prefatum
1065 2369 1249 2400 Dominum
1265 2368 1476 2401 cardinalem
1499 2372 1680 2409 agerentur
1701 2373 1737 2400 et
1759 2369 1888 2410 fierent,

501 2424 579 2445 cum
602 2412 845 2454 prenominatis
868 2412 1023 2452 testibus,
1039 2412 1191 2451 interfui,
1207 2422 1312 2453 eaque
1334 2412 1381 2444 sic
1403 2411 1475 2443 fieri
1491 2412 1560 2443 vidi
1583 2415 1619 2444 et
1641 2412 1765 2451 audivi,
1784 2422 1822 2444 ac
1843 2413 1887 2444 de

500 2457 662 2489 Mandato
685 2456 768 2488 dicti
791 2456 929 2488 Domini
952 2455 1138 2488 Cardinalis
1161 2456 1277 2497 scripsi
1293 2458 1329 2487 et
1344 2455 1524 2497 publicavi,
1541 2466 1620 2487 cum
1635 2456 1688 2487 sui
1708 2456 1807 2496 sigilli
1829 2467 1886 2498 ap-

501 2501 669 2542 pensione,
686 2500 722 2531 in
738 2500 973 2531 testimonium
990 2499 1142 2531 veritatis
1158 2499 1309 2530 omnium
1327 2499 1575 2539 premissorum,
1592 2500 1682 2531 facta
1697 2499 1888 2539 collacione3

500 2544 713 2585 presentibus
735 2543 891 2575 Johanne
913 2543 1088 2583 Bateman,
1104 2542 1260 2575 Johanne
1282 2542 1466 2584 Luffwyke,
1489 2542 1644 2574 Johanne
1672 2542 1795 2583 Hethe,
1819 2543 1887 2575 No·

501 2588 586 2619 tario
603 2587 742 2619 Publico
757 2586 1010 2628 Wyntoniensis
1026 2586 1182 2618 Diocesis.
1228 2586 1285 2618 See
1300 2596 1354 2628 pp.
1373 2587 1446 2626 356,
1463 2586 1537 2618 360.

454 2653 741 2701 Yarcombe‚—

346 2705 435 2766 137}-
459 2707 656 2746 Dnvomn.
659 2707 774 2745 ——De
802 2706 964 2745 termino
992 2704 1129 2745 Sancti
1156 2706 1342 2753 Hillarii,
1372 2706 1486 2745 Anno
1513 2706 1641 2756 Requi
1667 2706 1784 2757 Reqis
1810 2706 1892 2746 Ed-

346 2774 385 2804 4.]
508 2761 798 2854 Zardilfflercii
809 2767 898 2810 post
919 2760 1174 2810 conquestum
1192 2760 1333 2811 Anylie
1351 2761 1644 2811 quadragesimo
1662 2761 1887 2810 septimo.—

549 2823 597 2854 ot.
627 2829 646 2854 c
663 2816 746 2865 υίῇ.

456 2870 634 2909 Henricus,
658 2869 748 2902 filius
771 2868 999 2901 Bartholomei
1023 2868 1148 2908 Peuke,
1170 2868 1206 2900 in
1229 2868 1362 2910 propria
1388 2878 1530 2909 persona
1555 2878 1626 2908 sua,
1654 2867 1742 2910 petit
1770 2878 1887 2901 versus

498 2913 674 2953 Thomam,
706 2913 911 2955 Episcopum
944 2912 1178 2952 Exoniensem,
1208 2922 1316 2944 unum
1347 2912 1569 2953 mesuagium,
1599 2912 1684 2944 duas
1713 2915 1888 2944 carucatas

499 2961 597 2997 terre,
615 2957 755 2998 triginta
771 2967 863 2989 acras
878 2957 977 2999 prati,
998 2955 1119 2999 viginti
1142 2965 1234 2988 acras
1258 2958 1404 2999 pasture,
1421 2955 1599 3002 duodecim
1621 2966 1712 3001 acras
1735 2955 1835 2997 bosci,
1851 2957 1889 2988 et
