<?xml version="1.0" encoding="UTF-8"?>
<!DOCTYPE html PUBLIC "-//W3C//DTD XHTML 1.0 Transitional//EN"
    "http://www.w3.org/TR/xhtml1/DTD/xhtml1-transitional.dtd">
<html xmlns="http://www.w3.org/1999/xhtml" xml:lang="en" lang="en">
 <head>
  <title>
</title>
<meta http-equiv="Content-Type" content="text/html;charset=utf-8" />
  <meta name='ocr-system' content='tesseract 3.04.00' />
  <meta name='ocr-capabilities' content='ocr_page ocr_carea ocr_par ocr_line ocrx_word'/>
</head>
<body>
  <div class='ocr_page' id='page_1' title='image "./registerofthomas01hinguoft/registerofthomas01hinguoft_0207.png"; bbox 0 0 1988 3256; ppageno 0'>
   <div class='ocr_carea' id='block_1_1' title="bbox 532 335 1689 385">
    <p class='ocr_par' dir='ltr' id='par_1_1' title="bbox 532 335 1689 385">
     <span class='ocr_line' id='line_1_1' title="bbox 532 335 1689 385; baseline -0.005 0"><span class='ocrx_word' id='word_1_1' title='bbox 532 350 702 385; x_wconf 82' lang='lat' dir='ltr'><strong>ROYAL</strong></span> <span class='ocrx_word' id='word_1_2' title='bbox 736 348 952 385; x_wconf 68' lang='lat' dir='ltr'><strong>Lam-nas</strong></span> <span class='ocrx_word' id='word_1_3' title='bbox 986 348 1092 384; x_wconf 72' lang='lat' dir='ltr'><strong>aun</strong></span> <span class='ocrx_word' id='word_1_4' title='bbox 1126 347 1298 383; x_wconf 72' lang='lat' dir='ltr'><strong>wmrs.</strong></span> <span class='ocrx_word' id='word_1_5' title='bbox 1596 335 1689 382; x_wconf 88' lang='lat'><strong>189</strong></span> 
     </span>
    </p>
   </div>
   <div class='ocr_carea' id='block_1_2' title="bbox 150 452 1691 497">
    <p class='ocr_par' dir='ltr' id='par_1_2' title="bbox 150 452 1691 497">
     <span class='ocr_line' id='line_1_2' title="bbox 150 452 1691 497; baseline -0.005 -7"><span class='ocrx_word' id='word_1_6' title='bbox 150 456 228 483; x_wconf 75' lang='lat' dir='ltr'><strong>A-D·</strong></span> <span class='ocrx_word' id='word_1_7' title='bbox 259 456 417 495; x_wconf 74' lang='lat' dir='ltr'><strong>34.·-De</strong></span> <span class='ocrx_word' id='word_1_8' title='bbox 439 455 604 497; x_wconf 74' lang='lat' dir='ltr'><strong>illcyitimo</strong></span> <span class='ocrx_word' id='word_1_9' title='bbox 628 455 984 489; x_wconf 65' lang='lat' dir='ltr'><strong>matrimonia—Cum</strong></span> <span class='ocrx_word' id='word_1_10' title='bbox 1007 454 1117 487; x_wconf 86' lang='lat' dir='ltr'><strong>Adam</strong></span> <span class='ocrx_word' id='word_1_11' title='bbox 1140 457 1213 487; x_wconf 86' lang='lat' dir='ltr'><strong>atte</strong></span> <span class='ocrx_word' id='word_1_12' title='bbox 1237 454 1355 493; x_wconf 88' lang='lat' dir='ltr'><strong>Forde,</strong></span> <span class='ocrx_word' id='word_1_13' title='bbox 1379 453 1415 485; x_wconf 87' lang='lat' dir='ltr'><strong>iu</strong></span> <span class='ocrx_word' id='word_1_14' title='bbox 1440 452 1542 485; x_wconf 88' lang='lat' dir='ltr'><strong>Curia</strong></span> <span class='ocrx_word' id='word_1_15' title='bbox 1565 454 1691 491; x_wconf 85' lang='lat' dir='ltr'><strong>nostra,</strong></span> 
     </span>
    </p>
   </div>
   <div class='ocr_carea' id='block_1_3' title="bbox 149 490 228 585">
    <p class='ocr_par' dir='ltr' id='par_1_3' title="bbox 149 490 228 585">
     <span class='ocr_line' id='line_1_3' title="bbox 149 490 228 551; baseline 0 0"><span class='ocrx_word' id='word_1_16' title='bbox 149 490 228 551; x_wconf 55' lang='lat'><strong>{³352</strong></span> 
     </span>
     <span class='ocr_line' id='line_1_4' title="bbox 154 558 195 585; baseline -0.024 0"><span class='ocrx_word' id='word_1_17' title='bbox 154 558 195 585; x_wconf 91' lang='lat'><strong>11.</strong></span> 
     </span>
    </p>
   </div>
   <div class='ocr_carea' id='block_1_4' title="bbox 158 1287 269 1314">
    <p class='ocr_par' dir='ltr' id='par_1_4' title="bbox 158 1287 269 1314">
     <span class='ocr_line' id='line_1_5' title="bbox 158 1287 269 1314; baseline 0 0"><span class='ocrx_word' id='word_1_18' title='bbox 158 1287 210 1314; x_wconf 72' lang='lat' dir='ltr'><strong>rol.</strong></span> <span class='ocrx_word' id='word_1_19' title='bbox 224 1287 269 1314; x_wconf 73' lang='lat' dir='ltr'><strong>ab.</strong></span> 
     </span>
    </p>
   </div>
   <div class='ocr_carea' id='block_1_5' title="bbox 303 496 1699 1370">
    <p class='ocr_par' dir='ltr' id='par_1_5' title="bbox 303 496 1699 1370">
     <span class='ocr_line' id='line_1_6' title="bbox 304 496 1692 541; baseline -0.004 -9"><span class='ocrx_word' id='word_1_20' title='bbox 304 511 415 533; x_wconf 85' lang='lat' dir='ltr'><strong>coram</strong></span> <span class='ocrx_word' id='word_1_21' title='bbox 438 501 460 533; x_wconf 91' lang='lat' dir='ltr'><strong>J</strong></span> <span class='ocrx_word' id='word_1_22' title='bbox 465 500 641 532; x_wconf 85' lang='lat' dir='ltr'><strong>usticiariis</strong></span> <span class='ocrx_word' id='word_1_23' title='bbox 663 500 788 531; x_wconf 84' lang='lat' dir='ltr'><strong>nostris</strong></span> <span class='ocrx_word' id='word_1_24' title='bbox 810 500 900 541; x_wconf 89' lang='lat' dir='ltr'><strong>apud</strong></span> <span class='ocrx_word' id='word_1_25' title='bbox 927 499 1266 531; x_wconf 81' lang='lat' dir='ltr'><strong>Westmonasterium</strong></span> <span class='ocrx_word' id='word_1_26' title='bbox 1289 497 1519 529; x_wconf 73' lang='lat' dir='ltr'>summonitus</span> <span class='ocrx_word' id='word_1_27' title='bbox 1545 499 1634 527; x_wconf 86' lang='lat' dir='ltr'><strong>esset</strong></span> <span class='ocrx_word' id='word_1_28' title='bbox 1648 496 1692 527; x_wconf 81' lang='lat' dir='ltr'><strong>ad</strong></span> 
     </span>
     <span class='ocr_line' id='line_1_7' title="bbox 305 539 1692 586; baseline -0.004 -10"><span class='ocrx_word' id='word_1_29' title='bbox 305 544 577 586; x_wconf 87' lang='lat' dir='ltr'><strong>respondendum</strong></span> <span class='ocrx_word' id='word_1_30' title='bbox 595 543 721 583; x_wconf 79' lang='lat' dir='ltr'><strong>sibine,</strong></span> <span class='ocrx_word' id='word_1_31' title='bbox 738 544 805 575; x_wconf 88' lang='lat' dir='ltr'><strong>filie</strong></span> <span class='ocrx_word' id='word_1_32' title='bbox 820 546 855 575; x_wconf 90' lang='lat' dir='ltr'><strong>et</strong></span> <span class='ocrx_word' id='word_1_33' title='bbox 870 544 1002 575; x_wconf 85' lang='lat' dir='ltr'><strong>heredis</strong></span> <span class='ocrx_word' id='word_1_34' title='bbox 1014 542 1180 574; x_wconf 79' lang='lat' dir='ltr'><strong>Johannis</strong></span> <span class='ocrx_word' id='word_1_35' title='bbox 1200 542 1469 582; x_wconf 84' lang='lat' dir='ltr'><strong>Mongomeraye,</strong></span> <span class='ocrx_word' id='word_1_36' title='bbox 1488 540 1530 571; x_wconf 88' lang='lat' dir='ltr'><strong>de</strong></span> <span class='ocrx_word' id='word_1_37' title='bbox 1547 550 1585 570; x_wconf 90' lang='lat' dir='ltr'><strong>eo</strong></span> <span class='ocrx_word' id='word_1_38' title='bbox 1601 539 1692 581; x_wconf 86' lang='lat' dir='ltr'><strong>quod</strong></span> 
     </span>
     <span class='ocr_line' id='line_1_8' title="bbox 303 583 1693 629; baseline -0.004 -10"><span class='ocrx_word' id='word_1_39' title='bbox 303 589 461 620; x_wconf 83' lang='lat' dir='ltr'><strong>redderet</strong></span> <span class='ocrx_word' id='word_1_40' title='bbox 486 588 517 618; x_wconf 87' lang='lat' dir='ltr'><strong>ei</strong></span> <span class='ocrx_word' id='word_1_41' title='bbox 543 587 765 628; x_wconf 81' lang='lat' dir='ltr'><strong>quadraginta</strong></span> <span class='ocrx_word' id='word_1_42' title='bbox 791 587 914 618; x_wconf 90' lang='lat' dir='ltr'><strong>solidos</strong></span> <span class='ocrx_word' id='word_1_43' title='bbox 941 597 1026 629; x_wconf 82' lang='lat' dir='ltr'><strong>quos</strong></span> <span class='ocrx_word' id='word_1_44' title='bbox 1049 586 1080 618; x_wconf 91' lang='lat' dir='ltr'><strong>ei</strong></span> <span class='ocrx_word' id='word_1_45' title='bbox 1103 586 1205 617; x_wconf 90' lang='lat' dir='ltr'><strong>debet</strong></span> <span class='ocrx_word' id='word_1_46' title='bbox 1232 589 1268 617; x_wconf 93' lang='lat' dir='ltr'><strong>et</strong></span> <span class='ocrx_word' id='word_1_47' title='bbox 1288 585 1416 626; x_wconf 83' lang='lat' dir='ltr'><strong>injuste</strong></span> <span class='ocrx_word' id='word_1_48' title='bbox 1443 584 1585 622; x_wconf 76' lang='lat' dir='ltr'>detinet,</span> <span class='ocrx_word' id='word_1_49' title='bbox 1603 583 1693 614; x_wconf 90' lang='lat' dir='ltr'><strong>idem</strong></span> 
     </span>
     <span class='ocr_line' id='line_1_9' title="bbox 304 627 1692 671; baseline -0.004 -8"><span class='ocrx_word' id='word_1_50' title='bbox 304 632 413 664; x_wconf 86' lang='lat' dir='ltr'><strong>Adam</strong></span> <span class='ocrx_word' id='word_1_51' title='bbox 430 631 524 662; x_wconf 82' lang='lat' dir='ltr'><strong>venit</strong></span> <span class='ocrx_word' id='word_1_52' title='bbox 538 631 573 662; x_wconf 91' lang='lat' dir='ltr'><strong>in</strong></span> <span class='ocrx_word' id='word_1_53' title='bbox 588 631 706 662; x_wconf 82' lang='lat' dir='ltr'><strong>eadem</strong></span> <span class='ocrx_word' id='word_1_54' title='bbox 723 631 824 662; x_wconf 87' lang='lat' dir='ltr'><strong>Curia</strong></span> <span class='ocrx_word' id='word_1_55' title='bbox 839 634 955 662; x_wconf 83' lang='lat' dir='ltr'><strong>nostra</strong></span> <span class='ocrx_word' id='word_1_56' title='bbox 969 634 1004 662; x_wconf 88' lang='lat' dir='ltr'><strong>et</strong></span> <span class='ocrx_word' id='word_1_57' title='bbox 1019 630 1107 662; x_wconf 85' lang='lat' dir='ltr'><strong>dixit</strong></span> <span class='ocrx_word' id='word_1_58' title='bbox 1122 630 1213 671; x_wconf 91' lang='lat' dir='ltr'><strong>quod</strong></span> <span class='ocrx_word' id='word_1_59' title='bbox 1230 629 1380 670; x_wconf 87' lang='lat' dir='ltr'><strong>predicta</strong></span> <span class='ocrx_word' id='word_1_60' title='bbox 1395 628 1512 660; x_wconf 87' lang='lat' dir='ltr'><strong>Sibilla</strong></span> <span class='ocrx_word' id='word_1_61' title='bbox 1524 627 1692 658; x_wconf 83' lang='lat' dir='ltr'>accionem</span> 
     </span>
     <span class='ocr_line' id='line_1_10' title="bbox 304 670 1694 715; baseline -0.004 -8"><span class='ocrx_word' id='word_1_62' title='bbox 304 676 348 707; x_wconf 78' lang='lat' dir='ltr'><strong>de</strong></span> <span class='ocrx_word' id='word_1_63' title='bbox 374 675 491 707; x_wconf 86' lang='lat' dir='ltr'><strong>debito</strong></span> <span class='ocrx_word' id='word_1_64' title='bbox 518 674 668 715; x_wconf 88' lang='lat' dir='ltr'><strong>predicto</strong></span> <span class='ocrx_word' id='word_1_65' title='bbox 695 685 810 706; x_wconf 90' lang='lat' dir='ltr'><strong>versus</strong></span> <span class='ocrx_word' id='word_1_66' title='bbox 836 685 914 706; x_wconf 89' lang='lat' dir='ltr'><strong>eum</strong></span> <span class='ocrx_word' id='word_1_67' title='bbox 940 674 1062 706; x_wconf 88' lang='lat' dir='ltr'><strong>habere</strong></span> <span class='ocrx_word' id='word_1_68' title='bbox 1083 684 1151 704; x_wconf 91' lang='lat' dir='ltr'><strong>non</strong></span> <span class='ocrx_word' id='word_1_69' title='bbox 1173 673 1295 704; x_wconf 88' lang='lat' dir='ltr'><strong>debuit</strong></span> <span class='ocrx_word' id='word_1_70' title='bbox 1309 683 1318 711; x_wconf 90' lang='lat'>;</span> <span class='ocrx_word' id='word_1_71' title='bbox 1349 672 1446 711; x_wconf 91' lang='lat' dir='ltr'><strong>dixit,</strong></span> <span class='ocrx_word' id='word_1_72' title='bbox 1473 671 1574 710; x_wconf 87' lang='lat' dir='ltr'><strong>enim,</strong></span> <span class='ocrx_word' id='word_1_73' title='bbox 1603 670 1694 712; x_wconf 90' lang='lat' dir='ltr'><strong>quod</strong></span> 
     </span>
     <span class='ocr_line' id='line_1_11' title="bbox 305 714 1692 759; baseline -0.004 -8"><span class='ocrx_word' id='word_1_74' title='bbox 305 719 422 751; x_wconf 82' lang='lat' dir='ltr'><strong>eadem</strong></span> <span class='ocrx_word' id='word_1_75' title='bbox 439 718 556 751; x_wconf 90' lang='lat' dir='ltr'><strong>Sibilla</strong></span> <span class='ocrx_word' id='word_1_76' title='bbox 570 718 640 750; x_wconf 85' lang='lat' dir='ltr'><strong>fuit</strong></span> <span class='ocrx_word' id='word_1_77' title='bbox 655 721 811 758; x_wconf 84' lang='lat' dir='ltr'><strong>cooperta</strong></span> <span class='ocrx_word' id='word_1_78' title='bbox 825 719 868 750; x_wconf 90' lang='lat' dir='ltr'><strong>de</strong></span> <span class='ocrx_word' id='word_1_79' title='bbox 883 718 1031 759; x_wconf 88' lang='lat' dir='ltr'><strong>quodam</strong></span> <span class='ocrx_word' id='word_1_80' title='bbox 1053 717 1184 749; x_wconf 87' lang='lat' dir='ltr'><strong>Thoma</strong></span> <span class='ocrx_word' id='word_1_81' title='bbox 1203 717 1297 757; x_wconf 75' lang='lat' dir='ltr'><strong>Lyfe,</strong></span> <span class='ocrx_word' id='word_1_82' title='bbox 1315 716 1386 747; x_wconf 86' lang='lat' dir='ltr'><strong>viro</strong></span> <span class='ocrx_word' id='word_1_83' title='bbox 1407 726 1479 754; x_wconf 91' lang='lat' dir='ltr'><strong>su0,</strong></span> <span class='ocrx_word' id='word_1_84' title='bbox 1496 725 1563 746; x_wconf 90' lang='lat' dir='ltr'><strong>non</strong></span> <span class='ocrx_word' id='word_1_85' title='bbox 1587 714 1692 745; x_wconf 89' lang='lat' dir='ltr'><strong>nomi·</strong></span> 
     </span>
     <span class='ocr_line' id='line_1_12' title="bbox 305 758 1693 803; baseline -0.004 -9"><span class='ocrx_word' id='word_1_86' title='bbox 305 766 387 795; x_wconf 72' lang='lat' dir='ltr'><strong>nato</strong></span> <span class='ocrx_word' id='word_1_87' title='bbox 409 762 444 794; x_wconf 89' lang='lat' dir='ltr'><strong>in</strong></span> <span class='ocrx_word' id='word_1_88' title='bbox 468 762 567 794; x_wconf 84' lang='lat' dir='ltr'>Brevi</span> <span class='ocrx_word' id='word_1_89' title='bbox 589 772 660 802; x_wconf 89' lang='lat' dir='ltr'><strong>suo,</strong></span> <span class='ocrx_word' id='word_1_90' title='bbox 677 762 823 803; x_wconf 88' lang='lat' dir='ltr'><strong>petendo</strong></span> <span class='ocrx_word' id='word_1_91' title='bbox 837 762 1005 803; x_wconf 84' lang='lat' dir='ltr'><strong>judicium</strong></span> <span class='ocrx_word' id='word_1_92' title='bbox 1027 761 1070 792; x_wconf 90' lang='lat' dir='ltr'><strong>de</strong></span> <span class='ocrx_word' id='word_1_93' title='bbox 1092 761 1208 792; x_wconf 89' lang='lat' dir='ltr'><strong>eodem</strong></span> <span class='ocrx_word' id='word_1_94' title='bbox 1227 760 1335 792; x_wconf 84' lang='lat' dir='ltr'><strong>Brevi.</strong></span> <span class='ocrx_word' id='word_1_95' title='bbox 1398 759 1452 791; x_wconf 88' lang='lat' dir='ltr'><strong>Ad</strong></span> <span class='ocrx_word' id='word_1_96' title='bbox 1468 759 1559 800; x_wconf 89' lang='lat' dir='ltr'><strong>quod</strong></span> <span class='ocrx_word' id='word_1_97' title='bbox 1577 758 1693 789; x_wconf 86' lang='lat' dir='ltr'><strong>eadem</strong></span> 
     </span>
     <span class='ocr_line' id='line_1_13' title="bbox 306 803 1693 846; baseline -0.004 -8"><span class='ocrx_word' id='word_1_98' title='bbox 306 806 433 846; x_wconf 85' lang='lat' dir='ltr'><strong>Sibilla,</strong></span> <span class='ocrx_word' id='word_1_99' title='bbox 456 806 491 837; x_wconf 89' lang='lat' dir='ltr'><strong>in</strong></span> <span class='ocrx_word' id='word_1_100' title='bbox 516 805 618 838; x_wconf 86' lang='lat' dir='ltr'><strong>Curia</strong></span> <span class='ocrx_word' id='word_1_101' title='bbox 640 809 755 837; x_wconf 83' lang='lat' dir='ltr'><strong>nostra</strong></span> <span class='ocrx_word' id='word_1_102' title='bbox 777 806 938 846; x_wconf 87' lang='lat' dir='ltr'><strong>predicta,</strong></span> <span class='ocrx_word' id='word_1_103' title='bbox 961 805 1176 846; x_wconf 87' lang='lat' dir='ltr'><strong>repplicando</strong></span> <span class='ocrx_word' id='word_1_104' title='bbox 1198 804 1286 842; x_wconf 78' lang='lat' dir='ltr'><strong>dixit</strong></span> <span class='ocrx_word' id='word_1_105' title='bbox 1308 803 1399 844; x_wconf 92' lang='lat' dir='ltr'><strong>quod</strong></span> <span class='ocrx_word' id='word_1_106' title='bbox 1422 803 1494 844; x_wconf 87' lang='lat' dir='ltr'><strong>ipsa</strong></span> <span class='ocrx_word' id='word_1_107' title='bbox 1517 811 1693 843; x_wconf 86' lang='lat' dir='ltr'><strong>nunquam</strong></span> 
     </span>
     <span class='ocr_line' id='line_1_14' title="bbox 306 845 1695 891; baseline -0.004 -10"><span class='ocrx_word' id='word_1_108' title='bbox 306 850 376 882; x_wconf 79' lang='lat' dir='ltr'><strong>fuit</strong></span> <span class='ocrx_word' id='word_1_109' title='bbox 392 849 522 891; x_wconf 79' lang='lat' dir='ltr'><strong>prefato</strong></span> <span class='ocrx_word' id='word_1_110' title='bbox 537 849 666 881; x_wconf 89' lang='lat' dir='ltr'><strong>Thome</strong></span> <span class='ocrx_word' id='word_1_111' title='bbox 681 849 832 890; x_wconf 85' lang='lat' dir='ltr'><strong>legitimo</strong></span> <span class='ocrx_word' id='word_1_112' title='bbox 847 849 1062 880; x_wconf 87' lang='lat' dir='ltr'><strong>matrimonio</strong></span> <span class='ocrx_word' id='word_1_113' title='bbox 1079 848 1245 889; x_wconf 78' lang='lat' dir='ltr'><strong>copulata,</strong></span> <span class='ocrx_word' id='word_1_114' title='bbox 1262 850 1298 878; x_wconf 89' lang='lat' dir='ltr'><strong>et</strong></span> <span class='ocrx_word' id='word_1_115' title='bbox 1317 847 1380 878; x_wconf 91' lang='lat' dir='ltr'><strong>hoc</strong></span> <span class='ocrx_word' id='word_1_116' title='bbox 1399 846 1586 878; x_wconf 87' lang='lat' dir='ltr'><strong>secundum</strong></span> <span class='ocrx_word' id='word_1_117' title='bbox 1603 845 1695 886; x_wconf 87' lang='lat' dir='ltr'><strong>quod</strong></span> 
     </span>
     <span class='ocr_line' id='line_1_15' title="bbox 309 889 1696 933; baseline -0.004 -8"><span class='ocrx_word' id='word_1_118' title='bbox 309 894 411 926; x_wconf 81' lang='lat' dir='ltr'><strong>Curia</strong></span> <span class='ocrx_word' id='word_1_119' title='bbox 432 897 546 925; x_wconf 82' lang='lat' dir='ltr'><strong>nostra</strong></span> <span class='ocrx_word' id='word_1_120' title='bbox 569 893 793 924; x_wconf 74' lang='lat' dir='ltr'>consideraret</span> <span class='ocrx_word' id='word_1_121' title='bbox 815 892 982 924; x_wconf 80' lang='lat' dir='ltr'><strong>verificare</strong></span> <span class='ocrx_word' id='word_1_122' title='bbox 1006 891 1235 933; x_wconf 87' lang='lat' dir='ltr'><strong>pretendebat.</strong></span> <span class='ocrx_word' id='word_1_123' title='bbox 1283 891 1409 922; x_wconf 86' lang='lat' dir='ltr'><strong>Contra</strong></span> <span class='ocrx_word' id='word_1_124' title='bbox 1429 890 1520 931; x_wconf 88' lang='lat' dir='ltr'><strong>quod</strong></span> <span class='ocrx_word' id='word_1_125' title='bbox 1544 889 1696 930; x_wconf 85' lang='lat' dir='ltr'><strong>prefatus</strong></span> 
     </span>
     <span class='ocr_line' id='line_1_16' title="bbox 308 932 1697 977; baseline -0.004 -8"><span class='ocrx_word' id='word_1_126' title='bbox 308 937 428 977; x_wconf 86' lang='lat' dir='ltr'><strong>Adam,</strong></span> <span class='ocrx_word' id='word_1_127' title='bbox 444 937 478 968; x_wconf 90' lang='lat' dir='ltr'><strong>in</strong></span> <span class='ocrx_word' id='word_1_128' title='bbox 495 937 611 968; x_wconf 84' lang='lat' dir='ltr'><strong>eadem</strong></span> <span class='ocrx_word' id='word_1_129' title='bbox 628 936 730 969; x_wconf 81' lang='lat' dir='ltr'><strong>Curia</strong></span> <span class='ocrx_word' id='word_1_130' title='bbox 745 939 860 968; x_wconf 85' lang='lat' dir='ltr'><strong>nostra</strong></span> <span class='ocrx_word' id='word_1_131' title='bbox 879 936 1122 977; x_wconf 86' lang='lat' dir='ltr'><strong>respondendo,</strong></span> <span class='ocrx_word' id='word_1_132' title='bbox 1140 935 1228 967; x_wconf 90' lang='lat' dir='ltr'><strong>dixit</strong></span> <span class='ocrx_word' id='word_1_133' title='bbox 1243 935 1334 976; x_wconf 87' lang='lat' dir='ltr'><strong>quod</strong></span> <span class='ocrx_word' id='word_1_134' title='bbox 1355 934 1506 975; x_wconf 83' lang='lat' dir='ltr'><strong>predicta</strong></span> <span class='ocrx_word' id='word_1_135' title='bbox 1522 933 1640 966; x_wconf 89' lang='lat' dir='ltr'><strong>Sibilla</strong></span> <span class='ocrx_word' id='word_1_136' title='bbox 1654 932 1697 963; x_wconf 89' lang='lat' dir='ltr'><strong>ad</strong></span> 
     </span>
     <span class='ocr_line' id='line_1_17' title="bbox 307 976 1696 1017; baseline -0.004 -5"><span class='ocrx_word' id='word_1_137' title='bbox 307 981 434 1012; x_wconf 88' lang='lat' dir='ltr'><strong>ostium</strong></span> <span class='ocrx_word' id='word_1_138' title='bbox 447 980 593 1012; x_wconf 86' lang='lat' dir='ltr'><strong>Ecclesie</strong></span> <span class='ocrx_word' id='word_1_139' title='bbox 609 980 723 1011; x_wconf 80' lang='lat' dir='ltr'><strong>Sancti</strong></span> <span class='ocrx_word' id='word_1_140' title='bbox 735 979 936 1011; x_wconf 87' lang='lat' dir='ltr'><strong>Wonewalai</strong></span> <span class='ocrx_word' id='word_1_141' title='bbox 947 979 990 1011; x_wconf 90' lang='lat' dir='ltr'><strong>de</strong></span> <span class='ocrx_word' id='word_1_142' title='bbox 1003 978 1287 1017; x_wconf 84' lang='lat' dir='ltr'><strong>Portelemouthe,</strong></span> <span class='ocrx_word' id='word_1_143' title='bbox 1300 978 1335 1009; x_wconf 92' lang='lat' dir='ltr'><strong>in</strong></span> <span class='ocrx_word' id='word_1_144' title='bbox 1350 978 1521 1009; x_wconf 78' lang='lat' dir='ltr'><strong>comitatu</strong></span> <span class='ocrx_word' id='word_1_145' title='bbox 1537 976 1696 1015; x_wconf 89' lang='lat' dir='ltr'><strong>Devonie‚</strong></span> 
     </span>
     <span class='ocr_line' id='line_1_18' title="bbox 308 1020 1696 1065; baseline -0.004 -9"><span class='ocrx_word' id='word_1_146' title='bbox 308 1025 342 1056; x_wconf 94' lang='lat' dir='ltr'><strong>in</strong></span> <span class='ocrx_word' id='word_1_147' title='bbox 359 1024 490 1056; x_wconf 86' lang='lat' dir='ltr'><strong>Diocesi</strong></span> <span class='ocrx_word' id='word_1_148' title='bbox 509 1028 630 1063; x_wconf 84' lang='lat' dir='ltr'><strong>vestra,</strong></span> <span class='ocrx_word' id='word_1_149' title='bbox 646 1024 715 1055; x_wconf 82' lang='lat' dir='ltr'><strong>fuit</strong></span> <span class='ocrx_word' id='word_1_150' title='bbox 738 1024 869 1065; x_wconf 81' lang='lat' dir='ltr'><strong>prefato</strong></span> <span class='ocrx_word' id='word_1_151' title='bbox 891 1023 1020 1055; x_wconf 90' lang='lat' dir='ltr'><strong>Thome</strong></span> <span class='ocrx_word' id='word_1_152' title='bbox 1043 1023 1195 1064; x_wconf 87' lang='lat' dir='ltr'><strong>legitimo</strong></span> <span class='ocrx_word' id='word_1_153' title='bbox 1211 1022 1426 1053; x_wconf 80' lang='lat' dir='ltr'><strong>matrimonio</strong></span> <span class='ocrx_word' id='word_1_154' title='bbox 1441 1021 1606 1062; x_wconf 88' lang='lat' dir='ltr'><strong>copulata,</strong></span> <span class='ocrx_word' id='word_1_155' title='bbox 1623 1020 1696 1059; x_wconf 89' lang='lat' dir='ltr'><strong>hoc,</strong></span> 
     </span>
     <span class='ocr_line' id='line_1_19' title="bbox 308 1063 1698 1110; baseline -0.004 -10"><span class='ocrx_word' id='word_1_156' title='bbox 308 1071 410 1110; x_wconf 88' lang='lat' dir='ltr'><strong>prout</strong></span> <span class='ocrx_word' id='word_1_157' title='bbox 427 1068 528 1100; x_wconf 88' lang='lat' dir='ltr'><strong>Curia</strong></span> <span class='ocrx_word' id='word_1_158' title='bbox 542 1072 657 1099; x_wconf 82' lang='lat' dir='ltr'><strong>nostra</strong></span> <span class='ocrx_word' id='word_1_159' title='bbox 672 1068 822 1108; x_wconf 82' lang='lat' dir='ltr'><strong>predicta</strong></span> <span class='ocrx_word' id='word_1_160' title='bbox 837 1067 1072 1106; x_wconf 79' lang='lat' dir='ltr'><strong>consideraret,</strong></span> <span class='ocrx_word' id='word_1_161' title='bbox 1087 1066 1254 1098; x_wconf 82' lang='lat' dir='ltr'><strong>verificare</strong></span> <span class='ocrx_word' id='word_1_162' title='bbox 1270 1065 1509 1106; x_wconf 89' lang='lat' dir='ltr'><strong>pretendendo.</strong></span> <span class='ocrx_word' id='word_1_163' title='bbox 1549 1065 1605 1103; x_wconf 90' lang='lat' dir='ltr'><strong>Et,</strong></span> <span class='ocrx_word' id='word_1_164' title='bbox 1617 1063 1698 1104; x_wconf 87' lang='lat' dir='ltr'><strong>quia</strong></span> 
     </span>
     <span class='ocr_line' id='line_1_20' title="bbox 308 1108 1697 1153; baseline -0.004 -9"><span class='ocrx_word' id='word_1_165' title='bbox 308 1111 507 1153; x_wconf 84' lang='lat' dir='ltr'><strong>hujusmodi</strong></span> <span class='ocrx_word' id='word_1_166' title='bbox 523 1111 631 1144; x_wconf 86' lang='lat' dir='ltr'><strong>Cause</strong></span> <span class='ocrx_word' id='word_1_167' title='bbox 646 1111 794 1152; x_wconf 86' lang='lat' dir='ltr'><strong>cognicio</strong></span> <span class='ocrx_word' id='word_1_168' title='bbox 812 1112 854 1142; x_wconf 88' lang='lat' dir='ltr'><strong>ad</strong></span> <span class='ocrx_word' id='word_1_169' title='bbox 875 1111 988 1142; x_wconf 75' lang='lat' dir='ltr'><strong>forum</strong></span> <span class='ocrx_word' id='word_1_170' title='bbox 1006 1113 1137 1151; x_wconf 89' lang='lat' dir='ltr'><strong>spectat</strong></span> <span class='ocrx_word' id='word_1_171' title='bbox 1152 1109 1435 1148; x_wconf 70' lang='lat' dir='ltr'><strong>Ecclesiusticum,</strong></span> <span class='ocrx_word' id='word_1_172' title='bbox 1451 1108 1546 1140; x_wconf 89' lang='lat' dir='ltr'><strong>vobis</strong></span> <span class='ocrx_word' id='word_1_173' title='bbox 1562 1108 1697 1139; x_wconf 88' lang='lat' dir='ltr'><strong>manda-</strong></span> 
     </span>
     <span class='ocr_line' id='line_1_21' title="bbox 308 1152 1698 1197; baseline -0.003 -10"><span class='ocrx_word' id='word_1_174' title='bbox 308 1166 386 1187; x_wconf 88' lang='lat' dir='ltr'><strong>mus</strong></span> <span class='ocrx_word' id='word_1_175' title='bbox 401 1156 502 1197; x_wconf 90' lang='lat' dir='ltr'><strong>quod,</strong></span> <span class='ocrx_word' id='word_1_176' title='bbox 519 1155 709 1187; x_wconf 89' lang='lat' dir='ltr'><strong>convocatis</strong></span> <span class='ocrx_word' id='word_1_177' title='bbox 725 1165 836 1186; x_wconf 85' lang='lat' dir='ltr'><strong>coram</strong></span> <span class='ocrx_word' id='word_1_178' title='bbox 853 1155 947 1186; x_wconf 86' lang='lat' dir='ltr'><strong>vobis</strong></span> <span class='ocrx_word' id='word_1_179' title='bbox 961 1154 996 1186; x_wconf 91' lang='lat' dir='ltr'><strong>in</strong></span> <span class='ocrx_word' id='word_1_180' title='bbox 1018 1155 1081 1186; x_wconf 85' lang='lat' dir='ltr'><strong>hac</strong></span> <span class='ocrx_word' id='word_1_181' title='bbox 1098 1157 1194 1195; x_wconf 86' lang='lat' dir='ltr'><strong>parte</strong></span> <span class='ocrx_word' id='word_1_182' title='bbox 1209 1153 1440 1192; x_wconf 83' lang='lat' dir='ltr'><strong>convocandis,</strong></span> <span class='ocrx_word' id='word_1_183' title='bbox 1456 1153 1505 1183; x_wconf 89' lang='lat' dir='ltr'><strong>rei</strong></span> <span class='ocrx_word' id='word_1_184' title='bbox 1520 1152 1698 1183; x_wconf 85' lang='lat' dir='ltr'><strong>veritatem</strong></span> 
     </span>
     <span class='ocr_line' id='line_1_22' title="bbox 309 1196 1697 1240; baseline -0.004 -9"><span class='ocrx_word' id='word_1_185' title='bbox 309 1209 410 1240; x_wconf 90' lang='lat' dir='ltr'><strong>super</strong></span> <span class='ocrx_word' id='word_1_186' title='bbox 434 1199 613 1240; x_wconf 83' lang='lat' dir='ltr'><strong>premissis,</strong></span> <span class='ocrx_word' id='word_1_187' title='bbox 630 1203 665 1229; x_wconf 91' lang='lat' dir='ltr'><strong>et</strong></span> <span class='ocrx_word' id='word_1_188' title='bbox 690 1199 870 1239; x_wconf 81' lang='lat' dir='ltr'><strong>diligenter</strong></span> <span class='ocrx_word' id='word_1_189' title='bbox 894 1198 1083 1240; x_wconf 85' lang='lat' dir='ltr'><strong>inquiratis,</strong></span> <span class='ocrx_word' id='word_1_190' title='bbox 1100 1201 1136 1230; x_wconf 91' lang='lat' dir='ltr'><strong>et</strong></span> <span class='ocrx_word' id='word_1_191' title='bbox 1159 1197 1243 1238; x_wconf 89' lang='lat' dir='ltr'><strong>qnid</strong></span> <span class='ocrx_word' id='word_1_192' title='bbox 1269 1196 1348 1228; x_wconf 91' lang='lat' dir='ltr'><strong>inde</strong></span> <span class='ocrx_word' id='word_1_193' title='bbox 1375 1196 1595 1238; x_wconf 79' lang='lat' dir='ltr'><strong>inquisieritis</strong></span> <span class='ocrx_word' id='word_1_194' title='bbox 1621 1206 1697 1227; x_wconf 89' lang='lat' dir='ltr'><strong>con-</strong></span> 
     </span>
     <span class='ocr_line' id='line_1_23' title="bbox 310 1239 1699 1283; baseline -0.003 -9"><span class='ocrx_word' id='word_1_195' title='bbox 310 1246 399 1274; x_wconf 82' lang='lat' dir='ltr'><strong>stare</strong></span> <span class='ocrx_word' id='word_1_196' title='bbox 424 1243 555 1275; x_wconf 75' lang='lat' dir='ltr'><strong>faciatis</strong></span> <span class='ocrx_word' id='word_1_197' title='bbox 581 1242 602 1275; x_wconf 92' lang='lat' dir='ltr'><strong>J</strong></span> <span class='ocrx_word' id='word_1_198' title='bbox 607 1243 783 1274; x_wconf 80' lang='lat' dir='ltr'><strong>usticiariis</strong></span> <span class='ocrx_word' id='word_1_199' title='bbox 809 1243 934 1274; x_wconf 86' lang='lat' dir='ltr'><strong>nostris</strong></span> <span class='ocrx_word' id='word_1_200' title='bbox 959 1242 1051 1283; x_wconf 89' lang='lat' dir='ltr'><strong>apud</strong></span> <span class='ocrx_word' id='word_1_201' title='bbox 1078 1240 1426 1279; x_wconf 86' lang='lat' dir='ltr'><strong>Westmonasterium‚</strong></span> <span class='ocrx_word' id='word_1_202' title='bbox 1460 1250 1481 1271; x_wconf 89' lang='lat' dir='ltr'><strong>a</strong></span> <span class='ocrx_word' id='word_1_203' title='bbox 1507 1240 1561 1271; x_wconf 88' lang='lat' dir='ltr'><strong>die</strong></span> <span class='ocrx_word' id='word_1_204' title='bbox 1583 1239 1699 1271; x_wconf 88' lang='lat' dir='ltr'><strong>Sancti</strong></span> 
     </span>
     <span class='ocr_line' id='line_1_24' title="bbox 311 1282 1699 1326; baseline -0.003 -8"><span class='ocrx_word' id='word_1_205' title='bbox 311 1286 446 1318; x_wconf 90' lang='lat' dir='ltr'><strong>Hillarii</strong></span> <span class='ocrx_word' id='word_1_206' title='bbox 460 1286 495 1318; x_wconf 91' lang='lat' dir='ltr'><strong>in</strong></span> <span class='ocrx_word' id='word_1_207' title='bbox 512 1296 557 1318; x_wconf 86' lang='lat' dir='ltr'><strong>xv</strong></span> <span class='ocrx_word' id='word_1_208' title='bbox 572 1286 652 1325; x_wconf 89' lang='lat' dir='ltr'><strong>dies,</strong></span> <span class='ocrx_word' id='word_1_209' title='bbox 669 1297 728 1326; x_wconf 88' lang='lat' dir='ltr'><strong>per</strong></span> <span class='ocrx_word' id='word_1_210' title='bbox 744 1286 872 1317; x_wconf 80' lang='lat' dir='ltr'><strong>Literas</strong></span> <span class='ocrx_word' id='word_1_211' title='bbox 887 1288 1015 1317; x_wconf 74' lang='lat' dir='ltr'><strong>vestras</strong></span> <span class='ocrx_word' id='word_1_212' title='bbox 1031 1287 1186 1326; x_wconf 86' lang='lat' dir='ltr'><strong>patentes</strong></span> <span class='ocrx_word' id='word_1_213' title='bbox 1197 1288 1233 1316; x_wconf 93' lang='lat' dir='ltr'><strong>et</strong></span> <span class='ocrx_word' id='word_1_214' title='bbox 1248 1284 1385 1316; x_wconf 82' lang='lat' dir='ltr'><strong>clausas.</strong></span> <span class='ocrx_word' id='word_1_215' title='bbox 1425 1284 1471 1314; x_wconf 91' lang='lat' dir='ltr'><strong>Et</strong></span> <span class='ocrx_word' id='word_1_216' title='bbox 1486 1283 1637 1314; x_wconf 79' lang='lat' dir='ltr'><strong>habeatis</strong></span> <span class='ocrx_word' id='word_1_217' title='bbox 1652 1282 1699 1314; x_wconf 92' lang='lat' dir='ltr'><strong>ibi</strong></span> 
     </span>
     <span class='ocr_line' id='line_1_25' title="bbox 311 1327 1595 1370; baseline -0.002 -9"><span class='ocrx_word' id='word_1_218' title='bbox 311 1330 375 1362; x_wconf 87' lang='lat' dir='ltr'><strong>hoc</strong></span> <span class='ocrx_word' id='word_1_219' title='bbox 391 1330 686 1368; x_wconf 81' lang='lat' dir='ltr'><strong>Breve.—Tested,</strong></span> <span class='ocrx_word' id='word_1_220' title='bbox 703 1332 740 1361; x_wconf 90' lang='lat' dir='ltr'><strong>at</strong></span> <span class='ocrx_word' id='word_1_221' title='bbox 756 1330 1003 1369; x_wconf 80' lang='lat' dir='ltr'><strong>westminster,</strong></span> <span class='ocrx_word' id='word_1_222' title='bbox 1019 1329 1064 1370; x_wconf 80' lang='lat' dir='ltr'><strong>by</strong></span> <span class='ocrx_word' id='word_1_223' title='bbox 1082 1329 1133 1361; x_wconf 88' lang='lat' dir='ltr'><strong>W.</strong></span> <span class='ocrx_word' id='word_1_224' title='bbox 1149 1329 1192 1360; x_wconf 85' lang='lat' dir='ltr'><strong>de</strong></span> <span class='ocrx_word' id='word_1_225' title='bbox 1210 1327 1445 1369; x_wconf 85' lang='lat' dir='ltr'><strong>Fynchedeue,</strong></span> <span class='ocrx_word' id='word_1_226' title='bbox 1465 1328 1504 1359; x_wconf 92' lang='lat'><strong>18</strong></span> <span class='ocrx_word' id='word_1_227' title='bbox 1522 1328 1595 1359; x_wconf 87' lang='lat' dir='ltr'><strong>Oct.</strong></span> 
     </span>
    </p>
   </div>
   <div class='ocr_carea' id='block_1_6' title="bbox 267 1370 1698 1414">
    <p class='ocr_par' dir='ltr' id='par_1_6' title="bbox 267 1370 1698 1414">
     <span class='ocr_line' id='line_1_26' title="bbox 267 1370 1698 1414; baseline -0.003 -9"><span class='ocrx_word' id='word_1_228' title='bbox 267 1373 339 1406; x_wconf 88' lang='lat' dir='ltr'><strong>The</strong></span> <span class='ocrx_word' id='word_1_229' title='bbox 355 1373 490 1414; x_wconf 74' lang='lat' dir='ltr'><strong>Bisimp,</strong></span> <span class='ocrx_word' id='word_1_230' title='bbox 506 1373 606 1414; x_wconf 83' lang='lat' dir='ltr'><strong>being</strong></span> <span class='ocrx_word' id='word_1_231' title='bbox 623 1373 744 1404; x_wconf 86' lang='lat' dir='ltr'><strong>unable</strong></span> <span class='ocrx_word' id='word_1_232' title='bbox 760 1377 796 1404; x_wconf 91' lang='lat' dir='ltr'><strong>to</strong></span> <span class='ocrx_word' id='word_1_233' title='bbox 811 1373 932 1404; x_wconf 90' lang='lat' dir='ltr'><strong>attend</strong></span> <span class='ocrx_word' id='word_1_234' title='bbox 945 1375 983 1404; x_wconf 90' lang='lat' dir='ltr'><strong>to</strong></span> <span class='ocrx_word' id='word_1_235' title='bbox 998 1372 1057 1404; x_wconf 85' lang='lat' dir='ltr'><strong>the</strong></span> <span class='ocrx_word' id='word_1_236' title='bbox 1072 1374 1198 1404; x_wconf 85' lang='lat' dir='ltr'><strong>matter</strong></span> <span class='ocrx_word' id='word_1_237' title='bbox 1213 1371 1358 1409; x_wconf 76' lang='lat' dir='ltr'><strong>himself,</strong></span> <span class='ocrx_word' id='word_1_238' title='bbox 1373 1374 1451 1402; x_wconf 87' lang='lat' dir='ltr'><strong>sent</strong></span> <span class='ocrx_word' id='word_1_239' title='bbox 1473 1370 1542 1401; x_wconf 87' lang='lat' dir='ltr'><strong>this</strong></span> <span class='ocrx_word' id='word_1_240' title='bbox 1558 1370 1647 1402; x_wconf 90' lang='lat' dir='ltr'><strong>Writ</strong></span> <span class='ocrx_word' id='word_1_241' title='bbox 1662 1373 1698 1401; x_wconf 94' lang='lat' dir='ltr'><strong>to</strong></span> 
     </span>
    </p>
   </div>
   <div class='ocr_carea' id='block_1_7' title="bbox 311 1413 1701 1590">
    <p class='ocr_par' dir='ltr' id='par_1_7' title="bbox 311 1413 1701 1590">
     <span class='ocr_line' id='line_1_27' title="bbox 311 1413 1701 1455; baseline -0.003 -7"><span class='ocrx_word' id='word_1_242' title='bbox 311 1417 370 1448; x_wconf 87' lang='lat' dir='ltr'><strong>the</strong></span> <span class='ocrx_word' id='word_1_243' title='bbox 392 1417 609 1449; x_wconf 85' lang='lat' dir='ltr'><strong>Archdeacon</strong></span> <span class='ocrx_word' id='word_1_244' title='bbox 632 1417 668 1448; x_wconf 78' lang='lat' dir='ltr'><strong>of</strong></span> <span class='ocrx_word' id='word_1_245' title='bbox 689 1417 815 1448; x_wconf 87' lang='lat' dir='ltr'><strong>Totnes</strong></span> <span class='ocrx_word' id='word_1_246' title='bbox 836 1417 902 1448; x_wconf 87' lang='lat' dir='ltr'><strong>and</strong></span> <span class='ocrx_word' id='word_1_247' title='bbox 926 1417 1052 1448; x_wconf 81' lang='lat' dir='ltr'><strong>Master</strong></span> <span class='ocrx_word' id='word_1_248' title='bbox 1074 1416 1203 1448; x_wconf 86' lang='lat' dir='ltr'><strong>Robert</strong></span> <span class='ocrx_word' id='word_1_249' title='bbox 1225 1415 1395 1455; x_wconf 87' lang='lat' dir='ltr'><strong>Direwyn,</strong></span> <span class='ocrx_word' id='word_1_250' title='bbox 1419 1413 1520 1452; x_wconf 86' lang='lat' dir='ltr'><strong>clerk,</strong></span> <span class='ocrx_word' id='word_1_251' title='bbox 1536 1414 1701 1454; x_wconf 87' lang='lat' dir='ltr'><strong>directing</strong></span> 
     </span>
     <span class='ocr_line' id='line_1_28' title="bbox 312 1457 1699 1500; baseline -0.003 -8"><span class='ocrx_word' id='word_1_252' title='bbox 312 1460 407 1492; x_wconf 88' lang='lat' dir='ltr'><strong>them</strong></span> <span class='ocrx_word' id='word_1_253' title='bbox 423 1463 460 1491; x_wconf 90' lang='lat' dir='ltr'><strong>to</strong></span> <span class='ocrx_word' id='word_1_254' title='bbox 475 1463 615 1492; x_wconf 90' lang='lat' dir='ltr'><strong>execute</strong></span> <span class='ocrx_word' id='word_1_255' title='bbox 630 1460 689 1492; x_wconf 88' lang='lat' dir='ltr'><strong>the</strong></span> <span class='ocrx_word' id='word_1_256' title='bbox 705 1470 806 1499; x_wconf 86' lang='lat' dir='ltr'><strong>same,</strong></span> <span class='ocrx_word' id='word_1_257' title='bbox 822 1460 890 1492; x_wconf 92' lang='lat' dir='ltr'><strong>and</strong></span> <span class='ocrx_word' id='word_1_258' title='bbox 905 1460 1024 1500; x_wconf 81' lang='lat' dir='ltr'><strong>certify</strong></span> <span class='ocrx_word' id='word_1_259' title='bbox 1041 1459 1111 1491; x_wconf 90' lang='lat' dir='ltr'><strong>him</strong></span> <span class='ocrx_word' id='word_1_260' title='bbox 1127 1470 1162 1490; x_wconf 88' lang='lat' dir='ltr'><strong>as</strong></span> <span class='ocrx_word' id='word_1_261' title='bbox 1178 1462 1215 1490; x_wconf 90' lang='lat' dir='ltr'><strong>to</strong></span> <span class='ocrx_word' id='word_1_262' title='bbox 1230 1459 1289 1490; x_wconf 89' lang='lat' dir='ltr'><strong>the</strong></span> <span class='ocrx_word' id='word_1_263' title='bbox 1304 1459 1412 1490; x_wconf 87' lang='lat' dir='ltr'><strong>result</strong></span> <span class='ocrx_word' id='word_1_264' title='bbox 1434 1458 1548 1489; x_wconf 81' lang='lat' dir='ltr'><strong>before</strong></span> <span class='ocrx_word' id='word_1_265' title='bbox 1572 1457 1699 1489; x_wconf 90' lang='lat' dir='ltr'><strong>Christ-</strong></span> 
     </span>
     <span class='ocr_line' id='line_1_29' title="bbox 312 1501 1700 1544; baseline -0.002 -9"><span class='ocrx_word' id='word_1_266' title='bbox 312 1504 646 1544; x_wconf 82' lang='lat' dir='ltr'><strong>mas-Day.—Dated</strong></span> <span class='ocrx_word' id='word_1_267' title='bbox 667 1507 704 1535; x_wconf 87' lang='lat' dir='ltr'><strong>at</strong></span> <span class='ocrx_word' id='word_1_268' title='bbox 726 1504 898 1543; x_wconf 76' lang='lat' dir='ltr'><strong>Crediton,</strong></span> <span class='ocrx_word' id='word_1_269' title='bbox 922 1504 963 1536; x_wconf 89' lang='lat'><strong>18</strong></span> <span class='ocrx_word' id='word_1_270' title='bbox 986 1503 1072 1536; x_wconf 79' lang='lat' dir='ltr'><strong>Nov.</strong></span> <span class='ocrx_word' id='word_1_271' title='bbox 1121 1503 1192 1534; x_wconf 85' lang='lat' dir='ltr'><strong>The</strong></span> <span class='ocrx_word' id='word_1_272' title='bbox 1222 1502 1466 1534; x_wconf 82' lang='lat' dir='ltr'><strong>Archdeacon’s</strong></span> <span class='ocrx_word' id='word_1_273' title='bbox 1483 1501 1611 1533; x_wconf 87' lang='lat' dir='ltr'><strong>Official</strong></span> <span class='ocrx_word' id='word_1_274' title='bbox 1633 1501 1700 1532; x_wconf 87' lang='lat' dir='ltr'><strong>and</strong></span> 
     </span>
     <span class='ocr_line' id='line_1_30' title="bbox 311 1544 1701 1590; baseline -0.003 -11"><span class='ocrx_word' id='word_1_275' title='bbox 311 1548 469 1590; x_wconf 81' lang='lat' dir='ltr'><strong>Direwyn</strong></span> <span class='ocrx_word' id='word_1_276' title='bbox 486 1548 611 1589; x_wconf 87' lang='lat' dir='ltr'><strong>replied</strong></span> <span class='ocrx_word' id='word_1_277' title='bbox 624 1558 660 1579; x_wconf 87' lang='lat' dir='ltr'><strong>as</strong></span> <span class='ocrx_word' id='word_1_278' title='bbox 670 1547 874 1588; x_wconf 67' lang='lat' dir='ltr'><strong>follows,—“</strong></span> <span class='ocrx_word' id='word_1_279' title='bbox 884 1547 1084 1580; x_wconf 83' lang='lat' dir='ltr'><strong>Convocatis</strong></span> <span class='ocrx_word' id='word_1_280' title='bbox 1098 1546 1134 1586; x_wconf 81' lang='lat' dir='ltr'><strong>in</strong></span> <span class='ocrx_word' id='word_1_281' title='bbox 1146 1546 1208 1578; x_wconf 89' lang='lat' dir='ltr'><strong>hac</strong></span> <span class='ocrx_word' id='word_1_282' title='bbox 1218 1546 1369 1587; x_wconf 71' lang='lat' dir='ltr'><strong>partede</strong></span> <span class='ocrx_word' id='word_1_283' title='bbox 1383 1545 1459 1586; x_wconf 87' lang='lat' dir='ltr'><strong>jure</strong></span> <span class='ocrx_word' id='word_1_284' title='bbox 1470 1544 1701 1583; x_wconf 86' lang='lat' dir='ltr'><strong>convocandis,</strong></span> 
     </span>
    </p>
   </div>
   <div class='ocr_carea' id='block_1_8' title="bbox 242 1588 1702 1642">
    <p class='ocr_par' dir='ltr' id='par_1_8' title="bbox 242 1588 1702 1642">
     <span class='ocr_line' id='line_1_31' title="bbox 242 1588 1702 1642; baseline -0.003 -19"><span class='ocrx_word' id='word_1_285' title='bbox 242 1606 251 1607; x_wconf 29' lang='lat' dir='ltr'><em>ff</em></span> <span class='ocrx_word' id='word_1_286' title='bbox 313 1591 356 1623; x_wconf 88' lang='lat' dir='ltr'><strong>de</strong></span> <span class='ocrx_word' id='word_1_287' title='bbox 371 1594 408 1623; x_wconf 88' lang='lat' dir='ltr'><strong>et</strong></span> <span class='ocrx_word' id='word_1_288' title='bbox 421 1591 705 1642; x_wconf 48' lang='lat' dir='ltr'><strong>super-premissis</strong></span> <span class='ocrx_word' id='word_1_289' title='bbox 719 1602 779 1633; x_wconf 88' lang='lat' dir='ltr'><strong>per</strong></span> <span class='ocrx_word' id='word_1_290' title='bbox 794 1601 950 1633; x_wconf 77' lang='lat' dir='ltr'><strong>personas</strong></span> <span class='ocrx_word' id='word_1_291' title='bbox 973 1590 1166 1631; x_wconf 84' lang='lat' dir='ltr'><strong>fidedignas,</strong></span> <span class='ocrx_word' id='word_1_292' title='bbox 1182 1590 1303 1622; x_wconf 92' lang='lat' dir='ltr'><strong>horum</strong></span> <span class='ocrx_word' id='word_1_293' title='bbox 1326 1589 1485 1620; x_wconf 83' lang='lat' dir='ltr'><strong>noticiam</strong></span> <span class='ocrx_word' id='word_1_294' title='bbox 1509 1588 1702 1620; x_wconf 85' lang='lat' dir='ltr'><strong>obtinentes</strong></span> 
     </span>
    </p>
   </div>
   <div class='ocr_carea' id='block_1_9' title="bbox 313 1632 1720 2984">
    <p class='ocr_par' dir='ltr' id='par_1_9' title="bbox 313 1632 1720 2984">
     <span class='ocr_line' id='line_1_32' title="bbox 313 1632 1701 1677; baseline -0.003 -11"><span class='ocrx_word' id='word_1_295' title='bbox 313 1635 506 1676; x_wconf 83' lang='lat' dir='ltr'><strong>pleniorem,</strong></span> <span class='ocrx_word' id='word_1_296' title='bbox 523 1645 558 1666; x_wconf 88' lang='lat' dir='ltr'><strong>m</strong></span> <span class='ocrx_word' id='word_1_297' title='bbox 574 1635 681 1666; x_wconf 82' lang='lat' dir='ltr'><strong>forma</strong></span> <span class='ocrx_word' id='word_1_298' title='bbox 695 1635 781 1677; x_wconf 84' lang='lat' dir='ltr'><strong>juris</strong></span> <span class='ocrx_word' id='word_1_299' title='bbox 796 1635 911 1666; x_wconf 83' lang='lat' dir='ltr'><strong>debita</strong></span> <span class='ocrx_word' id='word_1_300' title='bbox 926 1634 1019 1676; x_wconf 78' lang='lat' dir='ltr'><strong>prius</strong></span> <span class='ocrx_word' id='word_1_301' title='bbox 1041 1633 1181 1675; x_wconf 79' lang='lat' dir='ltr'><strong>juratas,</strong></span> <span class='ocrx_word' id='word_1_302' title='bbox 1197 1643 1342 1674; x_wconf 86' lang='lat' dir='ltr'><strong>quarum</strong></span> <span class='ocrx_word' id='word_1_303' title='bbox 1365 1632 1502 1664; x_wconf 86' lang='lat' dir='ltr'><strong>nomina</strong></span> <span class='ocrx_word' id='word_1_304' title='bbox 1524 1632 1558 1663; x_wconf 88' lang='lat' dir='ltr'><strong>in</strong></span> <span class='ocrx_word' id='word_1_305' title='bbox 1582 1632 1701 1663; x_wconf 85' lang='lat' dir='ltr'><strong>cedula</strong></span> 
     </span>
     <span class='ocr_line' id='line_1_33' title="bbox 313 1675 1703 1720; baseline -0.003 -10"><span class='ocrx_word' id='word_1_306' title='bbox 313 1679 528 1720; x_wconf 85' lang='lat' dir='ltr'><strong>presentibus</strong></span> <span class='ocrx_word' id='word_1_307' title='bbox 555 1689 686 1710; x_wconf 84' lang='lat' dir='ltr'><strong>annexa</strong></span> <span class='ocrx_word' id='word_1_308' title='bbox 711 1678 939 1717; x_wconf 82' lang='lat' dir='ltr'><strong>continentur,</strong></span> <span class='ocrx_word' id='word_1_309' title='bbox 963 1676 1039 1709; x_wconf 62' lang='lat' dir='ltr'><strong><em>wi</em></strong></span> <span class='ocrx_word' id='word_1_310' title='bbox 1064 1677 1119 1709; x_wconf 89' lang='lat' dir='ltr'><strong>die</strong></span> <span class='ocrx_word' id='word_1_311' title='bbox 1141 1676 1347 1716; x_wconf 86' lang='lat' dir='ltr'><strong>Decembris,</strong></span> <span class='ocrx_word' id='word_1_312' title='bbox 1371 1676 1405 1707; x_wconf 90' lang='lat' dir='ltr'><strong>in</strong></span> <span class='ocrx_word' id='word_1_313' title='bbox 1432 1676 1567 1717; x_wconf 81' lang='lat' dir='ltr'><strong>Capella</strong></span> <span class='ocrx_word' id='word_1_314' title='bbox 1587 1675 1703 1708; x_wconf 86' lang='lat' dir='ltr'><strong>Sancti</strong></span> 
     </span>
     <span class='ocr_line' id='line_1_34' title="bbox 314 1718 1700 1764; baseline -0.003 -10"><span class='ocrx_word' id='word_1_315' title='bbox 314 1722 488 1754; x_wconf 84' lang='lat' dir='ltr'><strong>Edmundi</strong></span> <span class='ocrx_word' id='word_1_316' title='bbox 503 1722 546 1754; x_wconf 87' lang='lat' dir='ltr'><strong>de</strong></span> <span class='ocrx_word' id='word_1_317' title='bbox 570 1722 846 1764; x_wconf 85' lang='lat' dir='ltr'><strong>Kynggisbrigge,</strong></span> <span class='ocrx_word' id='word_1_318' title='bbox 863 1722 951 1753; x_wconf 87' lang='lat' dir='ltr'>A.D.</span> <span class='ocrx_word' id='word_1_319' title='bbox 973 1722 1036 1754; x_wconf 69' lang='grc' dir='ltr'><strong>ΜΟ.</strong></span> <span class='ocrx_word' id='word_1_320' title='bbox 1056 1721 1187 1753; x_wconf 72' lang='lat' dir='ltr'>CCCffl⁰</span> <span class='ocrx_word' id='word_1_321' title='bbox 1201 1718 1333 1761; x_wconf 77' lang='lat' dir='ltr'><strong>lxxijdo,</strong></span> <span class='ocrx_word' id='word_1_322' title='bbox 1350 1720 1529 1760; x_wconf 86' lang='lat' dir='ltr'><strong>diligenter</strong></span> <span class='ocrx_word' id='word_1_323' title='bbox 1555 1722 1591 1750; x_wconf 93' lang='lat' dir='ltr'><strong>et</strong></span> <span class='ocrx_word' id='word_1_324' title='bbox 1613 1719 1700 1750; x_wconf 91' lang='lat' dir='ltr'><strong>solli-</strong></span> 
     </span>
     <span class='ocr_line' id='line_1_35' title="bbox 314 1762 1703 1807; baseline -0.003 -10"><span class='ocrx_word' id='word_1_325' title='bbox 314 1766 380 1797; x_wconf 90' lang='lat' dir='ltr'><strong>cite</strong></span> <span class='ocrx_word' id='word_1_326' title='bbox 394 1765 638 1807; x_wconf 86' lang='lat' dir='ltr'><strong>inquisivimus.</strong></span> <span class='ocrx_word' id='word_1_327' title='bbox 686 1766 759 1804; x_wconf 88' lang='lat' dir='ltr'><strong>Que</strong></span> <span class='ocrx_word' id='word_1_328' title='bbox 774 1766 894 1797; x_wconf 89' lang='lat' dir='ltr'><strong>dicunt</strong></span> <span class='ocrx_word' id='word_1_329' title='bbox 909 1765 999 1807; x_wconf 88' lang='lat' dir='ltr'><strong>quod</strong></span> <span class='ocrx_word' id='word_1_330' title='bbox 1016 1765 1167 1806; x_wconf 84' lang='lat' dir='ltr'><strong>prefatus</strong></span> <span class='ocrx_word' id='word_1_331' title='bbox 1182 1764 1327 1795; x_wconf 84' lang='lat' dir='ltr'><strong>Thomas</strong></span> <span class='ocrx_word' id='word_1_332' title='bbox 1344 1763 1438 1804; x_wconf 84' lang='lat' dir='ltr'><strong>Lyffe</strong></span> <span class='ocrx_word' id='word_1_333' title='bbox 1454 1762 1539 1803; x_wconf 72' lang='lat' dir='ltr'><strong>(sic),</strong></span> <span class='ocrx_word' id='word_1_334' title='bbox 1551 1763 1586 1794; x_wconf 89' lang='lat' dir='ltr'><strong>in</strong></span> <span class='ocrx_word' id='word_1_335' title='bbox 1604 1763 1703 1794; x_wconf 87' lang='lat' dir='ltr'><strong>Festo</strong></span> 
     </span>
     <span class='ocr_line' id='line_1_36' title="bbox 314 1807 1703 1850; baseline -0.003 -9"><span class='ocrx_word' id='word_1_336' title='bbox 314 1809 513 1841; x_wconf 81' lang='lat' dir='ltr'><strong>Nativitatis</strong></span> <span class='ocrx_word' id='word_1_337' title='bbox 525 1810 641 1841; x_wconf 81' lang='lat' dir='ltr'><strong>Sancti</strong></span> <span class='ocrx_word' id='word_1_338' title='bbox 653 1810 674 1841; x_wconf 87' lang='lat' dir='ltr'><strong>J</strong></span> <span class='ocrx_word' id='word_1_339' title='bbox 676 1809 818 1841; x_wconf 86' lang='lat' dir='ltr'><strong>ohannis</strong></span> <span class='ocrx_word' id='word_1_340' title='bbox 831 1809 984 1850; x_wconf 86' lang='lat' dir='ltr'><strong>Baptiste</strong></span> <span class='ocrx_word' id='word_1_341' title='bbox 995 1809 1148 1850; x_wconf 86' lang='lat' dir='ltr'><strong>proximo</strong></span> <span class='ocrx_word' id='word_1_342' title='bbox 1157 1807 1318 1849; x_wconf 85' lang='lat' dir='ltr'><strong>preterito</strong></span> <span class='ocrx_word' id='word_1_343' title='bbox 1330 1807 1398 1838; x_wconf 79' lang='lat' dir='ltr'><strong>fuit</strong></span> <span class='ocrx_word' id='word_1_344' title='bbox 1408 1817 1497 1838; x_wconf 91' lang='lat' dir='ltr'><strong>unus</strong></span> <span class='ocrx_word' id='word_1_345' title='bbox 1506 1807 1638 1847; x_wconf 80' lang='lat' dir='ltr'><strong>elapsus</strong></span> <span class='ocrx_word' id='word_1_346' title='bbox 1648 1817 1703 1837; x_wconf 85' lang='lat' dir='ltr'><strong>an-</strong></span> 
     </span>
     <span class='ocr_line' id='line_1_37' title="bbox 316 1850 1702 1894; baseline -0.002 -10"><span class='ocrx_word' id='word_1_347' title='bbox 316 1863 391 1892; x_wconf 88' lang='lat' dir='ltr'><strong>nus,</strong></span> <span class='ocrx_word' id='word_1_348' title='bbox 409 1864 476 1884; x_wconf 91' lang='lat' dir='ltr'><strong>una</strong></span> <span class='ocrx_word' id='word_1_349' title='bbox 491 1864 567 1884; x_wconf 89' lang='lat' dir='ltr'><strong>cum</strong></span> <span class='ocrx_word' id='word_1_350' title='bbox 585 1853 704 1884; x_wconf 88' lang='lat' dir='ltr'><strong>ceteris</strong></span> <span class='ocrx_word' id='word_1_351' title='bbox 716 1853 864 1894; x_wconf 83' lang='lat' dir='ltr'><strong>personis</strong></span> <span class='ocrx_word' id='word_1_352' title='bbox 879 1852 1018 1884; x_wconf 86' lang='lat' dir='ltr'><strong>armatis</strong></span> <span class='ocrx_word' id='word_1_353' title='bbox 1030 1863 1113 1893; x_wconf 82' lang='lat' dir='ltr'><strong>quas</strong></span> <span class='ocrx_word' id='word_1_354' title='bbox 1125 1851 1189 1883; x_wconf 89' lang='lat' dir='ltr'><strong>sibi</strong></span> <span class='ocrx_word' id='word_1_355' title='bbox 1201 1851 1394 1890; x_wconf 72' lang='lat' dir='ltr'><strong>associavit,</strong></span> <span class='ocrx_word' id='word_1_356' title='bbox 1406 1850 1498 1882; x_wconf 91' lang='lat' dir='ltr'><strong>venit</strong></span> <span class='ocrx_word' id='word_1_357' title='bbox 1508 1851 1548 1881; x_wconf 86' lang='lat' dir='ltr'><strong>ad</strong></span> <span class='ocrx_word' id='word_1_358' title='bbox 1562 1851 1702 1882; x_wconf 90' lang='lat' dir='ltr'><strong>domum</strong></span> 
     </span>
     <span class='ocr_line' id='line_1_38' title="bbox 317 1893 1704 1937; baseline -0.003 -9"><span class='ocrx_word' id='word_1_359' title='bbox 317 1897 479 1937; x_wconf 82' lang='lat' dir='ltr'><strong>Margerie</strong></span> <span class='ocrx_word' id='word_1_360' title='bbox 496 1897 604 1935; x_wconf 81' lang='lat' dir='ltr'><strong>Hood,</strong></span> <span class='ocrx_word' id='word_1_361' title='bbox 624 1897 741 1928; x_wconf 85' lang='lat' dir='ltr'><strong>matris</strong></span> <span class='ocrx_word' id='word_1_362' title='bbox 756 1896 896 1928; x_wconf 86' lang='lat' dir='ltr'><strong>carnalis</strong></span> <span class='ocrx_word' id='word_1_363' title='bbox 910 1896 1015 1937; x_wconf 86' lang='lat' dir='ltr'><strong>ipsius</strong></span> <span class='ocrx_word' id='word_1_364' title='bbox 1031 1895 1156 1934; x_wconf 89' lang='lat' dir='ltr'><strong>Sibille,</strong></span> <span class='ocrx_word' id='word_1_365' title='bbox 1174 1895 1233 1926; x_wconf 91' lang='lat' dir='ltr'><strong>ubi</strong></span> <span class='ocrx_word' id='word_1_366' title='bbox 1255 1895 1327 1935; x_wconf 85' lang='lat' dir='ltr'><strong>ipsa</strong></span> <span class='ocrx_word' id='word_1_367' title='bbox 1341 1894 1460 1926; x_wconf 83' lang='lat' dir='ltr'><strong>Sibilla</strong></span> <span class='ocrx_word' id='word_1_368' title='bbox 1474 1897 1558 1925; x_wconf 86' lang='lat' dir='ltr'><strong>tune</strong></span> <span class='ocrx_word' id='word_1_369' title='bbox 1573 1893 1704 1924; x_wconf 86' lang='lat' dir='ltr'><strong>inhabi-</strong></span> 
     </span>
     <span class='ocr_line' id='line_1_39' title="bbox 318 1937 1703 1979; baseline -0.002 -8"><span class='ocrx_word' id='word_1_370' title='bbox 318 1940 424 1979; x_wconf 85' lang='lat' dir='ltr'><strong>tabat,</strong></span> <span class='ocrx_word' id='word_1_371' title='bbox 442 1940 477 1971; x_wconf 91' lang='lat' dir='ltr'><strong>in</strong></span> <span class='ocrx_word' id='word_1_372' title='bbox 502 1940 661 1972; x_wconf 86' lang='lat' dir='ltr'><strong>Parochia</strong></span> <span class='ocrx_word' id='word_1_373' title='bbox 676 1941 718 1971; x_wconf 83' lang='lat' dir='ltr'><strong>de</strong></span> <span class='ocrx_word' id='word_1_374' title='bbox 734 1941 865 1979; x_wconf 70' lang='lat' dir='ltr'><strong>Ram-e,</strong></span> <span class='ocrx_word' id='word_1_375' title='bbox 881 1940 916 1971; x_wconf 89' lang='lat' dir='ltr'><strong>in</strong></span> <span class='ocrx_word' id='word_1_376' title='bbox 931 1950 1051 1971; x_wconf 89' lang='lat' dir='ltr'><strong>aurora</strong></span> <span class='ocrx_word' id='word_1_377' title='bbox 1066 1939 1150 1970; x_wconf 88' lang='lat' dir='ltr'><strong>dicti</strong></span> <span class='ocrx_word' id='word_1_378' title='bbox 1165 1938 1242 1977; x_wconf 90' lang='lat' dir='ltr'><strong>diei,</strong></span> <span class='ocrx_word' id='word_1_379' title='bbox 1261 1939 1321 1979; x_wconf 92' lang='lat' dir='ltr'><strong>qui</strong></span> <span class='ocrx_word' id='word_1_380' title='bbox 1336 1938 1370 1969; x_wconf 88' lang='lat' dir='ltr'><strong>vi</strong></span> <span class='ocrx_word' id='word_1_381' title='bbox 1386 1941 1515 1969; x_wconf 84' lang='lat' dir='ltr'><strong>armata</strong></span> <span class='ocrx_word' id='word_1_382' title='bbox 1538 1937 1703 1978; x_wconf 76' lang='lat' dir='ltr'><strong>prefatam</strong></span> 
     </span>
     <span class='ocr_line' id='line_1_40' title="bbox 318 1981 1705 2021; baseline -0.003 -6"><span class='ocrx_word' id='word_1_383' title='bbox 318 1984 470 2016; x_wconf 81' lang='lat' dir='ltr'><strong>Sibillam</strong></span> <span class='ocrx_word' id='word_1_384' title='bbox 493 1984 698 2015; x_wconf 86' lang='lat' dir='ltr'><strong>renitentem</strong></span> <span class='ocrx_word' id='word_1_385' title='bbox 720 1987 805 2015; x_wconf 89' lang='lat' dir='ltr'><strong>tunc</strong></span> <span class='ocrx_word' id='word_1_386' title='bbox 826 1984 1037 2015; x_wconf 87' lang='lat' dir='ltr'><strong>abduxerant</strong></span> <span class='ocrx_word' id='word_1_387' title='bbox 1059 1986 1095 2015; x_wconf 93' lang='lat' dir='ltr'><strong>et</strong></span> <span class='ocrx_word' id='word_1_388' title='bbox 1116 1983 1269 2021; x_wconf 77' lang='lat' dir='ltr'><strong>invitam,</strong></span> <span class='ocrx_word' id='word_1_389' title='bbox 1286 1985 1322 2013; x_wconf 91' lang='lat' dir='ltr'><strong>et</strong></span> <span class='ocrx_word' id='word_1_390' title='bbox 1343 1982 1386 2013; x_wconf 79' lang='lat' dir='ltr'><strong>ad</strong></span> <span class='ocrx_word' id='word_1_391' title='bbox 1403 1981 1516 2013; x_wconf 87' lang='lat' dir='ltr'><strong>villam</strong></span> <span class='ocrx_word' id='word_1_392' title='bbox 1534 1982 1575 2012; x_wconf 88' lang='lat' dir='ltr'><strong>de</strong></span> <span class='ocrx_word' id='word_1_393' title='bbox 1592 1981 1705 2013; x_wconf 87' lang='lat' dir='ltr'><strong>wodi-</strong></span> 
     </span>
     <span class='ocr_line' id='line_1_41' title="bbox 318 2025 1707 2068; baseline -0.003 -9"><span class='ocrx_word' id='word_1_394' title='bbox 318 2028 435 2059; x_wconf 82' lang='lat' dir='ltr'><strong>combe</strong></span> <span class='ocrx_word' id='word_1_395' title='bbox 449 2031 689 2068; x_wconf 81' lang='lat' dir='ltr'><strong>nuncupatam,</strong></span> <span class='ocrx_word' id='word_1_396' title='bbox 703 2028 738 2058; x_wconf 91' lang='lat' dir='ltr'><strong>in</strong></span> <span class='ocrx_word' id='word_1_397' title='bbox 756 2027 916 2058; x_wconf 87' lang='lat' dir='ltr'><strong>Parochia</strong></span> <span class='ocrx_word' id='word_1_398' title='bbox 931 2028 973 2058; x_wconf 91' lang='lat' dir='ltr'><strong>de</strong></span> <span class='ocrx_word' id='word_1_399' title='bbox 988 2026 1205 2066; x_wconf 73' lang='lat' dir='ltr'><strong>Stokenham,</strong></span> <span class='ocrx_word' id='word_1_400' title='bbox 1219 2026 1435 2057; x_wconf 82' lang='lat' dir='ltr'><strong>adduxerunt</strong></span> <span class='ocrx_word' id='word_1_401' title='bbox 1450 2025 1588 2056; x_wconf 85' lang='lat' dir='ltr'><strong>eandem</strong></span> <span class='ocrx_word' id='word_1_402' title='bbox 1606 2036 1614 2063; x_wconf 84' lang='lat'><em>3</em></span> <span class='ocrx_word' id='word_1_403' title='bbox 1639 2025 1707 2063; x_wconf 89' lang='lat' dir='ltr'><strong>ubi,</strong></span> 
     </span>
     <span class='ocr_line' id='line_1_42' title="bbox 318 2068 1707 2112; baseline -0.002 -10"><span class='ocrx_word' id='word_1_404' title='bbox 318 2074 396 2111; x_wconf 89' lang='lat' dir='ltr'><strong>post</strong></span> <span class='ocrx_word' id='word_1_405' title='bbox 410 2071 526 2112; x_wconf 81' lang='lat' dir='ltr'><strong>ipsam,</strong></span> <span class='ocrx_word' id='word_1_406' title='bbox 543 2071 647 2102; x_wconf 89' lang='lat' dir='ltr'><strong>eciam</strong></span> <span class='ocrx_word' id='word_1_407' title='bbox 663 2071 815 2110; x_wconf 85' lang='lat' dir='ltr'><strong>invitam,</strong></span> <span class='ocrx_word' id='word_1_408' title='bbox 831 2070 1040 2112; x_wconf 80' lang='lat' dir='ltr'><strong>aliquamdiu</strong></span> <span class='ocrx_word' id='word_1_409' title='bbox 1055 2071 1145 2101; x_wconf 88' lang='lat' dir='ltr'><strong>idem</strong></span> <span class='ocrx_word' id='word_1_410' title='bbox 1161 2070 1307 2101; x_wconf 85' lang='lat' dir='ltr'><strong>Thomas</strong></span> <span class='ocrx_word' id='word_1_411' title='bbox 1323 2068 1480 2108; x_wconf 86' lang='lat' dir='ltr'><strong>detinuit,</strong></span> <span class='ocrx_word' id='word_1_412' title='bbox 1497 2071 1533 2100; x_wconf 89' lang='lat' dir='ltr'><strong>et</strong></span> <span class='ocrx_word' id='word_1_413' title='bbox 1555 2068 1656 2099; x_wconf 88' lang='lat' dir='ltr'><strong>semel</strong></span> <span class='ocrx_word' id='word_1_414' title='bbox 1672 2069 1707 2099; x_wconf 92' lang='lat' dir='ltr'><strong>in</strong></span> 
     </span>
     <span class='ocr_line' id='line_1_43' title="bbox 321 2112 1705 2155; baseline -0.003 -9"><span class='ocrx_word' id='word_1_415' title='bbox 321 2114 468 2146; x_wconf 74' lang='lat' dir='ltr'><strong>Ecclesia</strong></span> <span class='ocrx_word' id='word_1_416' title='bbox 496 2114 679 2146; x_wconf 76' lang='lat' dir='ltr'><strong>Parochiali</strong></span> <span class='ocrx_word' id='word_1_417' title='bbox 705 2115 748 2146; x_wconf 91' lang='lat' dir='ltr'><strong>de</strong></span> <span class='ocrx_word' id='word_1_418' title='bbox 770 2114 981 2155; x_wconf 81' lang='lat' dir='ltr'><strong>Stokynham</strong></span> <span class='ocrx_word' id='word_1_419' title='bbox 1005 2114 1155 2155; x_wconf 81' lang='lat' dir='ltr'><strong>predicta</strong></span> <span class='ocrx_word' id='word_1_420' title='bbox 1178 2113 1305 2144; x_wconf 85' lang='lat' dir='ltr'><strong>bannos</strong></span> <span class='ocrx_word' id='word_1_421' title='bbox 1327 2112 1417 2144; x_wconf 88' lang='lat' dir='ltr'><strong>inter</strong></span> <span class='ocrx_word' id='word_1_422' title='bbox 1439 2123 1474 2143; x_wconf 88' lang='lat' dir='ltr'><strong>se</strong></span> <span class='ocrx_word' id='word_1_423' title='bbox 1497 2115 1532 2143; x_wconf 91' lang='lat' dir='ltr'><strong>et</strong></span> <span class='ocrx_word' id='word_1_424' title='bbox 1554 2112 1705 2144; x_wconf 85' lang='lat' dir='ltr'><strong>Sibillam</strong></span> 
     </span>
     <span class='ocr_line' id='line_1_44' title="bbox 321 2156 1708 2199; baseline -0.002 -10"><span class='ocrx_word' id='word_1_425' title='bbox 321 2158 505 2198; x_wconf 81' lang='lat' dir='ltr'><strong>predictam</strong></span> <span class='ocrx_word' id='word_1_426' title='bbox 533 2158 588 2189; x_wconf 91' lang='lat' dir='ltr'><strong>edi</strong></span> <span class='ocrx_word' id='word_1_427' title='bbox 616 2158 816 2199; x_wconf 75' lang='lat' dir='ltr'><strong>procuravit,</strong></span> <span class='ocrx_word' id='word_1_428' title='bbox 844 2161 880 2189; x_wconf 91' lang='lat' dir='ltr'><strong>et</strong></span> <span class='ocrx_word' id='word_1_429' title='bbox 906 2161 1084 2199; x_wconf 85' lang='lat' dir='ltr'><strong>postquam</strong></span> <span class='ocrx_word' id='word_1_430' title='bbox 1115 2157 1206 2188; x_wconf 87' lang='lat' dir='ltr'><strong>idem</strong></span> <span class='ocrx_word' id='word_1_431' title='bbox 1237 2157 1382 2188; x_wconf 89' lang='lat' dir='ltr'><strong>Thomas</strong></span> <span class='ocrx_word' id='word_1_432' title='bbox 1410 2156 1592 2187; x_wconf 85' lang='lat' dir='ltr'><strong>institisset</strong></span> <span class='ocrx_word' id='word_1_433' title='bbox 1617 2156 1708 2196; x_wconf 87' lang='lat' dir='ltr'><strong>apud</strong></span> 
     </span>
     <span class='ocr_line' id='line_1_45' title="bbox 321 2199 1709 2242; baseline -0.002 -10"><span class='ocrx_word' id='word_1_434' title='bbox 321 2202 496 2232; x_wconf 86' lang='lat' dir='ltr'><strong>Rectorem</strong></span> <span class='ocrx_word' id='word_1_435' title='bbox 512 2204 548 2232; x_wconf 91' lang='lat' dir='ltr'><strong>et</strong></span> <span class='ocrx_word' id='word_1_436' title='bbox 562 2201 731 2233; x_wconf 78' lang='lat' dir='ltr'><strong>Vicarium</strong></span> <span class='ocrx_word' id='word_1_437' title='bbox 746 2201 899 2242; x_wconf 80' lang='lat' dir='ltr'><strong>ejusdem</strong></span> <span class='ocrx_word' id='word_1_438' title='bbox 923 2201 1068 2232; x_wconf 73' lang='lat' dir='ltr'><strong>Ecclesia</strong></span> <span class='ocrx_word' id='word_1_439' title='bbox 1090 2201 1183 2242; x_wconf 89' lang='lat' dir='ltr'><strong>quod</strong></span> <span class='ocrx_word' id='word_1_440' title='bbox 1205 2200 1269 2241; x_wconf 88' lang='lat' dir='ltr'><strong>ipsi</strong></span> <span class='ocrx_word' id='word_1_441' title='bbox 1292 2199 1545 2231; x_wconf 80' lang='lat' dir='ltr'><strong>matrimonium</strong></span> <span class='ocrx_word' id='word_1_442' title='bbox 1568 2199 1709 2240; x_wconf 86' lang='lat' dir='ltr'><strong>solemp-</strong></span> 
     </span>
     <span class='ocr_line' id='line_1_46' title="bbox 321 2243 1710 2285; baseline -0.002 -9"><span class='ocrx_word' id='word_1_443' title='bbox 321 2245 471 2276; x_wconf 82' lang='lat' dir='ltr'><strong>nizarent</strong></span> <span class='ocrx_word' id='word_1_444' title='bbox 498 2244 589 2277; x_wconf 90' lang='lat' dir='ltr'><strong>inter</strong></span> <span class='ocrx_word' id='word_1_445' title='bbox 613 2245 712 2285; x_wconf 83' lang='lat' dir='ltr'><strong>ipsos,</strong></span> <span class='ocrx_word' id='word_1_446' title='bbox 739 2255 777 2276; x_wconf 85' lang='lat' dir='ltr'><strong>ac</strong></span> <span class='ocrx_word' id='word_1_447' title='bbox 803 2244 876 2285; x_wconf 90' lang='lat' dir='ltr'><strong>ipsi,</strong></span> <span class='ocrx_word' id='word_1_448' title='bbox 904 2245 946 2276; x_wconf 89' lang='lat' dir='ltr'><strong>ad</strong></span> <span class='ocrx_word' id='word_1_449' title='bbox 973 2244 1036 2276; x_wconf 90' lang='lat' dir='ltr'><strong>hoc</strong></span> <span class='ocrx_word' id='word_1_450' title='bbox 1063 2244 1254 2276; x_wconf 75' lang='lat' dir='ltr'><strong>faciendum</strong></span> <span class='ocrx_word' id='word_1_451' title='bbox 1281 2243 1447 2284; x_wconf 81' lang='lat' dir='ltr'><strong>requisiti,</strong></span> <span class='ocrx_word' id='word_1_452' title='bbox 1473 2243 1578 2283; x_wconf 87' lang='lat' dir='ltr'><strong>ipsam</strong></span> <span class='ocrx_word' id='word_1_453' title='bbox 1603 2243 1710 2273; x_wconf 83' lang='lat' dir='ltr'><strong>facere</strong></span> 
     </span>
     <span class='ocr_line' id='line_1_47' title="bbox 322 2286 1712 2329; baseline -0.002 -9"><span class='ocrx_word' id='word_1_454' title='bbox 322 2288 519 2328; x_wconf 88' lang='lat' dir='ltr'><strong>noluissent,</strong></span> <span class='ocrx_word' id='word_1_455' title='bbox 535 2288 589 2319; x_wconf 90' lang='lat' dir='ltr'><strong>die</strong></span> <span class='ocrx_word' id='word_1_456' title='bbox 604 2288 743 2320; x_wconf 83' lang='lat' dir='ltr'><strong>Sabbati</strong></span> <span class='ocrx_word' id='word_1_457' title='bbox 759 2289 910 2329; x_wconf 85' lang='lat' dir='ltr'><strong>proxima</strong></span> <span class='ocrx_word' id='word_1_458' title='bbox 925 2291 1002 2329; x_wconf 88' lang='lat' dir='ltr'><strong>post</strong></span> <span class='ocrx_word' id='word_1_459' title='bbox 1024 2288 1162 2319; x_wconf 84' lang='lat' dir='ltr'><strong>Festum</strong></span> <span class='ocrx_word' id='word_1_460' title='bbox 1180 2287 1419 2327; x_wconf 78' lang='lat' dir='ltr'><strong>Apostolorum</strong></span> <span class='ocrx_word' id='word_1_461' title='bbox 1442 2286 1534 2317; x_wconf 89' lang='lat' dir='ltr'><strong>Petri</strong></span> <span class='ocrx_word' id='word_1_462' title='bbox 1557 2289 1593 2317; x_wconf 90' lang='lat' dir='ltr'><strong>et</strong></span> <span class='ocrx_word' id='word_1_463' title='bbox 1615 2286 1712 2317; x_wconf 87' lang='lat' dir='ltr'><strong>Pauli</strong></span> 
     </span>
     <span class='ocr_line' id='line_1_48' title="bbox 322 2330 1708 2373; baseline -0.002 -10"><span class='ocrx_word' id='word_1_464' title='bbox 322 2335 449 2364; x_wconf 79' lang='lat' dir='ltr'><strong>extunc</strong></span> <span class='ocrx_word' id='word_1_465' title='bbox 470 2332 654 2363; x_wconf 87' lang='lat' dir='ltr'><strong>inmediate</strong></span> <span class='ocrx_word' id='word_1_466' title='bbox 676 2342 829 2373; x_wconf 87' lang='lat' dir='ltr'><strong>sequens,</strong></span> <span class='ocrx_word' id='word_1_467' title='bbox 851 2332 887 2363; x_wconf 91' lang='lat' dir='ltr'><strong>in</strong></span> <span class='ocrx_word' id='word_1_468' title='bbox 910 2342 1030 2362; x_wconf 89' lang='lat' dir='ltr'><strong>aurora</strong></span> <span class='ocrx_word' id='word_1_469' title='bbox 1052 2331 1135 2362; x_wconf 89' lang='lat' dir='ltr'><strong>dicti</strong></span> <span class='ocrx_word' id='word_1_470' title='bbox 1158 2330 1234 2369; x_wconf 89' lang='lat' dir='ltr'><strong>diei,</strong></span> <span class='ocrx_word' id='word_1_471' title='bbox 1258 2330 1465 2361; x_wconf 84' lang='lat' dir='ltr'><strong>clandestine</strong></span> <span class='ocrx_word' id='word_1_472' title='bbox 1487 2330 1628 2361; x_wconf 87' lang='lat' dir='ltr'><strong>eandem</strong></span> <span class='ocrx_word' id='word_1_473' title='bbox 1659 2330 1708 2361; x_wconf 91' lang='lat' dir='ltr'><strong>Si-</strong></span> 
     </span>
     <span class='ocr_line' id='line_1_49' title="bbox 324 2373 1710 2415; baseline -0.003 -8"><span class='ocrx_word' id='word_1_474' title='bbox 324 2375 449 2415; x_wconf 88' lang='lat' dir='ltr'><strong>billam,</strong></span> <span class='ocrx_word' id='word_1_475' title='bbox 476 2378 512 2407; x_wconf 88' lang='lat' dir='ltr'><strong>et</strong></span> <span class='ocrx_word' id='word_1_476' title='bbox 538 2375 691 2415; x_wconf 84' lang='lat' dir='ltr'><strong>invitam,</strong></span> <span class='ocrx_word' id='word_1_477' title='bbox 715 2375 757 2406; x_wconf 84' lang='lat' dir='ltr'><strong>ad</strong></span> <span class='ocrx_word' id='word_1_478' title='bbox 786 2375 967 2407; x_wconf 84' lang='lat' dir='ltr'><strong>Ecclesiam</strong></span> <span class='ocrx_word' id='word_1_479' title='bbox 996 2375 1113 2406; x_wconf 87' lang='lat' dir='ltr'><strong>Sancti</strong></span> <span class='ocrx_word' id='word_1_480' title='bbox 1135 2374 1331 2414; x_wconf 74' lang='lat' dir='ltr'><strong>wynwolay</strong></span> <span class='ocrx_word' id='word_1_481' title='bbox 1354 2374 1397 2404; x_wconf 91' lang='lat' dir='ltr'><strong>de</strong></span> <span class='ocrx_word' id='word_1_482' title='bbox 1426 2373 1710 2412; x_wconf 77' lang='lat' dir='ltr'><strong>Portelamouthe,</strong></span> 
     </span>
     <span class='ocr_line' id='line_1_50' title="bbox 323 2416 1710 2460; baseline -0.002 -10"><span class='ocrx_word' id='word_1_483' title='bbox 323 2429 400 2460; x_wconf 88' lang='lat' dir='ltr'><strong>que,</strong></span> <span class='ocrx_word' id='word_1_484' title='bbox 417 2422 457 2450; x_wconf 88' lang='lat' dir='ltr'><strong>ut</strong></span> <span class='ocrx_word' id='word_1_485' title='bbox 471 2419 607 2459; x_wconf 90' lang='lat' dir='ltr'><strong>dicitur,</strong></span> <span class='ocrx_word' id='word_1_486' title='bbox 625 2419 771 2450; x_wconf 84' lang='lat' dir='ltr'><strong>Ecclesia</strong></span> <span class='ocrx_word' id='word_1_487' title='bbox 786 2418 985 2450; x_wconf 88' lang='lat' dir='ltr'><strong>Parochialis</strong></span> <span class='ocrx_word' id='word_1_488' title='bbox 1000 2428 1116 2454; x_wconf 83' lang='lat' dir='ltr'><strong>eorum</strong></span> <span class='ocrx_word' id='word_1_489' title='bbox 1133 2427 1200 2448; x_wconf 93' lang='lat' dir='ltr'><strong>non</strong></span> <span class='ocrx_word' id='word_1_490' title='bbox 1216 2417 1337 2455; x_wconf 83' lang='lat' dir='ltr'><strong>fuerat,</strong></span> <span class='ocrx_word' id='word_1_491' title='bbox 1354 2416 1571 2448; x_wconf 87' lang='lat' dir='ltr'><strong>adduxerunt</strong></span> <span class='ocrx_word' id='word_1_492' title='bbox 1592 2417 1710 2457; x_wconf 87' lang='lat' dir='ltr'><strong>ipsam,</strong></span> 
     </span>
     <span class='ocr_line' id='line_1_51' title="bbox 324 2460 1712 2504; baseline -0.003 -10"><span class='ocrx_word' id='word_1_493' title='bbox 324 2466 360 2493; x_wconf 88' lang='lat' dir='ltr'><strong>et</strong></span> <span class='ocrx_word' id='word_1_494' title='bbox 381 2463 474 2504; x_wconf 89' lang='lat' dir='ltr'><strong>quod</strong></span> <span class='ocrx_word' id='word_1_495' title='bbox 495 2463 608 2494; x_wconf 89' lang='lat' dir='ltr'><strong>dictus</strong></span> <span class='ocrx_word' id='word_1_496' title='bbox 630 2462 786 2502; x_wconf 83' lang='lat' dir='ltr'><strong>Thomas,</strong></span> <span class='ocrx_word' id='word_1_497' title='bbox 802 2473 870 2493; x_wconf 83' lang='lat' dir='ltr'><strong>una</strong></span> <span class='ocrx_word' id='word_1_498' title='bbox 892 2472 970 2493; x_wconf 88' lang='lat' dir='ltr'><strong>cum</strong></span> <span class='ocrx_word' id='word_1_499' title='bbox 994 2461 1172 2500; x_wconf 91' lang='lat' dir='ltr'><strong>Willelmo,</strong></span> <span class='ocrx_word' id='word_1_500' title='bbox 1189 2463 1283 2501; x_wconf 83' lang='lat' dir='ltr'><strong>patre</strong></span> <span class='ocrx_word' id='word_1_501' title='bbox 1305 2460 1468 2501; x_wconf 76' lang='lat' dir='ltr'><strong>ejusdem,</strong></span> <span class='ocrx_word' id='word_1_502' title='bbox 1492 2460 1582 2500; x_wconf 91' lang='lat' dir='ltr'><strong>cepit</strong></span> <span class='ocrx_word' id='word_1_503' title='bbox 1604 2460 1712 2491; x_wconf 87' lang='lat' dir='ltr'><strong>claves</strong></span> 
     </span>
     <span class='ocr_line' id='line_1_52' title="bbox 328 2503 1712 2547; baseline -0.002 -11"><span class='ocrx_word' id='word_1_504' title='bbox 328 2506 471 2538; x_wconf 84' lang='lat' dir='ltr'><strong>Ecclesie</strong></span> <span class='ocrx_word' id='word_1_505' title='bbox 487 2506 645 2547; x_wconf 87' lang='lat' dir='ltr'><strong>predicte,</strong></span> <span class='ocrx_word' id='word_1_506' title='bbox 661 2510 775 2547; x_wconf 75' lang='lat' dir='ltr'><strong>preter</strong></span> <span class='ocrx_word' id='word_1_507' title='bbox 789 2509 825 2537; x_wconf 92' lang='lat' dir='ltr'><strong>et</strong></span> <span class='ocrx_word' id='word_1_508' title='bbox 839 2508 956 2537; x_wconf 85' lang='lat' dir='ltr'><strong>contra</strong></span> <span class='ocrx_word' id='word_1_509' title='bbox 972 2505 1164 2536; x_wconf 87' lang='lat' dir='ltr'><strong>voluntates</strong></span> <span class='ocrx_word' id='word_1_510' title='bbox 1187 2504 1366 2535; x_wconf 85' lang='lat' dir='ltr'><strong>custodum</strong></span> <span class='ocrx_word' id='word_1_511' title='bbox 1391 2503 1583 2542; x_wconf 82' lang='lat' dir='ltr'><strong>earundem,</strong></span> <span class='ocrx_word' id='word_1_512' title='bbox 1599 2507 1634 2534; x_wconf 89' lang='lat' dir='ltr'><strong>et</strong></span> <span class='ocrx_word' id='word_1_513' title='bbox 1657 2514 1712 2535; x_wconf 86' lang='lat' dir='ltr'><strong>ex—</strong></span> 
     </span>
     <span class='ocr_line' id='line_1_53' title="bbox 325 2547 1713 2593; baseline -0.003 -12"><span class='ocrx_word' id='word_1_514' title='bbox 325 2552 420 2588; x_wconf 89' lang='lat' dir='ltr'><strong>tunc,</strong></span> <span class='ocrx_word' id='word_1_515' title='bbox 435 2549 469 2581; x_wconf 90' lang='lat' dir='ltr'><strong>in</strong></span> <span class='ocrx_word' id='word_1_516' title='bbox 482 2550 614 2591; x_wconf 86' lang='lat' dir='ltr'><strong>porticu</strong></span> <span class='ocrx_word' id='word_1_517' title='bbox 630 2550 773 2593; x_wconf 82' lang='lat' dir='ltr'><strong>Ecclesie</strong></span> <span class='ocrx_word' id='word_1_518' title='bbox 784 2549 945 2591; x_wconf 86' lang='lat' dir='ltr'><strong>predicte,</strong></span> <span class='ocrx_word' id='word_1_519' title='bbox 961 2549 1099 2589; x_wconf 88' lang='lat' dir='ltr'><strong>quidam</strong></span> <span class='ocrx_word' id='word_1_520' title='bbox 1112 2547 1280 2580; x_wconf 89' lang='lat' dir='ltr'><strong>Robertus</strong></span> <span class='ocrx_word' id='word_1_521' title='bbox 1293 2547 1511 2586; x_wconf 85' lang='lat' dir='ltr'><strong>Modicombe,</strong></span> <span class='ocrx_word' id='word_1_522' title='bbox 1523 2547 1713 2587; x_wconf 82' lang='lat' dir='ltr'><strong>capellanus</strong></span> 
     </span>
     <span class='ocr_line' id='line_1_54' title="bbox 326 2590 1714 2634; baseline -0.003 -10"><span class='ocrx_word' id='word_1_523' title='bbox 326 2593 550 2633; x_wconf 86' lang='lat' dir='ltr'><strong>annuelarius,</strong></span> <span class='ocrx_word' id='word_1_524' title='bbox 566 2603 667 2634; x_wconf 89' lang='lat' dir='ltr'><strong>quem</strong></span> <span class='ocrx_word' id='word_1_525' title='bbox 684 2594 727 2625; x_wconf 89' lang='lat' dir='ltr'><strong>ad</strong></span> <span class='ocrx_word' id='word_1_526' title='bbox 744 2593 929 2624; x_wconf 80' lang='lat' dir='ltr'><strong>faciendam</strong></span> <span class='ocrx_word' id='word_1_527' title='bbox 945 2591 1276 2632; x_wconf 78' lang='lat' dir='ltr'><strong>solempnizacionem</strong></span> <span class='ocrx_word' id='word_1_528' title='bbox 1292 2590 1499 2622; x_wconf 81' lang='lat' dir='ltr'><strong>matrimonii</strong></span> <span class='ocrx_word' id='word_1_529' title='bbox 1514 2590 1604 2621; x_wconf 86' lang='lat' dir='ltr'><strong>inter</strong></span> <span class='ocrx_word' id='word_1_530' title='bbox 1625 2590 1714 2631; x_wconf 88' lang='lat' dir='ltr'><strong>ipsos</strong></span> 
     </span>
     <span class='ocr_line' id='line_1_55' title="bbox 327 2633 1712 2678; baseline -0.003 -10"><span class='ocrx_word' id='word_1_531' title='bbox 327 2636 417 2668; x_wconf 84' lang='lat' dir='ltr'><strong>idem</strong></span> <span class='ocrx_word' id='word_1_532' title='bbox 447 2637 592 2668; x_wconf 87' lang='lat' dir='ltr'><strong>Thomas</strong></span> <span class='ocrx_word' id='word_1_533' title='bbox 616 2647 711 2678; x_wconf 88' lang='lat' dir='ltr'><strong>prece</strong></span> <span class='ocrx_word' id='word_1_534' title='bbox 734 2640 769 2668; x_wconf 89' lang='lat' dir='ltr'><strong>et</strong></span> <span class='ocrx_word' id='word_1_535' title='bbox 792 2637 901 2677; x_wconf 88' lang='lat' dir='ltr'><strong>precio</strong></span> <span class='ocrx_word' id='word_1_536' title='bbox 923 2635 1138 2675; x_wconf 84' lang='lat' dir='ltr'><strong>conduxerat,</strong></span> <span class='ocrx_word' id='word_1_537' title='bbox 1162 2634 1382 2674; x_wconf 86' lang='lat' dir='ltr'><strong>interrogavit</strong></span> <span class='ocrx_word' id='word_1_538' title='bbox 1411 2634 1535 2665; x_wconf 87' lang='lat' dir='ltr'><strong>dictam</strong></span> <span class='ocrx_word' id='word_1_539' title='bbox 1559 2633 1712 2665; x_wconf 85' lang='lat' dir='ltr'><strong>Sibillam</strong></span> 
     </span>
     <span class='ocr_line' id='line_1_56' title="bbox 329 2677 1716 2721; baseline -0.003 -10"><span class='ocrx_word' id='word_1_540' title='bbox 329 2680 357 2711; x_wconf 89' lang='lat' dir='ltr'><strong>si</strong></span> <span class='ocrx_word' id='word_1_541' title='bbox 373 2680 542 2721; x_wconf 80' lang='lat' dir='ltr'><strong>prefatum</strong></span> <span class='ocrx_word' id='word_1_542' title='bbox 558 2680 722 2712; x_wconf 86' lang='lat' dir='ltr'><strong>Thomam</strong></span> <span class='ocrx_word' id='word_1_543' title='bbox 737 2680 772 2711; x_wconf 92' lang='lat' dir='ltr'><strong>in</strong></span> <span class='ocrx_word' id='word_1_544' title='bbox 789 2690 890 2712; x_wconf 88' lang='lat' dir='ltr'><strong>suum</strong></span> <span class='ocrx_word' id='word_1_545' title='bbox 906 2679 1050 2710; x_wconf 86' lang='lat' dir='ltr'><strong>voluerit</strong></span> <span class='ocrx_word' id='word_1_546' title='bbox 1064 2678 1187 2710; x_wconf 84' lang='lat' dir='ltr'><strong>habere</strong></span> <span class='ocrx_word' id='word_1_547' title='bbox 1202 2677 1376 2716; x_wconf 81' lang='lat' dir='ltr'><strong>maritum,</strong></span> <span class='ocrx_word' id='word_1_548' title='bbox 1394 2687 1461 2718; x_wconf 89' lang='lat' dir='ltr'><strong>que</strong></span> <span class='ocrx_word' id='word_1_549' title='bbox 1483 2677 1658 2718; x_wconf 85' lang='lat' dir='ltr'><strong>respondit</strong></span> <span class='ocrx_word' id='word_1_550' title='bbox 1680 2687 1716 2708; x_wconf 83' lang='lat' dir='ltr'><strong>se</strong></span> 
     </span>
     <span class='ocr_line' id='line_1_57' title="bbox 330 2720 1716 2764; baseline -0.003 -9"><span class='ocrx_word' id='word_1_551' title='bbox 330 2723 365 2754; x_wconf 91' lang='lat' dir='ltr'><strong>in</strong></span> <span class='ocrx_word' id='word_1_552' title='bbox 389 2723 498 2764; x_wconf 80' lang='lat' dir='ltr'><strong>ipsum</strong></span> <span class='ocrx_word' id='word_1_553' title='bbox 522 2723 611 2755; x_wconf 89' lang='lat' dir='ltr'><strong>nolle</strong></span> <span class='ocrx_word' id='word_1_554' title='bbox 633 2723 844 2762; x_wconf 81' lang='lat' dir='ltr'><strong>consentire3</strong></span> <span class='ocrx_word' id='word_1_555' title='bbox 874 2726 910 2754; x_wconf 90' lang='lat' dir='ltr'><strong>et</strong></span> <span class='ocrx_word' id='word_1_556' title='bbox 932 2722 1154 2754; x_wconf 88' lang='lat' dir='ltr'><strong>incontinenti</strong></span> <span class='ocrx_word' id='word_1_557' title='bbox 1177 2721 1315 2761; x_wconf 85' lang='lat' dir='ltr'><strong>quidam</strong></span> <span class='ocrx_word' id='word_1_558' title='bbox 1345 2720 1487 2752; x_wconf 77' lang='lat' dir='ltr'><strong>Michael</strong></span> <span class='ocrx_word' id='word_1_559' title='bbox 1516 2721 1716 2761; x_wconf 88' lang='lat' dir='ltr'><strong>Wodeleghe</strong></span> 
     </span>
     <span class='ocr_line' id='line_1_58' title="bbox 329 2764 1715 2808; baseline -0.002 -10"><span class='ocrx_word' id='word_1_560' title='bbox 329 2777 430 2798; x_wconf 88' lang='lat' dir='ltr'><strong>suum</strong></span> <span class='ocrx_word' id='word_1_561' title='bbox 445 2767 634 2808; x_wconf 78' lang='lat' dir='ltr'><strong>evaginavit</strong></span> <span class='ocrx_word' id='word_1_562' title='bbox 649 2767 836 2806; x_wconf 89' lang='lat' dir='ltr'><strong>cultellum,</strong></span> <span class='ocrx_word' id='word_1_563' title='bbox 853 2770 888 2798; x_wconf 90' lang='lat' dir='ltr'><strong>et</strong></span> <span class='ocrx_word' id='word_1_564' title='bbox 903 2766 992 2797; x_wconf 85' lang='lat' dir='ltr'><strong>dixit</strong></span> <span class='ocrx_word' id='word_1_565' title='bbox 1007 2765 1111 2807; x_wconf 89' lang='lat' dir='ltr'><strong>quod,</strong></span> <span class='ocrx_word' id='word_1_566' title='bbox 1129 2765 1193 2796; x_wconf 88' lang='lat' dir='ltr'><strong>nisi</strong></span> <span class='ocrx_word' id='word_1_567' title='bbox 1209 2764 1300 2795; x_wconf 87' lang='lat' dir='ltr'><strong>dicta</strong></span> <span class='ocrx_word' id='word_1_568' title='bbox 1322 2764 1440 2795; x_wconf 89' lang='lat' dir='ltr'><strong>Sibilla</strong></span> <span class='ocrx_word' id='word_1_569' title='bbox 1455 2764 1548 2805; x_wconf 87' lang='lat' dir='ltr'><strong>loqui</strong></span> <span class='ocrx_word' id='word_1_570' title='bbox 1570 2764 1715 2795; x_wconf 83' lang='lat' dir='ltr'><strong>voluerit</strong></span> 
     </span>
     <span class='ocr_line' id='line_1_59' title="bbox 330 2807 1716 2848; baseline -0.002 -7"><span class='ocrx_word' id='word_1_571' title='bbox 330 2812 366 2841; x_wconf 90' lang='lat' dir='ltr'><strong>et</strong></span> <span class='ocrx_word' id='word_1_572' title='bbox 381 2810 633 2842; x_wconf 86' lang='lat' dir='ltr'><strong>matrimonium</strong></span> <span class='ocrx_word' id='word_1_573' title='bbox 649 2810 846 2842; x_wconf 84' lang='lat' dir='ltr'><strong>contrahere</strong></span> <span class='ocrx_word' id='word_1_574' title='bbox 861 2821 939 2842; x_wconf 90' lang='lat' dir='ltr'><strong>cum</strong></span> <span class='ocrx_word' id='word_1_575' title='bbox 955 2810 1083 2841; x_wconf 87' lang='lat' dir='ltr'><strong>Thoma</strong></span> <span class='ocrx_word' id='word_1_576' title='bbox 1099 2808 1282 2846; x_wconf 87' lang='lat' dir='ltr'><strong>antedicto,</strong></span> <span class='ocrx_word' id='word_1_577' title='bbox 1299 2807 1342 2839; x_wconf 85' lang='lat' dir='ltr'><strong>ad</strong></span> <span class='ocrx_word' id='word_1_578' title='bbox 1357 2808 1448 2848; x_wconf 86' lang='lat' dir='ltr'><strong>quod</strong></span> <span class='ocrx_word' id='word_1_579' title='bbox 1467 2807 1547 2838; x_wconf 92' lang='lat' dir='ltr'><strong>illuc</strong></span> <span class='ocrx_word' id='word_1_580' title='bbox 1569 2808 1716 2839; x_wconf 88' lang='lat' dir='ltr'><strong>deducta</strong></span> 
     </span>
     <span class='ocr_line' id='line_1_60' title="bbox 329 2851 1717 2895; baseline -0.003 -10"><span class='ocrx_word' id='word_1_581' title='bbox 329 2853 490 2885; x_wconf 82' lang='lat' dir='ltr'><strong>extiterat</strong></span> <span class='ocrx_word' id='word_1_582' title='bbox 504 2864 564 2895; x_wconf 86' lang='lat' dir='ltr'><strong>per</strong></span> <span class='ocrx_word' id='word_1_583' title='bbox 585 2854 729 2894; x_wconf 86' lang='lat' dir='ltr'><strong>eosdem,</strong></span> <span class='ocrx_word' id='word_1_584' title='bbox 745 2854 887 2885; x_wconf 85' lang='lat' dir='ltr'><strong>eandem</strong></span> <span class='ocrx_word' id='word_1_585' title='bbox 910 2853 1062 2885; x_wconf 85' lang='lat' dir='ltr'><strong>Sibillam</strong></span> <span class='ocrx_word' id='word_1_586' title='bbox 1085 2851 1290 2883; x_wconf 82' lang='lat' dir='ltr'><strong>interficeret</strong></span> <span class='ocrx_word' id='word_1_587' title='bbox 1312 2854 1396 2882; x_wconf 89' lang='lat' dir='ltr'><strong>tunc</strong></span> <span class='ocrx_word' id='word_1_588' title='bbox 1417 2851 1543 2882; x_wconf 90' lang='lat' dir='ltr'><strong>ibidem</strong></span> <span class='ocrx_word' id='word_1_589' title='bbox 1561 2862 1569 2890; x_wconf 89' lang='lat'>;</span> <span class='ocrx_word' id='word_1_590' title='bbox 1591 2851 1717 2892; x_wconf 88' lang='lat' dir='ltr'><strong>quibus</strong></span> 
     </span>
     <span class='ocr_line' id='line_1_61' title="bbox 330 2895 1720 2937; baseline -0.002 -9"><span class='ocrx_word' id='word_1_591' title='bbox 330 2896 455 2928; x_wconf 86' lang='lat' dir='ltr'><strong>auditis</strong></span> <span class='ocrx_word' id='word_1_592' title='bbox 477 2897 567 2930; x_wconf 87' lang='lat' dir='ltr'><strong>dicta</strong></span> <span class='ocrx_word' id='word_1_593' title='bbox 589 2897 716 2937; x_wconf 82' lang='lat' dir='ltr'><strong>Sibissa,</strong></span> <span class='ocrx_word' id='word_1_594' title='bbox 739 2897 868 2935; x_wconf 84' lang='lat' dir='ltr'><strong>territa,</strong></span> <span class='ocrx_word' id='word_1_595' title='bbox 886 2896 988 2928; x_wconf 81' lang='lat' dir='ltr'><strong>verba</strong></span> <span class='ocrx_word' id='word_1_596' title='bbox 1010 2895 1153 2937; x_wconf 89' lang='lat' dir='ltr'><strong>protulit</strong></span> <span class='ocrx_word' id='word_1_597' title='bbox 1173 2895 1210 2926; x_wconf 92' lang='lat' dir='ltr'><strong>in</strong></span> <span class='ocrx_word' id='word_1_598' title='bbox 1232 2895 1485 2926; x_wconf 85' lang='lat' dir='ltr'><strong>matrimonium</strong></span> <span class='ocrx_word' id='word_1_599' title='bbox 1502 2895 1667 2934; x_wconf 87' lang='lat' dir='ltr'><strong>sonancia,</strong></span> <span class='ocrx_word' id='word_1_600' title='bbox 1684 2897 1720 2925; x_wconf 82' lang='lat' dir='ltr'><strong>et</strong></span> 
     </span>
     <span class='ocr_line' id='line_1_62' title="bbox 330 2937 1718 2984; baseline -0.001 -12"><span class='ocrx_word' id='word_1_601' title='bbox 330 2943 457 2973; x_wconf 88' lang='lat' dir='ltr'><strong>extunc</strong></span> <span class='ocrx_word' id='word_1_602' title='bbox 470 2940 617 2984; x_wconf 82' lang='lat' dir='ltr'><strong>ingressa</strong></span> <span class='ocrx_word' id='word_1_603' title='bbox 633 2941 815 2974; x_wconf 85' lang='lat' dir='ltr'><strong>Ecclesiam</strong></span> <span class='ocrx_word' id='word_1_604' title='bbox 827 2940 1033 2973; x_wconf 83' lang='lat' dir='ltr'><strong>antedictam</strong></span> <span class='ocrx_word' id='word_1_605' title='bbox 1049 2938 1380 2983; x_wconf 83' lang='lat' dir='ltr'><strong>solempnizacionem</strong></span> <span class='ocrx_word' id='word_1_606' title='bbox 1397 2937 1503 2971; x_wconf 87' lang='lat' dir='ltr'><strong>subiit</strong></span> <span class='ocrx_word' id='word_1_607' title='bbox 1517 2938 1667 2970; x_wconf 83' lang='lat' dir='ltr'><strong>renitens</strong></span> <span class='ocrx_word' id='word_1_608' title='bbox 1682 2940 1718 2971; x_wconf 83' lang='lat' dir='ltr'><strong>et</strong></span> 
     </span>
    </p>
   </div>
  </div>
 </body>
</html>
