<?xml version="1.0" encoding="UTF-8"?>
<!DOCTYPE html PUBLIC "-//W3C//DTD XHTML 1.0 Transitional//EN"
    "http://www.w3.org/TR/xhtml1/DTD/xhtml1-transitional.dtd">
<html xmlns="http://www.w3.org/1999/xhtml" xml:lang="en" lang="en">
 <head>
  <title>
</title>
<meta http-equiv="Content-Type" content="text/html;charset=utf-8" />
  <meta name='ocr-system' content='tesseract 3.04.00' />
  <meta name='ocr-capabilities' content='ocr_page ocr_carea ocr_par ocr_line ocrx_word'/>
</head>
<body>
  <div class='ocr_page' id='page_1' title='image "./registerofthomas01hinguoft/registerofthomas01hinguoft_0278.png"; bbox 0 0 1988 3256; ppageno 0'>
   <div class='ocr_carea' id='block_1_1' title="bbox 288 339 385 385">
    <p class='ocr_par' dir='ltr' id='par_1_1' title="bbox 288 339 385 385">
     <span class='ocr_line' id='line_1_1' title="bbox 288 339 385 385; baseline 0.01 -1"><span class='ocrx_word' id='word_1_1' title='bbox 288 339 385 385; x_wconf 82' lang='lat'><strong>260</strong></span> 
     </span>
    </p>
   </div>
   <div class='ocr_carea' id='block_1_2' title="bbox 285 454 392 550">
    <p class='ocr_par' dir='ltr' id='par_1_2' title="bbox 285 454 392 550">
     <span class='ocr_line' id='line_1_2' title="bbox 285 454 363 481; baseline 0 0"><span class='ocrx_word' id='word_1_2' title='bbox 285 454 363 481; x_wconf 68' lang='lat' dir='ltr'>A„1).</span> 
     </span>
     <span class='ocr_line' id='line_1_3' title="bbox 287 488 392 550; baseline 0.019 -2"><span class='ocrx_word' id='word_1_3' title='bbox 287 488 392 550; x_wconf 48' lang='lat' dir='ltr'><strong>ff}</strong></span> 
     </span>
    </p>
   </div>
   <div class='ocr_carea' id='block_1_3' title="bbox 291 1933 397 1961">
    <p class='ocr_par' dir='ltr' id='par_1_3' title="bbox 291 1933 397 1961">
     <span class='ocr_line' id='line_1_4' title="bbox 291 1933 397 1961; baseline 0.009 -2"><span class='ocrx_word' id='word_1_4' title='bbox 291 1933 339 1961; x_wconf 65' lang='lat' dir='ltr'><strong>ssoh</strong></span> <span class='ocrx_word' id='word_1_5' title='bbox 354 1933 397 1960; x_wconf 81' lang='lat'><strong>20.</strong></span> 
     </span>
    </p>
   </div>
   <div class='ocr_carea' id='block_1_4' title="bbox 290 2367 370 2428">
    <p class='ocr_par' dir='ltr' id='par_1_4' title="bbox 290 2367 370 2428">
     <span class='ocr_line' id='line_1_5' title="bbox 290 2367 370 2394; baseline -0.013 0"><span class='ocrx_word' id='word_1_6' title='bbox 290 2367 370 2394; x_wconf 59' lang='lat'>1&amp;.1).</span> 
     </span>
     <span class='ocr_line' id='line_1_6' title="bbox 292 2400 368 2428; baseline -0.013 0"><span class='ocrx_word' id='word_1_7' title='bbox 292 2400 368 2428; x_wconf 81' lang='lat'><strong>1372.</strong></span> 
     </span>
    </p>
   </div>
   <div class='ocr_carea' id='block_1_5' title="bbox 486 351 1622 386">
    <p class='ocr_par' dir='ltr' id='par_1_5' title="bbox 486 351 1622 386">
     <span class='ocr_line' id='line_1_7' title="bbox 486 351 1622 386; baseline 0.002 -2"><span class='ocrx_word' id='word_1_8' title='bbox 486 351 586 384; x_wconf 73' lang='lat' dir='ltr'><strong>THE</strong></span> <span class='ocrx_word' id='word_1_9' title='bbox 620 351 866 385; x_wconf 76' lang='lat' dir='ltr'><strong>REGISTER</strong></span> <span class='ocrx_word' id='word_1_10' title='bbox 901 351 963 384; x_wconf 82' lang='lat' dir='ltr'><strong>OF</strong></span> <span class='ocrx_word' id='word_1_11' title='bbox 995 351 1175 385; x_wconf 86' lang='lat' dir='ltr'><strong>BISHOP</strong></span> <span class='ocrx_word' id='word_1_12' title='bbox 1206 351 1622 386; x_wconf 77' lang='lat' dir='ltr'><strong>BRANTYNGHAM.</strong></span> 
     </span>
    </p>
   </div>
   <div class='ocr_carea' id='block_1_6' title="bbox 439 453 1833 1285">
    <p class='ocr_par' dir='ltr' id='par_1_6' title="bbox 439 453 1833 1285">
     <span class='ocr_line' id='line_1_8' title="bbox 440 453 1829 499; baseline -0.001 -11"><span class='ocrx_word' id='word_1_13' title='bbox 440 459 476 488; x_wconf 88' lang='lat' dir='ltr'><strong>et</strong></span> <span class='ocrx_word' id='word_1_14' title='bbox 497 457 694 489; x_wconf 85' lang='lat' dir='ltr'><strong>confirmata</strong></span> <span class='ocrx_word' id='word_1_15' title='bbox 716 459 798 489; x_wconf 89' lang='lat' dir='ltr'><strong>sunt</strong></span> <span class='ocrx_word' id='word_1_16' title='bbox 820 468 855 488; x_wconf 89' lang='lat' dir='ltr'><strong>se</strong></span> <span class='ocrx_word' id='word_1_17' title='bbox 879 457 984 498; x_wconf 87' lang='lat' dir='ltr'><strong>possit</strong></span> <span class='ocrx_word' id='word_1_18' title='bbox 1006 456 1228 498; x_wconf 69' lang='lat' dir='ltr'><strong>imposterum</strong></span> <span class='ocrx_word' id='word_1_19' title='bbox 1251 457 1472 499; x_wconf 79' lang='lat' dir='ltr'>quovismodo</span> <span class='ocrx_word' id='word_1_20' title='bbox 1494 467 1663 496; x_wconf 83' lang='lat' dir='ltr'><strong>excusare,</strong></span> <span class='ocrx_word' id='word_1_21' title='bbox 1688 455 1762 494; x_wconf 89' lang='lat' dir='ltr'><strong>tibi,</strong></span> <span class='ocrx_word' id='word_1_22' title='bbox 1780 453 1829 487; x_wconf 77' lang='lat' dir='ltr'><strong>fili</strong></span> 
     </span>
     <span class='ocr_line' id='line_1_9' title="bbox 440 500 1828 542; baseline -0.001 -10"><span class='ocrx_word' id='word_1_23' title='bbox 440 500 595 541; x_wconf 64' lang='lat' dir='ltr'><strong>Sam-ista,</strong></span> <span class='ocrx_word' id='word_1_24' title='bbox 611 501 857 532; x_wconf 88' lang='lat' dir='ltr'><strong>committimus</strong></span> <span class='ocrx_word' id='word_1_25' title='bbox 880 504 915 531; x_wconf 90' lang='lat' dir='ltr'><strong>et</strong></span> <span class='ocrx_word' id='word_1_26' title='bbox 938 500 1139 532; x_wconf 79' lang='lat' dir='ltr'><strong>mandamus</strong></span> <span class='ocrx_word' id='word_1_27' title='bbox 1162 501 1323 542; x_wconf 86' lang='lat' dir='ltr'><strong>quatinus</strong></span> <span class='ocrx_word' id='word_1_28' title='bbox 1346 501 1407 532; x_wconf 92' lang='lat' dir='ltr'><strong>hec</strong></span> <span class='ocrx_word' id='word_1_29' title='bbox 1423 501 1535 532; x_wconf 85' lang='lat' dir='ltr'><strong>omnia</strong></span> <span class='ocrx_word' id='word_1_30' title='bbox 1550 504 1586 533; x_wconf 86' lang='lat' dir='ltr'><strong>et</strong></span> <span class='ocrx_word' id='word_1_31' title='bbox 1601 500 1743 541; x_wconf 84' lang='lat' dir='ltr'><strong>singula,</strong></span> <span class='ocrx_word' id='word_1_32' title='bbox 1761 509 1828 540; x_wconf 86' lang='lat' dir='ltr'><strong>que</strong></span> 
     </span>
     <span class='ocr_line' id='line_1_10' title="bbox 439 542 1828 585; baseline -0.001 -10"><span class='ocrx_word' id='word_1_33' title='bbox 439 544 473 575; x_wconf 89' lang='lat' dir='ltr'><strong>in</strong></span> <span class='ocrx_word' id='word_1_34' title='bbox 498 545 710 585; x_wconf 75' lang='lat' dir='ltr'><strong>presentibus</strong></span> <span class='ocrx_word' id='word_1_35' title='bbox 736 544 856 576; x_wconf 90' lang='lat' dir='ltr'><strong>Literis</strong></span> <span class='ocrx_word' id='word_1_36' title='bbox 879 544 1123 585; x_wconf 78' lang='lat' dir='ltr'><strong>amplectimur,</strong></span> <span class='ocrx_word' id='word_1_37' title='bbox 1147 545 1181 575; x_wconf 93' lang='lat' dir='ltr'><strong>in</strong></span> <span class='ocrx_word' id='word_1_38' title='bbox 1204 544 1295 577; x_wconf 76' lang='lat' dir='ltr'><strong>dicta</strong></span> <span class='ocrx_word' id='word_1_39' title='bbox 1319 545 1454 585; x_wconf 75' lang='lat' dir='ltr'><strong>Capella</strong></span> <span class='ocrx_word' id='word_1_40' title='bbox 1477 545 1578 576; x_wconf 78' lang='lat' dir='ltr'><strong>facias</strong></span> <span class='ocrx_word' id='word_1_41' title='bbox 1608 542 1828 584; x_wconf 72' lang='lat' dir='ltr'><strong>solempniter</strong></span> 
     </span>
     <span class='ocr_line' id='line_1_11' title="bbox 442 587 1828 629; baseline -0.001 -10"><span class='ocrx_word' id='word_1_42' title='bbox 442 588 605 629; x_wconf 87' lang='lat' dir='ltr'><strong>publicari</strong></span> <span class='ocrx_word' id='word_1_43' title='bbox 631 588 758 620; x_wconf 89' lang='lat' dir='ltr'><strong>tociens</strong></span> <span class='ocrx_word' id='word_1_44' title='bbox 786 588 955 619; x_wconf 87' lang='lat' dir='ltr'><strong>videbitur</strong></span> <span class='ocrx_word' id='word_1_45' title='bbox 979 587 1144 628; x_wconf 88' lang='lat' dir='ltr'><strong>expedire,</strong></span> <span class='ocrx_word' id='word_1_46' title='bbox 1173 591 1208 619; x_wconf 89' lang='lat' dir='ltr'><strong>et</strong></span> <span class='ocrx_word' id='word_1_47' title='bbox 1237 588 1280 619; x_wconf 84' lang='lat' dir='ltr'><strong>ad</strong></span> <span class='ocrx_word' id='word_1_48' title='bbox 1310 589 1470 620; x_wconf 81' lang='lat' dir='ltr'><strong>noticiam</strong></span> <span class='ocrx_word' id='word_1_49' title='bbox 1500 587 1653 620; x_wconf 89' lang='lat' dir='ltr'><strong>omnium</strong></span> <span class='ocrx_word' id='word_1_50' title='bbox 1682 595 1828 628; x_wconf 87' lang='lat' dir='ltr'><strong>quorum</strong></span> 
     </span>
     <span class='ocr_line' id='line_1_12' title="bbox 443 630 1832 671; baseline -0.001 -8"><span class='ocrx_word' id='word_1_51' title='bbox 443 631 586 663; x_wconf 83' lang='lat' dir='ltr'><strong>interest</strong></span> <span class='ocrx_word' id='word_1_52' title='bbox 614 632 746 663; x_wconf 89' lang='lat' dir='ltr'><strong>deduci.</strong></span> <span class='ocrx_word' id='word_1_53' title='bbox 805 632 968 671; x_wconf 84' lang='lat' dir='ltr'><strong>Preterea,</strong></span> <span class='ocrx_word' id='word_1_54' title='bbox 999 642 1076 663; x_wconf 91' lang='lat' dir='ltr'><strong>cum</strong></span> <span class='ocrx_word' id='word_1_55' title='bbox 1104 642 1145 663; x_wconf 86' lang='lat' dir='ltr'><strong>ex</strong></span> <span class='ocrx_word' id='word_1_56' title='bbox 1171 631 1381 663; x_wconf 76' lang='lat' dir='ltr'><strong>habitacione</strong></span> <span class='ocrx_word' id='word_1_57' title='bbox 1408 632 1614 664; x_wconf 88' lang='lat' dir='ltr'><strong>Clericorum</strong></span> <span class='ocrx_word' id='word_1_58' title='bbox 1641 630 1772 662; x_wconf 87' lang='lat' dir='ltr'><strong>diversa</strong></span> <span class='ocrx_word' id='word_1_59' title='bbox 1795 631 1832 661; x_wconf 78' lang='lat' dir='ltr'><strong>et</strong></span> 
     </span>
     <span class='ocr_line' id='line_1_13' title="bbox 443 674 1831 716; baseline -0.001 -10"><span class='ocrx_word' id='word_1_60' title='bbox 443 675 591 707; x_wconf 79' lang='lat' dir='ltr'><strong>solitaria</strong></span> <span class='ocrx_word' id='word_1_61' title='bbox 606 676 732 707; x_wconf 79' lang='lat' dir='ltr'><strong>occasio</strong></span> <span class='ocrx_word' id='word_1_62' title='bbox 747 675 894 707; x_wconf 82' lang='lat' dir='ltr'><strong>scandali</strong></span> <span class='ocrx_word' id='word_1_63' title='bbox 905 685 983 716; x_wconf 87' lang='lat' dir='ltr'><strong>sepe</strong></span> <span class='ocrx_word' id='word_1_64' title='bbox 999 675 1222 714; x_wconf 84' lang='lat' dir='ltr'><strong>ministratur,</strong></span> <span class='ocrx_word' id='word_1_65' title='bbox 1238 679 1272 707; x_wconf 87' lang='lat' dir='ltr'><strong>et</strong></span> <span class='ocrx_word' id='word_1_66' title='bbox 1287 676 1434 716; x_wconf 85' lang='lat' dir='ltr'><strong>dignitas</strong></span> <span class='ocrx_word' id='word_1_67' title='bbox 1457 674 1678 707; x_wconf 84' lang='lat' dir='ltr'><strong>Sacerdotalis</strong></span> <span class='ocrx_word' id='word_1_68' title='bbox 1694 676 1831 715; x_wconf 88' lang='lat' dir='ltr'><strong>propter</strong></span> 
     </span>
     <span class='ocr_line' id='line_1_14' title="bbox 443 719 1830 760; baseline -0.001 -10"><span class='ocrx_word' id='word_1_69' title='bbox 443 719 579 751; x_wconf 89' lang='lat' dir='ltr'><strong>illorum</strong></span> <span class='ocrx_word' id='word_1_70' title='bbox 597 719 810 751; x_wconf 84' lang='lat' dir='ltr'><strong>inhonestam</strong></span> <span class='ocrx_word' id='word_1_71' title='bbox 833 722 868 750; x_wconf 88' lang='lat' dir='ltr'><strong>et</strong></span> <span class='ocrx_word' id='word_1_72' title='bbox 891 719 1107 750; x_wconf 77' lang='lat' dir='ltr'><strong>indiscretam</strong></span> <span class='ocrx_word' id='word_1_73' title='bbox 1129 719 1417 751; x_wconf 86' lang='lat' dir='ltr'><strong>conversacionem</strong></span> <span class='ocrx_word' id='word_1_74' title='bbox 1440 730 1458 750; x_wconf 87' lang='lat' dir='ltr'><strong>a</strong></span> <span class='ocrx_word' id='word_1_75' title='bbox 1481 719 1635 760; x_wconf 88' lang='lat' dir='ltr'><strong>pluribus</strong></span> <span class='ocrx_word' id='word_1_76' title='bbox 1658 721 1830 757; x_wconf 88' lang='lat' dir='ltr'><strong>contemp-</strong></span> 
     </span>
     <span class='ocr_line' id='line_1_15' title="bbox 442 761 1830 804; baseline -0.002 -10"><span class='ocrx_word' id='word_1_77' title='bbox 442 763 548 802; x_wconf 84' lang='lat' dir='ltr'><strong>nitur,</strong></span> <span class='ocrx_word' id='word_1_78' title='bbox 566 763 701 794; x_wconf 85' lang='lat' dir='ltr'><strong>devocio</strong></span> <span class='ocrx_word' id='word_1_79' title='bbox 718 763 833 804; x_wconf 86' lang='lat' dir='ltr'><strong>populi</strong></span> <span class='ocrx_word' id='word_1_80' title='bbox 849 763 1024 803; x_wconf 86' lang='lat' dir='ltr'><strong>minuitur,</strong></span> <span class='ocrx_word' id='word_1_81' title='bbox 1043 763 1224 804; x_wconf 86' lang='lat' dir='ltr'><strong>Divinique</strong></span> <span class='ocrx_word' id='word_1_82' title='bbox 1241 763 1363 795; x_wconf 80' lang='lat' dir='ltr'><strong>Cultus</strong></span> <span class='ocrx_word' id='word_1_83' title='bbox 1379 767 1415 794; x_wconf 90' lang='lat' dir='ltr'><strong>et</strong></span> <span class='ocrx_word' id='word_1_84' title='bbox 1430 763 1536 794; x_wconf 92' lang='lat' dir='ltr'><strong>honor</strong></span> <span class='ocrx_word' id='word_1_85' title='bbox 1551 761 1698 794; x_wconf 83' lang='lat' dir='ltr'><strong>Ecclesie</strong></span> <span class='ocrx_word' id='word_1_86' title='bbox 1712 761 1830 802; x_wconf 87' lang='lat' dir='ltr'><strong>damp-</strong></span> 
     </span>
     <span class='ocr_line' id='line_1_16' title="bbox 443 805 1830 847; baseline -0.001 -9"><span class='ocrx_word' id='word_1_87' title='bbox 443 807 600 838; x_wconf 85' lang='lat' dir='ltr'><strong>nabiliter</strong></span> <span class='ocrx_word' id='word_1_88' title='bbox 626 810 813 838; x_wconf 89' lang='lat' dir='ltr'><strong>noscuntur</strong></span> <span class='ocrx_word' id='word_1_89' title='bbox 839 807 1014 847; x_wconf 81' lang='lat' dir='ltr'><strong>deperire3</strong></span> <span class='ocrx_word' id='word_1_90' title='bbox 1053 807 1211 845; x_wconf 88' lang='lat' dir='ltr'><strong>volentes,</strong></span> <span class='ocrx_word' id='word_1_91' title='bbox 1236 807 1350 847; x_wconf 86' lang='lat' dir='ltr'><strong>igitur,</strong></span> <span class='ocrx_word' id='word_1_92' title='bbox 1380 809 1419 838; x_wconf 88' lang='lat' dir='ltr'><strong>ut</strong></span> <span class='ocrx_word' id='word_1_93' title='bbox 1445 809 1611 845; x_wconf 86' lang='lat' dir='ltr'><strong>tenemur,</strong></span> <span class='ocrx_word' id='word_1_94' title='bbox 1640 805 1830 836; x_wconf 81' lang='lat' dir='ltr'><strong>animarum</strong></span> 
     </span>
     <span class='ocr_line' id='line_1_17' title="bbox 443 849 1829 891; baseline -0.001 -10"><span class='ocrx_word' id='word_1_95' title='bbox 443 851 599 891; x_wconf 87' lang='lat' dir='ltr'><strong>periculis</strong></span> <span class='ocrx_word' id='word_1_96' title='bbox 628 851 771 890; x_wconf 87' lang='lat' dir='ltr'><strong>obviare,</strong></span> <span class='ocrx_word' id='word_1_97' title='bbox 803 850 957 882; x_wconf 82' lang='lat' dir='ltr'><strong>scandala</strong></span> <span class='ocrx_word' id='word_1_98' title='bbox 981 860 1160 890; x_wconf 87' lang='lat' dir='ltr'><strong>removere,</strong></span> <span class='ocrx_word' id='word_1_99' title='bbox 1187 853 1222 882; x_wconf 86' lang='lat' dir='ltr'><strong>et</strong></span> <span class='ocrx_word' id='word_1_100' title='bbox 1248 851 1329 890; x_wconf 93' lang='lat' dir='ltr'><strong>Deo,</strong></span> <span class='ocrx_word' id='word_1_101' title='bbox 1359 853 1460 891; x_wconf 89' lang='lat' dir='ltr'><strong>prout</strong></span> <span class='ocrx_word' id='word_1_102' title='bbox 1482 850 1589 889; x_wconf 87' lang='lat' dir='ltr'><strong>decet,</strong></span> <span class='ocrx_word' id='word_1_103' title='bbox 1615 849 1829 890; x_wconf 82' lang='lat' dir='ltr'><strong>complacere,</strong></span> 
     </span>
     <span class='ocr_line' id='line_1_18' title="bbox 443 891 1829 935; baseline -0.002 -10"><span class='ocrx_word' id='word_1_104' title='bbox 443 905 559 925; x_wconf 90' lang='lat' dir='ltr'><strong>omnes</strong></span> <span class='ocrx_word' id='word_1_105' title='bbox 576 899 610 925; x_wconf 92' lang='lat' dir='ltr'><strong>et</strong></span> <span class='ocrx_word' id='word_1_106' title='bbox 625 895 773 935; x_wconf 86' lang='lat' dir='ltr'><strong>singulos</strong></span> <span class='ocrx_word' id='word_1_107' title='bbox 789 894 935 926; x_wconf 80' lang='lat' dir='ltr'><strong>Vicarios</strong></span> <span class='ocrx_word' id='word_1_108' title='bbox 952 893 1085 935; x_wconf 81' lang='lat' dir='ltr'><strong>Capelle</strong></span> <span class='ocrx_word' id='word_1_109' title='bbox 1102 894 1143 925; x_wconf 92' lang='lat' dir='ltr'><strong>de</strong></span> <span class='ocrx_word' id='word_1_110' title='bbox 1163 894 1324 926; x_wconf 83' lang='lat' dir='ltr'><strong>Bosehatn</strong></span> <span class='ocrx_word' id='word_1_111' title='bbox 1341 893 1498 935; x_wconf 81' lang='lat' dir='ltr'><strong>predicte,</strong></span> <span class='ocrx_word' id='word_1_112' title='bbox 1515 904 1600 935; x_wconf 87' lang='lat' dir='ltr'><strong>quos</strong></span> <span class='ocrx_word' id='word_1_113' title='bbox 1623 903 1714 924; x_wconf 90' lang='lat' dir='ltr'><strong>more</strong></span> <span class='ocrx_word' id='word_1_114' title='bbox 1729 891 1829 924; x_wconf 87' lang='lat' dir='ltr'><strong>solito</strong></span> 
     </span>
     <span class='ocr_line' id='line_1_19' title="bbox 442 936 1830 979; baseline -0.001 -11"><span class='ocrx_word' id='word_1_115' title='bbox 442 938 644 978; x_wconf 84' lang='lat' dir='ltr'><strong>presbiteros</strong></span> <span class='ocrx_word' id='word_1_116' title='bbox 666 949 737 970; x_wconf 89' lang='lat' dir='ltr'><strong>esse</strong></span> <span class='ocrx_word' id='word_1_117' title='bbox 761 938 926 977; x_wconf 85' lang='lat' dir='ltr'><strong>volumus,</strong></span> <span class='ocrx_word' id='word_1_118' title='bbox 945 938 1120 969; x_wconf 83' lang='lat' dir='ltr'><strong>hortamur</strong></span> <span class='ocrx_word' id='word_1_119' title='bbox 1135 938 1170 969; x_wconf 89' lang='lat' dir='ltr'><strong>in</strong></span> <span class='ocrx_word' id='word_1_120' title='bbox 1190 938 1343 976; x_wconf 75' lang='lat' dir='ltr'><strong>Domino,</strong></span> <span class='ocrx_word' id='word_1_121' title='bbox 1359 938 1486 979; x_wconf 87' lang='lat' dir='ltr'><strong>eisdem</strong></span> <span class='ocrx_word' id='word_1_122' title='bbox 1509 937 1544 969; x_wconf 88' lang='lat' dir='ltr'><strong>in</strong></span> <span class='ocrx_word' id='word_1_123' title='bbox 1562 937 1690 968; x_wconf 88' lang='lat' dir='ltr'><strong>virtute</strong></span> <span class='ocrx_word' id='word_1_124' title='bbox 1705 936 1830 968; x_wconf 79' lang='lat' dir='ltr'><strong>Sancte</strong></span> 
     </span>
     <span class='ocr_line' id='line_1_20' title="bbox 443 981 1830 1023; baseline -0.002 -10"><span class='ocrx_word' id='word_1_125' title='bbox 443 981 643 1014; x_wconf 86' lang='lat' dir='ltr'><strong>Obediencie</strong></span> <span class='ocrx_word' id='word_1_126' title='bbox 663 982 890 1023; x_wconf 85' lang='lat' dir='ltr'><strong>injungentes,</strong></span> <span class='ocrx_word' id='word_1_127' title='bbox 908 981 1079 1022; x_wconf 85' lang='lat' dir='ltr'><strong>quatinus,</strong></span> <span class='ocrx_word' id='word_1_128' title='bbox 1099 982 1270 1023; x_wconf 83' lang='lat' dir='ltr'><strong>quamcito</strong></span> <span class='ocrx_word' id='word_1_129' title='bbox 1285 982 1460 1013; x_wconf 88' lang='lat' dir='ltr'><strong>commode</strong></span> <span class='ocrx_word' id='word_1_130' title='bbox 1483 983 1654 1022; x_wconf 86' lang='lat' dir='ltr'><strong>poterunt,</strong></span> <span class='ocrx_word' id='word_1_131' title='bbox 1671 982 1830 1011; x_wconf 81' lang='lat' dir='ltr'><strong>maneant</strong></span> 
     </span>
     <span class='ocr_line' id='line_1_21' title="bbox 443 1024 1830 1067; baseline -0.002 -10"><span class='ocrx_word' id='word_1_132' title='bbox 443 1025 544 1057; x_wconf 87' lang='lat' dir='ltr'><strong>simul</strong></span> <span class='ocrx_word' id='word_1_133' title='bbox 560 1029 596 1057; x_wconf 93' lang='lat' dir='ltr'><strong>et</strong></span> <span class='ocrx_word' id='word_1_134' title='bbox 610 1026 786 1058; x_wconf 81' lang='lat' dir='ltr'><strong>caritative</strong></span> <span class='ocrx_word' id='word_1_135' title='bbox 802 1026 917 1057; x_wconf 88' lang='lat' dir='ltr'><strong>vivant</strong></span> <span class='ocrx_word' id='word_1_136' title='bbox 932 1025 967 1056; x_wconf 89' lang='lat' dir='ltr'><strong>in</strong></span> <span class='ocrx_word' id='word_1_137' title='bbox 990 1026 1162 1057; x_wconf 90' lang='lat' dir='ltr'><strong>communi</strong></span> <span class='ocrx_word' id='word_1_138' title='bbox 1179 1036 1187 1065; x_wconf 93' lang='lat'>;</span> <span class='ocrx_word' id='word_1_139' title='bbox 1211 1025 1410 1067; x_wconf 86' lang='lat' dir='ltr'><strong>minuteque</strong></span> <span class='ocrx_word' id='word_1_140' title='bbox 1425 1025 1564 1064; x_wconf 89' lang='lat' dir='ltr'><strong>decime,</strong></span> <span class='ocrx_word' id='word_1_141' title='bbox 1580 1024 1777 1061; x_wconf 79' lang='lat' dir='ltr'><strong>oblaciones,</strong></span> <span class='ocrx_word' id='word_1_142' title='bbox 1795 1025 1830 1053; x_wconf 88' lang='lat' dir='ltr'><strong>et</strong></span> 
     </span>
     <span class='ocr_line' id='line_1_22' title="bbox 444 1067 1830 1111; baseline -0.001 -11"><span class='ocrx_word' id='word_1_143' title='bbox 444 1073 629 1110; x_wconf 88' lang='lat' dir='ltr'><strong>proventus</strong></span> <span class='ocrx_word' id='word_1_144' title='bbox 655 1070 917 1111; x_wconf 82' lang='lat' dir='ltr'><strong>qualescumque</strong></span> <span class='ocrx_word' id='word_1_145' title='bbox 941 1069 983 1100; x_wconf 86' lang='lat' dir='ltr'><strong>ad</strong></span> <span class='ocrx_word' id='word_1_146' title='bbox 1010 1070 1145 1100; x_wconf 90' lang='lat' dir='ltr'><strong>eosdem</strong></span> <span class='ocrx_word' id='word_1_147' title='bbox 1172 1069 1390 1110; x_wconf 83' lang='lat' dir='ltr'><strong>pertinentes,</strong></span> <span class='ocrx_word' id='word_1_148' title='bbox 1418 1080 1476 1110; x_wconf 90' lang='lat' dir='ltr'><strong>per</strong></span> <span class='ocrx_word' id='word_1_149' title='bbox 1505 1078 1612 1100; x_wconf 90' lang='lat' dir='ltr'><strong>unum</strong></span> <span class='ocrx_word' id='word_1_150' title='bbox 1635 1067 1830 1105; x_wconf 81' lang='lat' dir='ltr'><strong>eorundem,</strong></span> 
     </span>
     <span class='ocr_line' id='line_1_23' title="bbox 444 1112 1831 1155; baseline -0.002 -11"><span class='ocrx_word' id='word_1_151' title='bbox 444 1123 546 1154; x_wconf 86' lang='lat' dir='ltr'><strong>quem</strong></span> <span class='ocrx_word' id='word_1_152' title='bbox 569 1113 629 1152; x_wconf 89' lang='lat' dir='ltr'><strong>illi,</strong></span> <span class='ocrx_word' id='word_1_153' title='bbox 656 1124 715 1145; x_wconf 89' lang='lat' dir='ltr'><strong>seu</strong></span> <span class='ocrx_word' id='word_1_154' title='bbox 739 1113 847 1155; x_wconf 85' lang='lat' dir='ltr'><strong>major</strong></span> <span class='ocrx_word' id='word_1_155' title='bbox 868 1123 945 1154; x_wconf 89' lang='lat' dir='ltr'><strong>pars</strong></span> <span class='ocrx_word' id='word_1_156' title='bbox 967 1112 1104 1145; x_wconf 85' lang='lat' dir='ltr'><strong>illorum</strong></span> <span class='ocrx_word' id='word_1_157' title='bbox 1126 1113 1295 1152; x_wconf 84' lang='lat' dir='ltr'><strong>duxerint,</strong></span> <span class='ocrx_word' id='word_1_158' title='bbox 1319 1113 1372 1144; x_wconf 82' lang='lat' dir='ltr'><strong>vel</strong></span> <span class='ocrx_word' id='word_1_159' title='bbox 1394 1112 1533 1144; x_wconf 84' lang='lat' dir='ltr'><strong>duxerit</strong></span> <span class='ocrx_word' id='word_1_160' title='bbox 1554 1112 1758 1152; x_wconf 87' lang='lat' dir='ltr'><strong>eligendum,</strong></span> <span class='ocrx_word' id='word_1_161' title='bbox 1781 1119 1831 1141; x_wconf 88' lang='lat' dir='ltr'><strong>re-</strong></span> 
     </span>
     <span class='ocr_line' id='line_1_24' title="bbox 444 1155 1832 1198; baseline -0.002 -10"><span class='ocrx_word' id='word_1_162' title='bbox 444 1156 621 1198; x_wconf 84' lang='lat' dir='ltr'><strong>cipiantur,</strong></span> <span class='ocrx_word' id='word_1_163' title='bbox 640 1160 675 1188; x_wconf 88' lang='lat' dir='ltr'><strong>et</strong></span> <span class='ocrx_word' id='word_1_164' title='bbox 691 1168 751 1198; x_wconf 87' lang='lat' dir='ltr'><strong>pro</strong></span> <span class='ocrx_word' id='word_1_165' title='bbox 765 1157 936 1189; x_wconf 89' lang='lat' dir='ltr'><strong>communi</strong></span> <span class='ocrx_word' id='word_1_166' title='bbox 949 1157 1100 1188; x_wconf 85' lang='lat' dir='ltr'><strong>utilitate</strong></span> <span class='ocrx_word' id='word_1_167' title='bbox 1116 1167 1232 1188; x_wconf 92' lang='lat' dir='ltr'><strong>eorum</strong></span> <span class='ocrx_word' id='word_1_168' title='bbox 1245 1156 1468 1197; x_wconf 86' lang='lat' dir='ltr'><strong>disponantur</strong></span> <span class='ocrx_word' id='word_1_169' title='bbox 1480 1159 1515 1187; x_wconf 85' lang='lat' dir='ltr'><strong>et</strong></span> <span class='ocrx_word' id='word_1_170' title='bbox 1526 1155 1807 1187; x_wconf 76' lang='lat' dir='ltr'><strong>administrentur</strong></span> <span class='ocrx_word' id='word_1_171' title='bbox 1823 1163 1832 1192; x_wconf 91' lang='lat'>;</span> 
     </span>
     <span class='ocr_line' id='line_1_25' title="bbox 444 1196 1833 1242; baseline -0.003 -10"><span class='ocrx_word' id='word_1_172' title='bbox 444 1200 504 1242; x_wconf 91' lang='lat' dir='ltr'><strong>qui</strong></span> <span class='ocrx_word' id='word_1_173' title='bbox 526 1201 645 1232; x_wconf 90' lang='lat' dir='ltr'><strong>ceteris</strong></span> <span class='ocrx_word' id='word_1_174' title='bbox 671 1200 940 1232; x_wconf 88' lang='lat' dir='ltr'><strong>communicariis</strong></span> <span class='ocrx_word' id='word_1_175' title='bbox 966 1200 1009 1232; x_wconf 91' lang='lat' dir='ltr'><strong>de</strong></span> <span class='ocrx_word' id='word_1_176' title='bbox 1034 1201 1176 1242; x_wconf 83' lang='lat' dir='ltr'><strong>receptis</strong></span> <span class='ocrx_word' id='word_1_177' title='bbox 1203 1204 1239 1231; x_wconf 88' lang='lat' dir='ltr'><strong>et</strong></span> <span class='ocrx_word' id='word_1_178' title='bbox 1261 1200 1506 1232; x_wconf 83' lang='lat' dir='ltr'><strong>administratis</strong></span> <span class='ocrx_word' id='word_1_179' title='bbox 1528 1199 1712 1236; x_wconf 85' lang='lat' dir='ltr'><strong>raciocinia,</strong></span> <span class='ocrx_word' id='word_1_180' title='bbox 1735 1196 1833 1229; x_wconf 88' lang='lat' dir='ltr'><strong>annis</strong></span> 
     </span>
     <span class='ocr_line' id='line_1_26' title="bbox 444 1243 1666 1285; baseline -0.001 -10"><span class='ocrx_word' id='word_1_181' title='bbox 444 1244 594 1285; x_wconf 83' lang='lat' dir='ltr'><strong>singulis,</strong></span> <span class='ocrx_word' id='word_1_182' title='bbox 611 1244 750 1276; x_wconf 89' lang='lat' dir='ltr'><strong>reddere</strong></span> <span class='ocrx_word' id='word_1_183' title='bbox 765 1244 1090 1276; x_wconf 84' lang='lat' dir='ltr'><strong>teneatur.-—-Dated</strong></span> <span class='ocrx_word' id='word_1_184' title='bbox 1107 1248 1143 1275; x_wconf 85' lang='lat' dir='ltr'><strong>at</strong></span> <span class='ocrx_word' id='word_1_185' title='bbox 1159 1244 1337 1284; x_wconf 76' lang='lat' dir='ltr'><strong>Chidham,</strong></span> <span class='ocrx_word' id='word_1_186' title='bbox 1356 1245 1375 1276; x_wconf 88' lang='lat'><strong>6</strong></span> <span class='ocrx_word' id='word_1_187' title='bbox 1393 1243 1518 1282; x_wconf 84' lang='lat' dir='ltr'><strong>March,</strong></span> <span class='ocrx_word' id='word_1_188' title='bbox 1536 1243 1666 1276; x_wconf 85' lang='lat'>1371-2.</span> 
     </span>
    </p>
   </div>
   <div class='ocr_carea' id='block_1_7' title="bbox 398 1296 1832 1347">
    <p class='ocr_par' dir='ltr' id='par_1_7' title="bbox 398 1296 1832 1347">
     <span class='ocr_line' id='line_1_27' title="bbox 398 1296 1832 1347; baseline -0.001 -11"><span class='ocrx_word' id='word_1_189' title='bbox 398 1299 713 1347; x_wconf 85' lang='lat' dir='ltr'><strong>Manumission;</strong></span> <span class='ocrx_word' id='word_1_190' title='bbox 743 1298 1001 1337; x_wconf 81' lang='lat' dir='ltr'><strong>Manumissio</strong></span> <span class='ocrx_word' id='word_1_191' title='bbox 1028 1298 1231 1346; x_wconf 73' lang='lat' dir='ltr'><strong>Jokannis,</strong></span> <span class='ocrx_word' id='word_1_192' title='bbox 1252 1298 1341 1337; x_wconf 79' lang='lat' dir='ltr'><strong>nati</strong></span> <span class='ocrx_word' id='word_1_193' title='bbox 1367 1297 1536 1336; x_wconf 80' lang='lat' dir='ltr'><strong>Bicardi</strong></span> <span class='ocrx_word' id='word_1_194' title='bbox 1556 1296 1755 1346; x_wconf 75' lang='lat' dir='ltr'><strong>Milward,</strong></span> <span class='ocrx_word' id='word_1_195' title='bbox 1785 1296 1832 1334; x_wconf 76' lang='lat' dir='ltr'><strong>de</strong></span> 
     </span>
    </p>
   </div>
   <div class='ocr_carea' id='block_1_8' title="bbox 484 1352 805 1400">
    <p class='ocr_par' dir='ltr' id='par_1_8' title="bbox 484 1352 805 1400">
     <span class='ocr_line' id='line_1_28' title="bbox 484 1352 805 1400; baseline 0 -9"><span class='ocrx_word' id='word_1_196' title='bbox 484 1352 805 1400; x_wconf 74' lang='lat' dir='ltr'><strong>Okuddeham‚—</strong></span> 
     </span>
    </p>
   </div>
   <div class='ocr_carea' id='block_1_9' title="bbox 399 1405 1831 1447">
    <p class='ocr_par' dir='ltr' id='par_1_9' title="bbox 399 1405 1831 1447">
     <span class='ocr_line' id='line_1_29' title="bbox 399 1405 1831 1447; baseline -0.001 -9"><span class='ocrx_word' id='word_1_197' title='bbox 399 1407 554 1447; x_wconf 83' lang='lat' dir='ltr'><strong>Thomas,</strong></span> <span class='ocrx_word' id='word_1_198' title='bbox 571 1410 645 1447; x_wconf 80' lang='lat' dir='ltr'><strong>ctc.,</strong></span> <span class='ocrx_word' id='word_1_199' title='bbox 662 1408 819 1446; x_wconf 88' lang='lat' dir='ltr'><strong>Johanni,</strong></span> <span class='ocrx_word' id='word_1_200' title='bbox 836 1411 918 1440; x_wconf 89' lang='lat' dir='ltr'><strong>nato</strong></span> <span class='ocrx_word' id='word_1_201' title='bbox 935 1407 1069 1439; x_wconf 86' lang='lat' dir='ltr'><strong>Ricardi</strong></span> <span class='ocrx_word' id='word_1_202' title='bbox 1087 1407 1267 1446; x_wconf 87' lang='lat' dir='ltr'><strong>Mileward,</strong></span> <span class='ocrx_word' id='word_1_203' title='bbox 1285 1407 1326 1438; x_wconf 89' lang='lat' dir='ltr'><strong>de</strong></span> <span class='ocrx_word' id='word_1_204' title='bbox 1343 1406 1518 1446; x_wconf 87' lang='lat' dir='ltr'><strong>Boseham,</strong></span> <span class='ocrx_word' id='word_1_205' title='bbox 1535 1405 1642 1437; x_wconf 87' lang='lat' dir='ltr'><strong>nativi</strong></span> <span class='ocrx_word' id='word_1_206' title='bbox 1657 1405 1765 1436; x_wconf 85' lang='lat' dir='ltr'><strong>nostri</strong></span> <span class='ocrx_word' id='word_1_207' title='bbox 1788 1405 1831 1436; x_wconf 84' lang='lat' dir='ltr'><strong>de</strong></span> 
     </span>
    </p>
   </div>
   <div class='ocr_carea' id='block_1_10' title="bbox 441 1450 1832 2147">
    <p class='ocr_par' dir='ltr' id='par_1_10' title="bbox 441 1450 1832 2147">
     <span class='ocr_line' id='line_1_30' title="bbox 442 1450 1830 1490; baseline -0.001 -8"><span class='ocrx_word' id='word_1_208' title='bbox 442 1451 591 1482; x_wconf 86' lang='lat' dir='ltr'><strong>Manerio</strong></span> <span class='ocrx_word' id='word_1_209' title='bbox 614 1454 730 1483; x_wconf 87' lang='lat' dir='ltr'><strong>nostro</strong></span> <span class='ocrx_word' id='word_1_210' title='bbox 752 1452 794 1483; x_wconf 90' lang='lat' dir='ltr'><strong>de</strong></span> <span class='ocrx_word' id='word_1_211' title='bbox 819 1451 1052 1490; x_wconf 79' lang='lat' dir='ltr'><strong>Chuddeham‚</strong></span> <span class='ocrx_word' id='word_1_212' title='bbox 1075 1452 1232 1490; x_wconf 84' lang='lat' dir='ltr'><strong>salutem,</strong></span> <span class='ocrx_word' id='word_1_213' title='bbox 1250 1451 1452 1482; x_wconf 61' lang='lat' dir='ltr'><strong>etc—Cum</strong></span> <span class='ocrx_word' id='word_1_214' title='bbox 1476 1450 1683 1490; x_wconf 84' lang='lat' dir='ltr'><strong>Redemptor</strong></span> <span class='ocrx_word' id='word_1_215' title='bbox 1705 1452 1830 1488; x_wconf 78' lang='lat' dir='ltr'><strong>noster,</strong></span> 
     </span>
     <span class='ocr_line' id='line_1_31' title="bbox 442 1492 1831 1534; baseline -0.001 -8"><span class='ocrx_word' id='word_1_216' title='bbox 442 1494 553 1526; x_wconf 90' lang='lat' dir='ltr'><strong>tocius</strong></span> <span class='ocrx_word' id='word_1_217' title='bbox 584 1495 747 1527; x_wconf 87' lang='lat' dir='ltr'><strong>Conditor</strong></span> <span class='ocrx_word' id='word_1_218' title='bbox 776 1498 937 1534; x_wconf 85' lang='lat' dir='ltr'><strong>creature,</strong></span> <span class='ocrx_word' id='word_1_219' title='bbox 968 1496 1012 1527; x_wconf 90' lang='lat' dir='ltr'><strong>ad</strong></span> <span class='ocrx_word' id='word_1_220' title='bbox 1049 1495 1112 1526; x_wconf 89' lang='lat' dir='ltr'><strong>hoc</strong></span> <span class='ocrx_word' id='word_1_221' title='bbox 1145 1495 1330 1526; x_wconf 89' lang='lat' dir='ltr'><strong>humanam</strong></span> <span class='ocrx_word' id='word_1_222' title='bbox 1358 1504 1492 1526; x_wconf 86' lang='lat' dir='ltr'><strong>carnem</strong></span> <span class='ocrx_word' id='word_1_223' title='bbox 1529 1492 1759 1534; x_wconf 84' lang='lat' dir='ltr'><strong>assumpserit,</strong></span> <span class='ocrx_word' id='word_1_224' title='bbox 1791 1496 1831 1524; x_wconf 82' lang='lat' dir='ltr'><strong>ut</strong></span> 
     </span>
     <span class='ocr_line' id='line_1_32' title="bbox 441 1536 1830 1580; baseline -0.002 -10"><span class='ocrx_word' id='word_1_225' title='bbox 441 1539 580 1580; x_wconf 87' lang='lat' dir='ltr'><strong>dirupto</strong></span> <span class='ocrx_word' id='word_1_226' title='bbox 595 1549 664 1580; x_wconf 93' lang='lat' dir='ltr'><strong>quo</strong></span> <span class='ocrx_word' id='word_1_227' title='bbox 680 1539 880 1571; x_wconf 84' lang='lat' dir='ltr'><strong>tenebamur</strong></span> <span class='ocrx_word' id='word_1_228' title='bbox 895 1539 1018 1580; x_wconf 85' lang='lat' dir='ltr'><strong>captivi</strong></span> <span class='ocrx_word' id='word_1_229' title='bbox 1036 1539 1168 1570; x_wconf 89' lang='lat' dir='ltr'><strong>vinculo</strong></span> <span class='ocrx_word' id='word_1_230' title='bbox 1191 1538 1374 1577; x_wconf 88' lang='lat' dir='ltr'><strong>servitutis,</strong></span> <span class='ocrx_word' id='word_1_231' title='bbox 1388 1549 1449 1570; x_wconf 89' lang='lat' dir='ltr'><strong>nos</strong></span> <span class='ocrx_word' id='word_1_232' title='bbox 1463 1538 1655 1569; x_wconf 86' lang='lat' dir='ltr'><strong>restitueret</strong></span> <span class='ocrx_word' id='word_1_233' title='bbox 1671 1536 1830 1576; x_wconf 80' lang='lat' dir='ltr'><strong>libertati,</strong></span> 
     </span>
     <span class='ocr_line' id='line_1_33' title="bbox 443 1580 1829 1624; baseline -0.002 -10"><span class='ocrx_word' id='word_1_234' title='bbox 443 1582 576 1614; x_wconf 86' lang='lat' dir='ltr'><strong>salubre</strong></span> <span class='ocrx_word' id='word_1_235' title='bbox 593 1583 776 1614; x_wconf 84' lang='lat' dir='ltr'><strong>admodum</strong></span> <span class='ocrx_word' id='word_1_236' title='bbox 792 1586 990 1624; x_wconf 85' lang='lat' dir='ltr'><strong>reputamus</strong></span> <span class='ocrx_word' id='word_1_237' title='bbox 1014 1582 1175 1618; x_wconf 80' lang='lat' dir='ltr'><strong>homines,</strong></span> <span class='ocrx_word' id='word_1_238' title='bbox 1193 1593 1277 1623; x_wconf 89' lang='lat' dir='ltr'><strong>quos</strong></span> <span class='ocrx_word' id='word_1_239' title='bbox 1292 1582 1335 1613; x_wconf 89' lang='lat' dir='ltr'><strong>ab</strong></span> <span class='ocrx_word' id='word_1_240' title='bbox 1350 1582 1449 1613; x_wconf 90' lang='lat' dir='ltr'><strong>inicio</strong></span> <span class='ocrx_word' id='word_1_241' title='bbox 1472 1581 1604 1613; x_wconf 87' lang='lat' dir='ltr'><strong>Natura</strong></span> <span class='ocrx_word' id='word_1_242' title='bbox 1619 1580 1740 1612; x_wconf 86' lang='lat' dir='ltr'><strong>liberos</strong></span> <span class='ocrx_word' id='word_1_243' title='bbox 1756 1590 1829 1621; x_wconf 87' lang='lat' dir='ltr'><strong>pro·</strong></span> 
     </span>
     <span class='ocr_line' id='line_1_34' title="bbox 443 1624 1830 1668; baseline -0.002 -10"><span class='ocrx_word' id='word_1_244' title='bbox 443 1626 570 1658; x_wconf 86' lang='lat' dir='ltr'><strong>creavit</strong></span> <span class='ocrx_word' id='word_1_245' title='bbox 584 1629 619 1657; x_wconf 89' lang='lat' dir='ltr'><strong>et</strong></span> <span class='ocrx_word' id='word_1_246' title='bbox 634 1626 690 1668; x_wconf 83' lang='lat' dir='ltr'><strong>jus</strong></span> <span class='ocrx_word' id='word_1_247' title='bbox 705 1627 860 1668; x_wconf 87' lang='lat' dir='ltr'><strong>gencium</strong></span> <span class='ocrx_word' id='word_1_248' title='bbox 883 1630 999 1668; x_wconf 82' lang='lat' dir='ltr'><strong>postea</strong></span> <span class='ocrx_word' id='word_1_249' title='bbox 1021 1626 1154 1667; x_wconf 84' lang='lat' dir='ltr'><strong>subegit</strong></span> <span class='ocrx_word' id='word_1_250' title='bbox 1179 1626 1355 1657; x_wconf 90' lang='lat' dir='ltr'><strong>hominum</strong></span> <span class='ocrx_word' id='word_1_251' title='bbox 1377 1625 1546 1664; x_wconf 84' lang='lat' dir='ltr'><strong>servituti,</strong></span> <span class='ocrx_word' id='word_1_252' title='bbox 1563 1624 1714 1656; x_wconf 83' lang='lat' dir='ltr'><strong>libertati</strong></span> <span class='ocrx_word' id='word_1_253' title='bbox 1735 1625 1830 1655; x_wconf 87' lang='lat' dir='ltr'><strong>resti-</strong></span> 
     </span>
     <span class='ocr_line' id='line_1_35' title="bbox 443 1667 1830 1711; baseline -0.002 -10"><span class='ocrx_word' id='word_1_254' title='bbox 443 1674 539 1701; x_wconf 88' lang='lat' dir='ltr'><strong>tuere</strong></span> <span class='ocrx_word' id='word_1_255' title='bbox 554 1670 701 1701; x_wconf 87' lang='lat' dir='ltr'><strong>naturali</strong></span> <span class='ocrx_word' id='word_1_256' title='bbox 715 1681 725 1709; x_wconf 79' lang='lat'><em>3</em></span> <span class='ocrx_word' id='word_1_257' title='bbox 749 1673 783 1702; x_wconf 90' lang='lat' dir='ltr'><strong>et</strong></span> <span class='ocrx_word' id='word_1_258' title='bbox 799 1671 861 1702; x_wconf 94' lang='lat' dir='ltr'><strong>hoc</strong></span> <span class='ocrx_word' id='word_1_259' title='bbox 877 1670 1051 1711; x_wconf 84' lang='lat' dir='ltr'><strong>potissime</strong></span> <span class='ocrx_word' id='word_1_260' title='bbox 1067 1673 1106 1701; x_wconf 90' lang='lat' dir='ltr'><strong>ut</strong></span> <span class='ocrx_word' id='word_1_261' title='bbox 1122 1680 1238 1701; x_wconf 89' lang='lat' dir='ltr'><strong>eorum</strong></span> <span class='ocrx_word' id='word_1_262' title='bbox 1250 1670 1352 1701; x_wconf 89' lang='lat' dir='ltr'><strong>libere</strong></span> <span class='ocrx_word' id='word_1_263' title='bbox 1363 1669 1487 1701; x_wconf 87' lang='lat' dir='ltr'><strong>servire</strong></span> <span class='ocrx_word' id='word_1_264' title='bbox 1499 1669 1632 1700; x_wconf 85' lang='lat' dir='ltr'><strong>valeant</strong></span> <span class='ocrx_word' id='word_1_265' title='bbox 1645 1667 1830 1702; x_wconf 86' lang='lat' dir='ltr'><strong>Conditori.</strong></span> 
     </span>
     <span class='ocr_line' id='line_1_36' title="bbox 445 1711 1830 1754; baseline -0.002 -9"><span class='ocrx_word' id='word_1_266' title='bbox 445 1713 502 1753; x_wconf 92' lang='lat' dir='ltr'><strong>Ut,</strong></span> <span class='ocrx_word' id='word_1_267' title='bbox 519 1713 633 1754; x_wconf 83' lang='lat' dir='ltr'><strong>igitur,</strong></span> <span class='ocrx_word' id='word_1_268' title='bbox 651 1714 791 1745; x_wconf 87' lang='lat' dir='ltr'><strong>clericali</strong></span> <span class='ocrx_word' id='word_1_269' title='bbox 807 1718 971 1745; x_wconf 85' lang='lat' dir='ltr'><strong>caractere</strong></span> <span class='ocrx_word' id='word_1_270' title='bbox 986 1714 1148 1754; x_wconf 73' lang='lat' dir='ltr'><strong>insigniri,</strong></span> <span class='ocrx_word' id='word_1_271' title='bbox 1164 1724 1202 1745; x_wconf 88' lang='lat' dir='ltr'><strong>ac</strong></span> <span class='ocrx_word' id='word_1_272' title='bbox 1218 1723 1333 1744; x_wconf 89' lang='lat' dir='ltr'><strong>omnes</strong></span> <span class='ocrx_word' id='word_1_273' title='bbox 1347 1714 1490 1744; x_wconf 84' lang='lat' dir='ltr'><strong>Minores</strong></span> <span class='ocrx_word' id='word_1_274' title='bbox 1502 1715 1538 1743; x_wconf 91' lang='lat' dir='ltr'><strong>et</strong></span> <span class='ocrx_word' id='word_1_275' title='bbox 1550 1713 1666 1743; x_wconf 83' lang='lat' dir='ltr'><strong>Sacros</strong></span> <span class='ocrx_word' id='word_1_276' title='bbox 1678 1711 1830 1751; x_wconf 81' lang='lat' dir='ltr'><strong>Ordines,</strong></span> 
     </span>
     <span class='ocr_line' id='line_1_37' title="bbox 443 1755 1831 1799; baseline -0.002 -10"><span class='ocrx_word' id='word_1_277' title='bbox 443 1768 521 1789; x_wconf 89' lang='lat' dir='ltr'><strong>cum</strong></span> <span class='ocrx_word' id='word_1_278' title='bbox 544 1758 587 1789; x_wconf 85' lang='lat' dir='ltr'><strong>ad</strong></span> <span class='ocrx_word' id='word_1_279' title='bbox 610 1757 684 1789; x_wconf 88' lang='lat' dir='ltr'><strong>illos</strong></span> <span class='ocrx_word' id='word_1_280' title='bbox 706 1758 915 1799; x_wconf 88' lang='lat' dir='ltr'><strong>recipiendos</strong></span> <span class='ocrx_word' id='word_1_281' title='bbox 938 1758 1018 1789; x_wconf 88' lang='lat' dir='ltr'><strong>alias</strong></span> <span class='ocrx_word' id='word_1_282' title='bbox 1040 1761 1194 1798; x_wconf 88' lang='lat' dir='ltr'><strong>repertus</strong></span> <span class='ocrx_word' id='word_1_283' title='bbox 1216 1757 1320 1788; x_wconf 80' lang='lat' dir='ltr'><strong>fueris</strong></span> <span class='ocrx_word' id='word_1_284' title='bbox 1342 1757 1492 1796; x_wconf 88' lang='lat' dir='ltr'><strong>idoneus,</strong></span> <span class='ocrx_word' id='word_1_285' title='bbox 1516 1755 1607 1787; x_wconf 89' lang='lat' dir='ltr'><strong>licite</strong></span> <span class='ocrx_word' id='word_1_286' title='bbox 1634 1755 1831 1796; x_wconf 84' lang='lat' dir='ltr'><strong>promoveri,</strong></span> 
     </span>
     <span class='ocr_line' id='line_1_38' title="bbox 444 1798 1832 1841; baseline -0.002 -9"><span class='ocrx_word' id='word_1_287' title='bbox 444 1811 573 1832; x_wconf 88' lang='lat' dir='ltr'><strong>necnon</strong></span> <span class='ocrx_word' id='word_1_288' title='bbox 591 1801 796 1833; x_wconf 87' lang='lat' dir='ltr'><strong>Beneficium</strong></span> <span class='ocrx_word' id='word_1_289' title='bbox 815 1801 1095 1841; x_wconf 80' lang='lat' dir='ltr'><strong>Ecclesiasticum,</strong></span> <span class='ocrx_word' id='word_1_290' title='bbox 1117 1811 1193 1832; x_wconf 88' lang='lat' dir='ltr'><strong>cum</strong></span> <span class='ocrx_word' id='word_1_291' title='bbox 1211 1811 1290 1832; x_wconf 88' lang='lat' dir='ltr'><strong>cura</strong></span> <span class='ocrx_word' id='word_1_292' title='bbox 1307 1800 1360 1832; x_wconf 88' lang='lat' dir='ltr'><strong>vel</strong></span> <span class='ocrx_word' id='word_1_293' title='bbox 1375 1801 1447 1832; x_wconf 85' lang='lat' dir='ltr'><strong>sine</strong></span> <span class='ocrx_word' id='word_1_294' title='bbox 1462 1810 1551 1839; x_wconf 82' lang='lat' dir='ltr'><strong>cura,</strong></span> <span class='ocrx_word' id='word_1_295' title='bbox 1569 1799 1672 1831; x_wconf 89' lang='lat' dir='ltr'><strong>libere</strong></span> <span class='ocrx_word' id='word_1_296' title='bbox 1686 1798 1832 1840; x_wconf 82' lang='lat' dir='ltr'><strong>recipere</strong></span> 
     </span>
     <span class='ocr_line' id='line_1_39' title="bbox 446 1841 1832 1885; baseline -0.001 -10"><span class='ocrx_word' id='word_1_297' title='bbox 446 1845 555 1876; x_wconf 86' lang='lat' dir='ltr'><strong>valeas</strong></span> <span class='ocrx_word' id='word_1_298' title='bbox 571 1847 606 1876; x_wconf 88' lang='lat' dir='ltr'><strong>et</strong></span> <span class='ocrx_word' id='word_1_299' title='bbox 621 1845 712 1877; x_wconf 88' lang='lat' dir='ltr'><strong>licite</strong></span> <span class='ocrx_word' id='word_1_300' title='bbox 728 1846 881 1884; x_wconf 88' lang='lat' dir='ltr'><strong>retinere,</strong></span> <span class='ocrx_word' id='word_1_301' title='bbox 898 1855 937 1876; x_wconf 92' lang='lat' dir='ltr'><strong>eo</strong></span> <span class='ocrx_word' id='word_1_302' title='bbox 953 1856 1020 1876; x_wconf 91' lang='lat' dir='ltr'><strong>non</strong></span> <span class='ocrx_word' id='word_1_303' title='bbox 1037 1845 1194 1877; x_wconf 84' lang='lat' dir='ltr'><strong>obstante</strong></span> <span class='ocrx_word' id='word_1_304' title='bbox 1209 1844 1300 1885; x_wconf 88' lang='lat' dir='ltr'><strong>quod</strong></span> <span class='ocrx_word' id='word_1_305' title='bbox 1316 1845 1359 1876; x_wconf 92' lang='lat' dir='ltr'><strong>de</strong></span> <span class='ocrx_word' id='word_1_306' title='bbox 1374 1844 1489 1875; x_wconf 89' lang='lat' dir='ltr'><strong>nativo</strong></span> <span class='ocrx_word' id='word_1_307' title='bbox 1505 1846 1619 1875; x_wconf 86' lang='lat' dir='ltr'><strong>nostro</strong></span> <span class='ocrx_word' id='word_1_308' title='bbox 1635 1841 1832 1884; x_wconf 87' lang='lat' dir='ltr'><strong>hujusmodi</strong></span> 
     </span>
     <span class='ocr_line' id='line_1_40' title="bbox 444 1887 1832 1930; baseline -0.001 -11"><span class='ocrx_word' id='word_1_309' title='bbox 444 1888 605 1929; x_wconf 86' lang='lat' dir='ltr'><strong>originem</strong></span> <span class='ocrx_word' id='word_1_310' title='bbox 629 1888 771 1929; x_wconf 85' lang='lat' dir='ltr'><strong>traxisti,</strong></span> <span class='ocrx_word' id='word_1_311' title='bbox 797 1889 984 1920; x_wconf 87' lang='lat' dir='ltr'><strong>Licenciam</strong></span> <span class='ocrx_word' id='word_1_312' title='bbox 1008 1888 1082 1928; x_wconf 91' lang='lat' dir='ltr'><strong>tibi,</strong></span> <span class='ocrx_word' id='word_1_313' title='bbox 1105 1892 1274 1930; x_wconf 90' lang='lat' dir='ltr'><strong>quantum</strong></span> <span class='ocrx_word' id='word_1_314' title='bbox 1296 1888 1332 1919; x_wconf 88' lang='lat' dir='ltr'><strong>in</strong></span> <span class='ocrx_word' id='word_1_315' title='bbox 1356 1887 1452 1919; x_wconf 88' lang='lat' dir='ltr'><strong>nobis</strong></span> <span class='ocrx_word' id='word_1_316' title='bbox 1475 1890 1536 1927; x_wconf 88' lang='lat' dir='ltr'><strong>est,</strong></span> <span class='ocrx_word' id='word_1_317' title='bbox 1560 1887 1774 1918; x_wconf 86' lang='lat' dir='ltr'><strong>concedimus</strong></span> <span class='ocrx_word' id='word_1_318' title='bbox 1796 1889 1832 1917; x_wconf 88' lang='lat' dir='ltr'><strong>et</strong></span> 
     </span>
     <span class='ocr_line' id='line_1_41' title="bbox 442 1929 1832 1971; baseline -0.001 -8"><span class='ocrx_word' id='word_1_319' title='bbox 442 1932 581 1963; x_wconf 88' lang='lat' dir='ltr'><strong>liberam</strong></span> <span class='ocrx_word' id='word_1_320' title='bbox 598 1932 794 1963; x_wconf 86' lang='lat' dir='ltr'><strong>facultatem</strong></span> <span class='ocrx_word' id='word_1_321' title='bbox 812 1943 819 1970; x_wconf 90' lang='lat'>;</span> <span class='ocrx_word' id='word_1_322' title='bbox 842 1943 880 1963; x_wconf 87' lang='lat' dir='ltr'><strong>ac</strong></span> <span class='ocrx_word' id='word_1_323' title='bbox 895 1935 940 1971; x_wconf 89' lang='lat' dir='ltr'><strong>te,</strong></span> <span class='ocrx_word' id='word_1_324' title='bbox 956 1942 996 1963; x_wconf 81' lang='lat' dir='ltr'><strong>ea</strong></span> <span class='ocrx_word' id='word_1_325' title='bbox 1010 1932 1191 1963; x_wconf 84' lang='lat' dir='ltr'><strong>dumtaxat</strong></span> <span class='ocrx_word' id='word_1_326' title='bbox 1203 1932 1395 1963; x_wconf 85' lang='lat' dir='ltr'><strong>condicione</strong></span> <span class='ocrx_word' id='word_1_327' title='bbox 1411 1931 1439 1962; x_wconf 90' lang='lat' dir='ltr'><strong>si</strong></span> <span class='ocrx_word' id='word_1_328' title='bbox 1455 1931 1526 1962; x_wconf 84' lang='lat' dir='ltr'><strong>Deo</strong></span> <span class='ocrx_word' id='word_1_329' title='bbox 1541 1931 1576 1961; x_wconf 90' lang='lat' dir='ltr'><strong>in</strong></span> <span class='ocrx_word' id='word_1_330' title='bbox 1592 1930 1692 1962; x_wconf 85' lang='lat' dir='ltr'><strong>Sacro</strong></span> <span class='ocrx_word' id='word_1_331' title='bbox 1705 1929 1832 1962; x_wconf 85' lang='lat' dir='ltr'><strong>Ordine</strong></span> 
     </span>
     <span class='ocr_line' id='line_1_42' title="bbox 444 1973 1831 2016; baseline -0.001 -10"><span class='ocrx_word' id='word_1_332' title='bbox 444 1975 588 2007; x_wconf 87' lang='lat' dir='ltr'><strong>volueris</strong></span> <span class='ocrx_word' id='word_1_333' title='bbox 611 1975 778 2016; x_wconf 86' lang='lat' dir='ltr'><strong>famulari,</strong></span> <span class='ocrx_word' id='word_1_334' title='bbox 795 1976 1081 2015; x_wconf 88' lang='lat' dir='ltr'><strong>manumittimus,</strong></span> <span class='ocrx_word' id='word_1_335' title='bbox 1105 1979 1140 2006; x_wconf 88' lang='lat' dir='ltr'><strong>et</strong></span> <span class='ocrx_word' id='word_1_336' title='bbox 1163 1975 1205 2006; x_wconf 88' lang='lat' dir='ltr'><strong>ab</strong></span> <span class='ocrx_word' id='word_1_337' title='bbox 1228 1975 1320 2006; x_wconf 92' lang='lat' dir='ltr'><strong>omni</strong></span> <span class='ocrx_word' id='word_1_338' title='bbox 1342 1975 1424 2016; x_wconf 72' lang='lat' dir='ltr'><strong>jugo</strong></span> <span class='ocrx_word' id='word_1_339' title='bbox 1446 1974 1604 2006; x_wconf 82' lang='lat' dir='ltr'><strong>secularis</strong></span> <span class='ocrx_word' id='word_1_340' title='bbox 1626 1973 1831 2005; x_wconf 83' lang='lat' dir='ltr'><strong>absolvimus</strong></span> 
     </span>
     <span class='ocr_line' id='line_1_43' title="bbox 445 2017 1830 2060; baseline -0.001 -10"><span class='ocrx_word' id='word_1_341' title='bbox 445 2019 628 2051; x_wconf 86' lang='lat' dir='ltr'><strong>servitutis.</strong></span> <span class='ocrx_word' id='word_1_342' title='bbox 676 2020 735 2058; x_wconf 89' lang='lat' dir='ltr'><strong>Eo,</strong></span> <span class='ocrx_word' id='word_1_343' title='bbox 759 2025 884 2058; x_wconf 85' lang='lat' dir='ltr'><strong>tamen,</strong></span> <span class='ocrx_word' id='word_1_344' title='bbox 909 2019 1050 2060; x_wconf 89' lang='lat' dir='ltr'><strong>proviso,</strong></span> <span class='ocrx_word' id='word_1_345' title='bbox 1074 2019 1165 2059; x_wconf 90' lang='lat' dir='ltr'><strong>quod</strong></span> <span class='ocrx_word' id='word_1_346' title='bbox 1189 2019 1285 2050; x_wconf 87' lang='lat' dir='ltr'><strong>nobis</strong></span> <span class='ocrx_word' id='word_1_347' title='bbox 1308 2022 1343 2050; x_wconf 89' lang='lat' dir='ltr'><strong>et</strong></span> <span class='ocrx_word' id='word_1_348' title='bbox 1366 2017 1618 2050; x_wconf 77' lang='lat' dir='ltr'><strong>Successor-ibus</strong></span> <span class='ocrx_word' id='word_1_349' title='bbox 1634 2017 1770 2056; x_wconf 87' lang='lat' dir='ltr'><strong>nostris,</strong></span> <span class='ocrx_word' id='word_1_350' title='bbox 1795 2017 1830 2048; x_wconf 91' lang='lat' dir='ltr'><strong>in</strong></span> 
     </span>
     <span class='ocr_line' id='line_1_44' title="bbox 446 2062 1830 2103; baseline -0.001 -9"><span class='ocrx_word' id='word_1_351' title='bbox 446 2063 581 2103; x_wconf 83' lang='lat' dir='ltr'><strong>Capella</strong></span> <span class='ocrx_word' id='word_1_352' title='bbox 596 2065 711 2094; x_wconf 82' lang='lat' dir='ltr'><strong>nostra</strong></span> <span class='ocrx_word' id='word_1_353' title='bbox 726 2063 768 2094; x_wconf 94' lang='lat' dir='ltr'><strong>de</strong></span> <span class='ocrx_word' id='word_1_354' title='bbox 787 2063 959 2102; x_wconf 86' lang='lat' dir='ltr'><strong>Boseham,</strong></span> <span class='ocrx_word' id='word_1_355' title='bbox 976 2063 1027 2094; x_wconf 89' lang='lat' dir='ltr'><strong>vel</strong></span> <span class='ocrx_word' id='word_1_356' title='bbox 1044 2062 1133 2101; x_wconf 87' lang='lat' dir='ltr'><strong>alibi,</strong></span> <span class='ocrx_word' id='word_1_357' title='bbox 1150 2063 1192 2093; x_wconf 85' lang='lat' dir='ltr'><strong>ad</strong></span> <span class='ocrx_word' id='word_1_358' title='bbox 1209 2065 1358 2093; x_wconf 85' lang='lat' dir='ltr'><strong>nostram</strong></span> <span class='ocrx_word' id='word_1_359' title='bbox 1373 2073 1432 2093; x_wconf 90' lang='lat' dir='ltr'><strong>seu</strong></span> <span class='ocrx_word' id='word_1_360' title='bbox 1449 2062 1685 2093; x_wconf 86' lang='lat' dir='ltr'><strong>Successorum</strong></span> <span class='ocrx_word' id='word_1_361' title='bbox 1701 2063 1830 2092; x_wconf 87' lang='lat' dir='ltr'><strong>nostro-</strong></span> 
     </span>
     <span class='ocr_line' id='line_1_45' title="bbox 442 2104 1797 2147; baseline -0.001 -10"><span class='ocrx_word' id='word_1_362' title='bbox 442 2116 521 2138; x_wconf 89' lang='lat' dir='ltr'><strong>rum</strong></span> <span class='ocrx_word' id='word_1_363' title='bbox 537 2106 803 2147; x_wconf 88' lang='lat' dir='ltr'><strong>disposicionem,</strong></span> <span class='ocrx_word' id='word_1_364' title='bbox 820 2107 985 2138; x_wconf 83' lang='lat' dir='ltr'><strong>deservias</strong></span> <span class='ocrx_word' id='word_1_365' title='bbox 1001 2106 1035 2137; x_wconf 90' lang='lat' dir='ltr'><strong>in</strong></span> <span class='ocrx_word' id='word_1_366' title='bbox 1053 2106 1352 2138; x_wconf 86' lang='lat' dir='ltr'><strong>Divinis.—-Dated</strong></span> <span class='ocrx_word' id='word_1_367' title='bbox 1369 2110 1406 2136; x_wconf 85' lang='lat' dir='ltr'><strong>at</strong></span> <span class='ocrx_word' id='word_1_368' title='bbox 1421 2105 1597 2143; x_wconf 79' lang='lat' dir='ltr'><strong>Ohidham,</strong></span> <span class='ocrx_word' id='word_1_369' title='bbox 1616 2106 1657 2136; x_wconf 90' lang='lat'><strong>12</strong></span> <span class='ocrx_word' id='word_1_370' title='bbox 1674 2104 1797 2136; x_wconf 82' lang='lat' dir='ltr'><strong>March.</strong></span> 
     </span>
    </p>
   </div>
   <div class='ocr_carea' id='block_1_11' title="bbox 399 2166 1099 2216">
    <p class='ocr_par' dir='ltr' id='par_1_11' title="bbox 399 2166 1099 2216">
     <span class='ocr_line' id='line_1_46' title="bbox 399 2166 1099 2216; baseline 0 -12"><span class='ocrx_word' id='word_1_371' title='bbox 399 2166 570 2216; x_wconf 86' lang='lat' dir='ltr'><strong>Oratory</strong></span> <span class='ocrx_word' id='word_1_372' title='bbox 585 2179 596 2214; x_wconf 81' lang='lat'><em>3</em></span> <span class='ocrx_word' id='word_1_373' title='bbox 625 2166 780 2204; x_wconf 81' lang='lat' dir='ltr'><strong>Licence</strong></span> <span class='ocrx_word' id='word_1_374' title='bbox 799 2174 836 2204; x_wconf 79' lang='lat' dir='ltr'><strong>to</strong></span> <span class='ocrx_word' id='word_1_375' title='bbox 855 2167 1099 2214; x_wconf 75' lang='lat' dir='ltr'><strong>celebrate,—</strong></span> 
     </span>
    </p>
   </div>
   <div class='ocr_carea' id='block_1_12' title="bbox 400 2218 1889 2306">
    <p class='ocr_par' dir='ltr' id='par_1_12' title="bbox 400 2218 1889 2306">
     <span class='ocr_line' id='line_1_47' title="bbox 400 2218 1831 2262; baseline -0.001 -10"><span class='ocrx_word' id='word_1_376' title='bbox 400 2220 500 2259; x_wconf 74' lang='lat' dir='ltr'><strong>Item,</strong></span> <span class='ocrx_word' id='word_1_377' title='bbox 516 2221 606 2261; x_wconf 81' lang='lat' dir='ltr'><strong>apud</strong></span> <span class='ocrx_word' id='word_1_378' title='bbox 623 2221 827 2260; x_wconf 87' lang='lat' dir='ltr'><strong>Farendone,</strong></span> <span class='ocrx_word' id='word_1_379' title='bbox 844 2221 933 2262; x_wconf 85' lang='lat' dir='ltr'><strong>xvij⁰</strong></span> <span class='ocrx_word' id='word_1_380' title='bbox 948 2220 1002 2252; x_wconf 89' lang='lat' dir='ltr'><strong>die</strong></span> <span class='ocrx_word' id='word_1_381' title='bbox 1018 2220 1142 2252; x_wconf 88' lang='lat' dir='ltr'><strong>mensis</strong></span> <span class='ocrx_word' id='word_1_382' title='bbox 1158 2219 1283 2260; x_wconf 86' lang='lat' dir='ltr'><strong>Marcii,</strong></span> <span class='ocrx_word' id='word_1_383' title='bbox 1301 2220 1490 2251; x_wconf 89' lang='lat' dir='ltr'><strong>Willelmus</strong></span> <span class='ocrx_word' id='word_1_384' title='bbox 1515 2219 1706 2260; x_wconf 83' lang='lat' dir='ltr'><strong>Huwysche</strong></span> <span class='ocrx_word' id='word_1_385' title='bbox 1721 2221 1757 2250; x_wconf 89' lang='lat' dir='ltr'><strong>et</strong></span> <span class='ocrx_word' id='word_1_386' title='bbox 1773 2218 1831 2251; x_wconf 86' lang='lat' dir='ltr'><strong>Ri-</strong></span> 
     </span>
     <span class='ocr_line' id='line_1_48' title="bbox 445 2261 1889 2306; baseline -0.001 -11"><span class='ocrx_word' id='word_1_387' title='bbox 445 2264 554 2303; x_wconf 82' lang='lat' dir='ltr'><strong>carda,</strong></span> <span class='ocrx_word' id='word_1_388' title='bbox 580 2264 656 2306; x_wconf 84' lang='lat' dir='ltr'><strong>ejus</strong></span> <span class='ocrx_word' id='word_1_389' title='bbox 679 2275 773 2304; x_wconf 87' lang='lat' dir='ltr'><strong>uxor,</strong></span> <span class='ocrx_word' id='word_1_390' title='bbox 797 2265 989 2296; x_wconf 89' lang='lat' dir='ltr'><strong>habuerunt</strong></span> <span class='ocrx_word' id='word_1_391' title='bbox 1013 2263 1209 2303; x_wconf 90' lang='lat' dir='ltr'><strong>Licenciam,</strong></span> <span class='ocrx_word' id='word_1_392' title='bbox 1232 2269 1310 2304; x_wconf 90' lang='lat' dir='ltr'><strong>ctc.,</strong></span> <span class='ocrx_word' id='word_1_393' title='bbox 1333 2264 1368 2295; x_wconf 89' lang='lat' dir='ltr'><strong>in</strong></span> <span class='ocrx_word' id='word_1_394' title='bbox 1393 2263 1535 2305; x_wconf 84' lang='lat' dir='ltr'><strong>Capellis</strong></span> <span class='ocrx_word' id='word_1_395' title='bbox 1557 2263 1636 2302; x_wconf 88' lang='lat' dir='ltr'><strong>suis,</strong></span> <span class='ocrx_word' id='word_1_396' title='bbox 1660 2272 1767 2304; x_wconf 85' lang='lat' dir='ltr'><strong>usque</strong></span> <span class='ocrx_word' id='word_1_397' title='bbox 1788 2261 1832 2294; x_wconf 78' lang='lat' dir='ltr'><strong>ad</strong></span> <span class='ocrx_word' id='word_1_398' title='bbox 1887 2275 1889 2278; x_wconf 57' lang='lat'><em>⁴</em></span> 
     </span>
    </p>
   </div>
   <div class='ocr_carea' id='block_1_13' title="bbox 446 2307 1753 2349">
    <p class='ocr_par' dir='ltr' id='par_1_13' title="bbox 446 2307 1753 2349">
     <span class='ocr_line' id='line_1_49' title="bbox 446 2307 1753 2349; baseline -0.001 -11"><span class='ocrx_word' id='word_1_399' title='bbox 446 2307 585 2339; x_wconf 86' lang='lat' dir='ltr'><strong>Festum</strong></span> <span class='ocrx_word' id='word_1_400' title='bbox 610 2308 808 2340; x_wconf 87' lang='lat' dir='ltr'><strong>Nativitatis</strong></span> <span class='ocrx_word' id='word_1_401' title='bbox 832 2308 947 2340; x_wconf 86' lang='lat' dir='ltr'><strong>Sancti</strong></span> <span class='ocrx_word' id='word_1_402' title='bbox 969 2308 1133 2340; x_wconf 83' lang='lat' dir='ltr'><strong>Johannis</strong></span> <span class='ocrx_word' id='word_1_403' title='bbox 1150 2307 1302 2348; x_wconf 89' lang='lat' dir='ltr'><strong>Baptiste</strong></span> <span class='ocrx_word' id='word_1_404' title='bbox 1318 2308 1470 2349; x_wconf 85' lang='lat' dir='ltr'><strong>proximo</strong></span> <span class='ocrx_word' id='word_1_405' title='bbox 1485 2310 1568 2339; x_wconf 88' lang='lat' dir='ltr'><strong>tunc</strong></span> <span class='ocrx_word' id='word_1_406' title='bbox 1584 2307 1753 2338; x_wconf 81' lang='lat' dir='ltr'><strong>futurum.</strong></span> 
     </span>
    </p>
   </div>
   <div class='ocr_carea' id='block_1_14' title="bbox 403 2366 1833 2418">
    <p class='ocr_par' dir='ltr' id='par_1_14' title="bbox 403 2366 1833 2418">
     <span class='ocr_line' id='line_1_50' title="bbox 403 2366 1833 2418; baseline -0.001 -12"><span class='ocrx_word' id='word_1_407' title='bbox 403 2367 682 2407; x_wconf 82' lang='lat' dir='ltr'><strong>Procurations</strong></span> <span class='ocrx_word' id='word_1_408' title='bbox 700 2369 742 2406; x_wconf 82' lang='lat' dir='ltr'><strong>of</strong></span> <span class='ocrx_word' id='word_1_409' title='bbox 760 2368 829 2407; x_wconf 91' lang='lat' dir='ltr'><strong>the</strong></span> <span class='ocrx_word' id='word_1_410' title='bbox 849 2368 1217 2418; x_wconf 82' lang='lat' dir='ltr'><strong>Cardinal-Legates</strong></span> <span class='ocrx_word' id='word_1_411' title='bbox 1233 2381 1244 2416; x_wconf 83' lang='lat'><em>3</em></span> <span class='ocrx_word' id='word_1_412' title='bbox 1272 2367 1498 2407; x_wconf 82' lang='lat' dir='ltr'><strong>Oommissio</strong></span> <span class='ocrx_word' id='word_1_413' title='bbox 1518 2367 1674 2406; x_wconf 77' lang='lat' dir='ltr'><strong>Prioris</strong></span> <span class='ocrx_word' id='word_1_414' title='bbox 1695 2366 1833 2406; x_wconf 76' lang='lat' dir='ltr'><strong>Sancti</strong></span> 
     </span>
    </p>
   </div>
   <div class='ocr_carea' id='block_1_15' title="bbox 454 2421 1834 2526">
    <p class='ocr_par' dir='ltr' id='par_1_15' title="bbox 454 2421 1834 2526">
     <span class='ocr_line' id='line_1_51' title="bbox 455 2421 1834 2472; baseline 0 -12"><span class='ocrx_word' id='word_1_415' title='bbox 455 2422 643 2461; x_wconf 74' lang='lat' dir='ltr'><strong>Nicholai</strong></span> <span class='ocrx_word' id='word_1_416' title='bbox 670 2423 820 2461; x_wconf 76' lang='lat' dir='ltr'><strong>Exonie</strong></span> <span class='ocrx_word' id='word_1_417' title='bbox 837 2423 892 2461; x_wconf 85' lang='lat' dir='ltr'><strong>ad</strong></span> <span class='ocrx_word' id='word_1_418' title='bbox 908 2423 1168 2472; x_wconf 79' lang='lat' dir='ltr'><strong>recipiendum</strong></span> <span class='ocrx_word' id='word_1_419' title='bbox 1195 2423 1243 2460; x_wconf 85' lang='lat' dir='ltr'><strong>ab</strong></span> <span class='ocrx_word' id='word_1_420' title='bbox 1274 2421 1513 2472; x_wconf 75' lang='lat' dir='ltr'><strong>Officialibus</strong></span> <span class='ocrx_word' id='word_1_421' title='bbox 1539 2421 1834 2460; x_wconf 73' lang='lat' dir='ltr'><strong>Archidiacono-</strong></span> 
     </span>
     <span class='ocr_line' id='line_1_52' title="bbox 454 2475 1834 2526; baseline 0 -12"><span class='ocrx_word' id='word_1_422' title='bbox 454 2489 542 2514; x_wconf 83' lang='lat' dir='ltr'><strong>rum</strong></span> <span class='ocrx_word' id='word_1_423' title='bbox 560 2484 773 2526; x_wconf 77' lang='lat' dir='ltr'><strong>compotum</strong></span> <span class='ocrx_word' id='word_1_424' title='bbox 792 2491 904 2526; x_wconf 75' lang='lat' dir='ltr'><strong>super</strong></span> <span class='ocrx_word' id='word_1_425' title='bbox 922 2477 1130 2526; x_wconf 74' lang='lat' dir='ltr'><strong>recepcione</strong></span> <span class='ocrx_word' id='word_1_426' title='bbox 1143 2477 1464 2525; x_wconf 77' lang='lat' dir='ltr'><strong>procuracionum</strong></span> <span class='ocrx_word' id='word_1_427' title='bbox 1486 2475 1834 2523; x_wconf 79' lang='lat' dir='ltr'><strong>Gardinalium,——</strong></span> 
     </span>
    </p>
   </div>
   <div class='ocr_carea' id='block_1_16' title="bbox 401 2529 1832 2571">
    <p class='ocr_par' dir='ltr' id='par_1_16' title="bbox 401 2529 1832 2571">
     <span class='ocr_line' id='line_1_53' title="bbox 401 2529 1832 2571; baseline 0 -10"><span class='ocrx_word' id='word_1_428' title='bbox 401 2530 562 2570; x_wconf 87' lang='lat' dir='ltr'><strong>Thomas,</strong></span> <span class='ocrx_word' id='word_1_429' title='bbox 577 2534 652 2571; x_wconf 80' lang='lat' dir='ltr'><strong>etc,</strong></span> <span class='ocrx_word' id='word_1_430' title='bbox 670 2532 776 2564; x_wconf 89' lang='lat' dir='ltr'><strong>Priori</strong></span> <span class='ocrx_word' id='word_1_431' title='bbox 793 2531 964 2563; x_wconf 81' lang='lat' dir='ltr'><strong>Prioratus</strong></span> <span class='ocrx_word' id='word_1_432' title='bbox 981 2531 1094 2563; x_wconf 87' lang='lat' dir='ltr'><strong>Sancti</strong></span> <span class='ocrx_word' id='word_1_433' title='bbox 1107 2531 1259 2563; x_wconf 87' lang='lat' dir='ltr'><strong>Nicholai</strong></span> <span class='ocrx_word' id='word_1_434' title='bbox 1275 2531 1412 2571; x_wconf 85' lang='lat' dir='ltr'><strong>Exonie,</strong></span> <span class='ocrx_word' id='word_1_435' title='bbox 1429 2541 1467 2563; x_wconf 88' lang='lat' dir='ltr'><strong>ac</strong></span> <span class='ocrx_word' id='word_1_436' title='bbox 1483 2530 1652 2571; x_wconf 78' lang='lat' dir='ltr'><strong>Magistris</strong></span> <span class='ocrx_word' id='word_1_437' title='bbox 1665 2529 1832 2562; x_wconf 88' lang='lat' dir='ltr'><strong>Willelmo</strong></span> 
     </span>
    </p>
   </div>
   <div class='ocr_carea' id='block_1_17' title="bbox 442 2574 1830 3009">
    <p class='ocr_par' dir='ltr' id='par_1_17' title="bbox 442 2574 1830 3009">
     <span class='ocr_line' id='line_1_54' title="bbox 444 2574 1829 2614; baseline 0 -9"><span class='ocrx_word' id='word_1_438' title='bbox 444 2574 702 2614; x_wconf 80' lang='lat' dir='ltr'><strong>Tuddeworthe,</strong></span> <span class='ocrx_word' id='word_1_439' title='bbox 726 2575 834 2606; x_wconf 86' lang='lat' dir='ltr'><strong>nostri</strong></span> <span class='ocrx_word' id='word_1_440' title='bbox 859 2575 1055 2607; x_wconf 86' lang='lat' dir='ltr'><strong>Oonsistorii</strong></span> <span class='ocrx_word' id='word_1_441' title='bbox 1078 2575 1275 2613; x_wconf 86' lang='lat' dir='ltr'><strong>Presidenti,</strong></span> <span class='ocrx_word' id='word_1_442' title='bbox 1299 2578 1335 2606; x_wconf 87' lang='lat' dir='ltr'><strong>et</strong></span> <span class='ocrx_word' id='word_1_443' title='bbox 1358 2574 1506 2606; x_wconf 85' lang='lat' dir='ltr'><strong>Johanni</strong></span> <span class='ocrx_word' id='word_1_444' title='bbox 1529 2575 1571 2606; x_wconf 94' lang='lat' dir='ltr'><strong>de</strong></span> <span class='ocrx_word' id='word_1_445' title='bbox 1594 2574 1829 2614; x_wconf 86' lang='lat' dir='ltr'><strong>Northewode,</strong></span> 
     </span>
     <span class='ocr_line' id='line_1_55' title="bbox 445 2617 1829 2658; baseline 0 -8"><span class='ocrx_word' id='word_1_446' title='bbox 445 2618 587 2650; x_wconf 84' lang='lat' dir='ltr'><strong>officiali</strong></span> <span class='ocrx_word' id='word_1_447' title='bbox 602 2622 716 2650; x_wconf 86' lang='lat' dir='ltr'><strong>nostre</strong></span> <span class='ocrx_word' id='word_1_448' title='bbox 731 2618 982 2650; x_wconf 78' lang='lat' dir='ltr'><strong>Jurisdiccionis</strong></span> <span class='ocrx_word' id='word_1_449' title='bbox 1000 2618 1178 2650; x_wconf 83' lang='lat' dir='ltr'><strong>Peculiaris</strong></span> <span class='ocrx_word' id='word_1_450' title='bbox 1194 2618 1228 2649; x_wconf 90' lang='lat' dir='ltr'><strong>in</strong></span> <span class='ocrx_word' id='word_1_451' title='bbox 1246 2618 1404 2657; x_wconf 82' lang='lat' dir='ltr'><strong>Devonia‚</strong></span> <span class='ocrx_word' id='word_1_452' title='bbox 1418 2629 1546 2650; x_wconf 83' lang='lat' dir='ltr'><strong>necnon</strong></span> <span class='ocrx_word' id='word_1_453' title='bbox 1560 2617 1697 2658; x_wconf 80' lang='lat' dir='ltr'><strong>Hugoni</strong></span> <span class='ocrx_word' id='word_1_454' title='bbox 1714 2618 1829 2656; x_wconf 85' lang='lat' dir='ltr'><strong>Deme,</strong></span> 
     </span>
     <span class='ocr_line' id='line_1_56' title="bbox 445 2661 1830 2703; baseline 0 -11"><span class='ocrx_word' id='word_1_455' title='bbox 445 2665 560 2693; x_wconf 89' lang='lat' dir='ltr'><strong>nostro</strong></span> <span class='ocrx_word' id='word_1_456' title='bbox 583 2662 760 2703; x_wconf 88' lang='lat' dir='ltr'><strong>Receptori</strong></span> <span class='ocrx_word' id='word_1_457' title='bbox 783 2662 947 2702; x_wconf 83' lang='lat' dir='ltr'><strong>Generali,</strong></span> <span class='ocrx_word' id='word_1_458' title='bbox 964 2662 1118 2701; x_wconf 86' lang='lat' dir='ltr'><strong>salutem,</strong></span> <span class='ocrx_word' id='word_1_459' title='bbox 1138 2661 1336 2701; x_wconf 87' lang='lat' dir='ltr'><strong>etc.—Quia</strong></span> <span class='ocrx_word' id='word_1_460' title='bbox 1362 2662 1496 2702; x_wconf 79' lang='lat' dir='ltr'><strong>Exonie,</strong></span> <span class='ocrx_word' id='word_1_461' title='bbox 1519 2661 1688 2700; x_wconf 85' lang='lat' dir='ltr'><strong>Tottonie,</strong></span> <span class='ocrx_word' id='word_1_462' title='bbox 1708 2661 1830 2693; x_wconf 78' lang='lat' dir='ltr'><strong>Barna-</strong></span> 
     </span>
     <span class='ocr_line' id='line_1_57' title="bbox 444 2705 1828 2746; baseline 0 -10"><span class='ocrx_word' id='word_1_463' title='bbox 444 2705 594 2746; x_wconf 84' lang='lat' dir='ltr'><strong>stapolie,</strong></span> <span class='ocrx_word' id='word_1_464' title='bbox 602 2709 638 2737; x_wconf 92' lang='lat' dir='ltr'><strong>et</strong></span> <span class='ocrx_word' id='word_1_465' title='bbox 648 2706 815 2738; x_wconf 88' lang='lat' dir='ltr'><strong>Cornubie</strong></span> <span class='ocrx_word' id='word_1_466' title='bbox 826 2705 1144 2737; x_wconf 86' lang='lat' dir='ltr'><strong>Archidiaconorum</strong></span> <span class='ocrx_word' id='word_1_467' title='bbox 1155 2705 1328 2745; x_wconf 80' lang='lat' dir='ltr'><strong>Officiales,</strong></span> <span class='ocrx_word' id='word_1_468' title='bbox 1337 2705 1538 2737; x_wconf 88' lang='lat' dir='ltr'><strong>Collectores</strong></span> <span class='ocrx_word' id='word_1_469' title='bbox 1548 2705 1828 2737; x_wconf 84' lang='lat' dir='ltr'><strong>Procuracionum</strong></span> 
     </span>
     <span class='ocr_line' id='line_1_58' title="bbox 444 2747 1829 2788; baseline 0.001 -9"><span class='ocrx_word' id='word_1_470' title='bbox 444 2749 811 2781; x_wconf 87' lang='lat' dir='ltr'><strong>Reverendissimorum</strong></span> <span class='ocrx_word' id='word_1_471' title='bbox 828 2749 970 2781; x_wconf 76' lang='lat' dir='ltr'><strong>Patrum</strong></span> <span class='ocrx_word' id='word_1_472' title='bbox 985 2752 1019 2781; x_wconf 83' lang='lat' dir='ltr'><strong>et</strong></span> <span class='ocrx_word' id='word_1_473' title='bbox 1036 2749 1268 2788; x_wconf 89' lang='lat' dir='ltr'><strong>Dominorum,</strong></span> <span class='ocrx_word' id='word_1_474' title='bbox 1287 2749 1508 2780; x_wconf 89' lang='lat' dir='ltr'><strong>Dominorum</strong></span> <span class='ocrx_word' id='word_1_475' title='bbox 1533 2748 1679 2780; x_wconf 88' lang='lat' dir='ltr'><strong>Simonis</strong></span> <span class='ocrx_word' id='word_1_476' title='bbox 1693 2751 1757 2780; x_wconf 86' lang='lat' dir='ltr'><strong>etc.</strong></span> <span class='ocrx_word' id='word_1_477' title='bbox 1777 2747 1829 2788; x_wconf 67' lang='lat' dir='ltr'><strong>(ut</strong></span> 
     </span>
     <span class='ocr_line' id='line_1_59' title="bbox 442 2791 1827 2834; baseline 0 -10"><span class='ocrx_word' id='word_1_478' title='bbox 442 2802 554 2832; x_wconf 73' lang='lat' dir='ltr'><strong>supra,</strong></span> <span class='ocrx_word' id='word_1_479' title='bbox 583 2803 665 2834; x_wconf 85' lang='lat' dir='ltr'><strong>page</strong></span> <span class='ocrx_word' id='word_1_480' title='bbox 691 2792 779 2832; x_wconf 84' lang='lat'><strong>248),</strong></span> <span class='ocrx_word' id='word_1_481' title='bbox 804 2803 864 2834; x_wconf 88' lang='lat' dir='ltr'><strong>pro</strong></span> <span class='ocrx_word' id='word_1_482' title='bbox 884 2793 992 2834; x_wconf 89' lang='lat' dir='ltr'><strong>primo</strong></span> <span class='ocrx_word' id='word_1_483' title='bbox 1018 2803 1106 2824; x_wconf 83' lang='lat' dir='ltr'><strong>anno</strong></span> <span class='ocrx_word' id='word_1_484' title='bbox 1132 2792 1166 2824; x_wconf 83' lang='lat' dir='ltr'>N</span> <span class='ocrx_word' id='word_1_485' title='bbox 1169 2792 1369 2824; x_wconf 79' lang='lat' dir='ltr'><strong>uneiacionis</strong></span> <span class='ocrx_word' id='word_1_486' title='bbox 1391 2803 1451 2824; x_wconf 87' lang='lat' dir='ltr'><strong>sue</strong></span> <span class='ocrx_word' id='word_1_487' title='bbox 1473 2792 1665 2824; x_wconf 84' lang='lat' dir='ltr'><strong>debitarum</strong></span> <span class='ocrx_word' id='word_1_488' title='bbox 1691 2791 1827 2832; x_wconf 87' lang='lat' dir='ltr'><strong>eisdem,</strong></span> 
     </span>
     <span class='ocr_line' id='line_1_60' title="bbox 445 2835 1828 2878; baseline 0.001 -12"><span class='ocrx_word' id='word_1_489' title='bbox 445 2836 636 2875; x_wconf 86' lang='lat' dir='ltr'><strong>constituti,</strong></span> <span class='ocrx_word' id='word_1_490' title='bbox 663 2836 697 2867; x_wconf 92' lang='lat' dir='ltr'><strong>in</strong></span> <span class='ocrx_word' id='word_1_491' title='bbox 721 2836 919 2878; x_wconf 81' lang='lat' dir='ltr'><strong>hujusmodi</strong></span> <span class='ocrx_word' id='word_1_492' title='bbox 943 2836 1218 2877; x_wconf 88' lang='lat' dir='ltr'><strong>procuracionum</strong></span> <span class='ocrx_word' id='word_1_493' title='bbox 1247 2836 1443 2868; x_wconf 89' lang='lat' dir='ltr'><strong>colleccione</strong></span> <span class='ocrx_word' id='word_1_494' title='bbox 1465 2839 1501 2867; x_wconf 87' lang='lat' dir='ltr'><strong>et</strong></span> <span class='ocrx_word' id='word_1_495' title='bbox 1523 2836 1557 2867; x_wconf 90' lang='lat' dir='ltr'><strong>in</strong></span> <span class='ocrx_word' id='word_1_496' title='bbox 1588 2835 1828 2868; x_wconf 82' lang='lat' dir='ltr'><strong>certifieacione</strong></span> 
     </span>
     <span class='ocr_line' id='line_1_61' title="bbox 444 2879 1826 2921; baseline 0.001 -11"><span class='ocrx_word' id='word_1_497' title='bbox 444 2879 621 2910; x_wconf 91' lang='lat' dir='ltr'><strong>nominum</strong></span> <span class='ocrx_word' id='word_1_498' title='bbox 636 2879 724 2920; x_wconf 87' lang='lat' dir='ltr'><strong>ipsas</strong></span> <span class='ocrx_word' id='word_1_499' title='bbox 741 2880 991 2921; x_wconf 77' lang='lat' dir='ltr'><strong>procur-aciones</strong></span> <span class='ocrx_word' id='word_1_500' title='bbox 1003 2879 1210 2919; x_wconf 88' lang='lat' dir='ltr'><strong>debencium,</strong></span> <span class='ocrx_word' id='word_1_501' title='bbox 1223 2882 1293 2911; x_wconf 90' lang='lat' dir='ltr'><strong>tam</strong></span> <span class='ocrx_word' id='word_1_502' title='bbox 1311 2890 1370 2920; x_wconf 89' lang='lat' dir='ltr'><strong>pro</strong></span> <span class='ocrx_word' id='word_1_503' title='bbox 1385 2879 1616 2921; x_wconf 84' lang='lat' dir='ltr'><strong>spiritualibus</strong></span> <span class='ocrx_word' id='word_1_504' title='bbox 1628 2889 1730 2921; x_wconf 77' lang='lat' dir='ltr'><strong>quam</strong></span> <span class='ocrx_word' id='word_1_505' title='bbox 1742 2882 1826 2912; x_wconf 81' lang='lat' dir='ltr'><strong>tem—</strong></span> 
     </span>
     <span class='ocr_line' id='line_1_62' title="bbox 444 2922 1828 2965; baseline 0.001 -11"><span class='ocrx_word' id='word_1_506' title='bbox 444 2922 613 2963; x_wconf 86' lang='lat' dir='ltr'><strong>poralibus</strong></span> <span class='ocrx_word' id='word_1_507' title='bbox 628 2923 706 2963; x_wconf 86' lang='lat' dir='ltr'><strong>suis,</strong></span> <span class='ocrx_word' id='word_1_508' title='bbox 724 2923 926 2965; x_wconf 79' lang='lat' dir='ltr'><strong>necligentes</strong></span> <span class='ocrx_word' id='word_1_509' title='bbox 949 2923 1090 2955; x_wconf 82' lang='lat' dir='ltr'><strong>fuerunt</strong></span> <span class='ocrx_word' id='word_1_510' title='bbox 1105 2926 1140 2954; x_wconf 88' lang='lat' dir='ltr'><strong>et</strong></span> <span class='ocrx_word' id='word_1_511' title='bbox 1155 2927 1245 2962; x_wconf 88' lang='lat' dir='ltr'><strong>sunt,</strong></span> <span class='ocrx_word' id='word_1_512' title='bbox 1263 2926 1365 2964; x_wconf 87' lang='lat' dir='ltr'><strong>prout</strong></span> <span class='ocrx_word' id='word_1_513' title='bbox 1388 2926 1494 2964; x_wconf 24' lang='lat' dir='ltr'><strong>patet,</strong></span> <span class='ocrx_word' id='word_1_514' title='bbox 1505 2933 1564 2965; x_wconf 86' lang='lat' dir='ltr'><strong>per</strong></span> <span class='ocrx_word' id='word_1_515' title='bbox 1587 2922 1828 2956; x_wconf 72' lang='lat' dir='ltr'><strong>Certificatoria</strong></span> 
     </span>
     <span class='ocr_line' id='line_1_63' title="bbox 443 2966 1826 3009; baseline 0.001 -12"><span class='ocrx_word' id='word_1_516' title='bbox 443 2966 636 3006; x_wconf 88' lang='lat' dir='ltr'><strong>eorundem,</strong></span> <span class='ocrx_word' id='word_1_517' title='bbox 653 2977 718 3009; x_wconf 91' lang='lat' dir='ltr'><strong>que</strong></span> <span class='ocrx_word' id='word_1_518' title='bbox 735 2967 828 2999; x_wconf 88' lang='lat' dir='ltr'><strong>vobis</strong></span> <span class='ocrx_word' id='word_1_519' title='bbox 843 2977 911 2999; x_wconf 84' lang='lat' dir='ltr'><strong>una</strong></span> <span class='ocrx_word' id='word_1_520' title='bbox 926 2977 1004 2999; x_wconf 89' lang='lat' dir='ltr'><strong>cum</strong></span> <span class='ocrx_word' id='word_1_521' title='bbox 1020 2966 1236 2999; x_wconf 87' lang='lat' dir='ltr'><strong>Presentibus</strong></span> <span class='ocrx_word' id='word_1_522' title='bbox 1258 2968 1533 3007; x_wconf 85' lang='lat' dir='ltr'><strong>transmittimus,</strong></span> <span class='ocrx_word' id='word_1_523' title='bbox 1549 2966 1735 3009; x_wconf 88' lang='lat' dir='ltr'><strong>plurimum</strong></span> <span class='ocrx_word' id='word_1_524' title='bbox 1750 2976 1826 2999; x_wconf 88' lang='lat' dir='ltr'><strong>con-</strong></span> 
     </span>
    </p>
   </div>
   <div class='ocr_carea' id='block_1_18' title="bbox 1973 1 1988 198">
    <p class='ocr_par' dir='ltr' id='par_1_18' title="bbox 1973 1 1988 198">
     <span class='ocr_line' id='line_1_64' title="bbox 1973 1 1988 198; textangle 90"><span class='ocrx_word' id='word_1_525' title='bbox 1976 188 1983 198; x_wconf 71' lang='lat'><strong>&#39;⁴</strong></span> <span class='ocrx_word' id='word_1_526' title='bbox 1975 96 1988 145; x_wconf 57' lang='lat'><strong>,⁴⁷3</strong></span> <span class='ocrx_word' id='word_1_527' title='bbox 1973 1 1988 83; x_wconf 57' lang='grc' dir='ltr'><strong>,ΜἈἾΏ</strong></span> 
     </span>
    </p>
   </div>
  </div>
 </body>
</html>
