1988 3256
121 461 155 488 A.
161 461 196 488 D.

121 497 196 522 1384.

121 528 183 555 Vol.
196 529 217 557 1.

120 773 168 800 sol.
183 775 239 800 1:36.

437 359 722 394 REGISTRUM
769 359 1225 403 couneus—Asso
1266 350 1379 404 14⁰„
1572 349 1666 396 537

277 464 378 505 eujus
394 465 561 496 contrarii
576 465 746 496 memoria
769 464 949 496 hominum
966 474 1036 495 non
1052 464 1182 504 existit,
1199 466 1236 496 et
1251 467 1334 495 sunt
1349 464 1387 495 in
1402 465 1558 505 presenti
1581 465 1668 496 adeo

276 509 426 549 publiea,
443 509 642 548 manifesta,
658 512 695 540 et
710 509 847 540 notoria
862 509 954 550 quod
970 509 1066 540 nulla
1081 511 1229 548 possunt
1244 509 1537 548 tergiversacione
1561 509 1666 540 celari

278 553 314 584 in
336 553 487 584 Civitate
510 556 547 585 et
571 553 709 585 Diocesi
735 553 938 593 prelibatis;
965 553 1125 594 quodque
1152 563 1195 584 ex
1219 556 1319 593 parte
1338 553 1423 584 dicti
1447 553 1668 594 Venerabilis

278 597 403 636 Patris,
421 598 561 629 Domini
578 597 719 636 Thome,
737 597 944 629 Exoniensis
964 597 1135 637 Episcopi,
1152 597 1282 637 integri
1306 600 1431 636 status,
1449 597 1537 628 bone
1560 598 1665 636 fame,

277 646 313 673 et
329 642 502 682 opinionis
518 642 625 681 illese,
641 644 746 682 atque
762 642 799 672 in
815 642 1032 682 possessione
1048 642 1298 682 premissorum
1312 642 1447 673 notorie
1460 642 1645 673 existentis
1658 657 1666 680 3

276 687 477 724 metuentis,
501 693 631 725 tamen,
655 697 697 718 ex
721 686 929 727 quibusdam
951 686 1066 717 causis
1089 686 1327 726 probabilibus
1360 689 1396 717 et
1420 686 1668 718 verisimilibus

277 731 488 772 conjecturis
505 731 570 762 sibi
587 731 680 762 circa
703 734 847 769 statum,
862 731 930 772 jus,
947 737 982 762 et
998 730 1254 771 possessionem
1279 741 1342 761 sua
1364 731 1535 771 premissa
1559 741 1666 771 grave

277 785 377 815 posse
393 775 430 806 in
446 775 607 806 futurum
620 775 853 816 prejudicium
866 775 1026 815 generari
1039 790 1046 812 ;
1064 785 1109 806 ne
1119 775 1207 815 quis,
1220 775 1342 815 quavis
1352 775 1572 814 auctoritate,
1584 786 1665 816 quo-

276 830 424 860 cumque
447 820 584 860 quesito
607 820 711 850 titulo
727 820 781 850 vel
805 820 928 858 colore,
945 819 982 849 in
998 819 1108 859 ipsius
1131 819 1351 850 Venerabilis
1375 819 1500 858 Patris,
1526 820 1666 850 Domini

279 864 421 902 Thome,
446 864 653 895 Exoniensis
677 863 849 904 Episcopi,
873 864 1107 904 prejudicium
1135 864 1227 895 circa
1250 864 1500 903 premissorum
1525 864 1666 904 aliquod

278 909 463 949 quiequam
494 911 734 948 attemptaret,
762 918 824 939 seu
839 908 974 939 faceret
1002 908 1201 948 aliqualiter
1231 908 1447 948 attemptari,
1476 909 1520 939 ad
1546 909 1664 940 Sacro-

279 956 436 984 sanctam
463 953 587 984 Sedem
613 953 861 992 ApostoHcam,
883 953 1010 992 palam,
1032 952 1180 992 publice,
1206 954 1242 982 et
1266 952 1422 992 legitime
1447 953 1564 983 extitit
1588 963 1664 992 pro-

278 1003 462 1035 vocatun13
485 997 645 1038 quodque
667 997 761 1028 idem
786 997 1005 1027 Venerabilis
1029 997 1143 1035 Pater,
1161 997 1332 1027 Dominus
1355 997 1516 1035 Thomas,
1542 997 1664 1028 Exoni-

278 1042 372 1072 ensis
400 1042 602 1082 Episcopus,
629 1044 774 1081 propter
806 1041 1110 1072 conservacionem
1137 1041 1158 1072 J
1161 1041 1276 1071 urium
1304 1043 1339 1072 et
1370 1041 1391 1072 J
1394 1041 1665 1072 urisdiccionum

279 1086 343 1116 sibi
360 1086 498 1117 racione
514 1086 764 1126 premissorum
780 1085 1070 1125 competencium,
1087 1096 1128 1116 ac
1144 1096 1186 1116 ex
1202 1085 1280 1118 aliis
1303 1085 1410 1116 certis
1433 1086 1556 1123 causis,
1574 1086 1666 1117 veris

278 1134 314 1161 et
331 1130 508 1170 legitimis,
525 1131 641 1170 ipsum
656 1130 702 1160 ad
717 1130 753 1160 id
770 1130 1002 1168 moventibus,
1019 1140 1141 1160 omnes
1164 1131 1200 1160 et
1225 1130 1381 1169 singulos
1399 1130 1558 1161 subditos
1586 1141 1666 1161 suos

277 1174 394 1214 sepius
417 1177 453 1205 et
477 1174 634 1214 legitime
665 1184 706 1205 ac
737 1174 971 1214 peremptorie
1002 1174 1148 1212 monuit,
1173 1176 1208 1204 et
1239 1173 1325 1205 fecit
1352 1174 1497 1212 moneri,
1522 1185 1565 1205 ne
1589 1175 1666 1215 quis

277 1229 408 1255 eorum,
425 1219 555 1259 absque
573 1229 635 1250 sua
652 1218 813 1250 Licencia
829 1218 981 1258 speciali,
1000 1218 1250 1249 Instituciones
1274 1219 1528 1249 Beneficiorum
1546 1219 1665 1259 hujus-

279 1263 384 1299 modi,
401 1263 494 1294 dicte
512 1263 675 1294 Civitatis
691 1263 745 1293 vel
770 1263 935 1301 Dioeesis,
960 1273 1022 1294 seu
1047 1262 1262 1294 Uollaeiones
1285 1263 1487 1299 eorundem,
1512 1263 1664 1295 Eleccio-

279 1318 407 1338 numve
447 1307 752 1345 confirmaciones,
792 1307 1072 1345 Benedicciones,
1117 1307 1424 1338 Permutacionum
1466 1307 1664 1339 Auctoriza·

278 1352 405 1390 ciones,
433 1357 495 1382 aut
524 1352 695 1382 Ordinum
724 1351 939 1382 Collaciones
969 1351 1181 1392 hujusmodi,
1209 1351 1253 1382 ab
1280 1351 1348 1382 alio
1372 1362 1476 1392 quam
1503 1352 1548 1382 ab
1579 1352 1664 1392 ipso,

280 1396 501 1427 Auctoritate
527 1396 626 1426 Sedis
650 1395 850 1435 Apostolice
873 1396 1058 1426 dumtaxat
1081 1399 1236 1435 excepta,
1261 1400 1391 1436 petere,
1416 1396 1581 1436 recipere,
1606 1397 1664 1427 ad-

280 1441 431 1479 mittere,
450 1450 511 1471 seu
527 1440 727 1480 aliqualiter
742 1440 910 1479 optinere,
928 1439 1198 1471 Testamentave
1215 1450 1512 1481 quorumcumque
1531 1441 1674 1472 Benefi->

279 1485 451 1516 eiatorum
467 1487 529 1515 aut
546 1484 724 1515 Nobilium
750 1484 982 1515 Personarum
1007 1484 1218 1525 hujusmodi,
1235 1484 1271 1515 in
1296 1484 1427 1515 eisdem
1453 1485 1605 1516 Civitate
1629 1489 1664 1516 et

279 1529 416 1560 Diocesi
433 1529 477 1560 ab
493 1529 558 1560 hac
574 1529 651 1559 luce
667 1528 910 1568 migr-aucium,
926 1538 1044 1559 coram
1061 1529 1129 1559 alio
1145 1539 1249 1569 quam
1273 1539 1390 1560 coram
1414 1529 1535 1560 eodem
1553 1530 1664 1561 Vene-

281 1573 382 1604 rabili
401 1573 515 1611 Patre,
532 1575 594 1604 aut
611 1573 683 1603 suis
707 1573 744 1603 in
767 1573 833 1604 hac
856 1575 956 1612 parte
982 1564 1251 1610 Commissariis,
1268 1573 1426 1612 probare,
1444 1584 1506 1604 seu
1529 1574 1573 1604 ab
1597 1574 1665 1605 alio

280 1618 448 1648 bonorum
473 1617 654 1648 mobilium
678 1617 879 1658 hujusmodi
902 1617 1124 1655 testancium,
1148 1620 1210 1648 aut
1233 1618 1278 1648 ab
1300 1617 1468 1648 intestato
1496 1618 1663 1649 deceden-

279 1662 382 1699 cium,
399 1662 493 1692 iufra
509 1662 622 1692 dictas
646 1661 835 1692 Civitatem
860 1662 915 1692 vel
939 1661 1114 1692 Diocesim
1131 1661 1189 1700 sic,
1207 1667 1245 1692 ut
1270 1661 1455 1701 prefertur,
1473 1663 1662 1694 consisten-

278 1706 381 1744 cium,
399 1706 736 1737 Administraciones
752 1708 871 1745 petere
889 1705 943 1736 vel
959 1705 1147 1737 admittere
1163 1709 1381 1746 presumeret
1397 1717 1534 1746 quoquo
1550 1707 1663 1745 modo,

278 1751 343 1781 sub
361 1750 504 1790 Majoris
522 1750 906 1782 Exeommunieacionis
930 1750 1115 1781 Sentencie
1139 1760 1238 1790 pena,
1256 1761 1360 1790 quam
1384 1751 1421 1781 in
1445 1752 1663 1782 contraveni-

278 1802 388 1834 entes,
405 1805 526 1825 omnes
542 1798 577 1825 et
594 1794 759 1834 singulos,
777 1794 888 1834 culpa,
906 1804 1013 1832 mora,
1030 1800 1066 1825 et
1083 1795 1216 1825 offensa
1232 1795 1422 1825 eorundem
1446 1796 1662 1835 precedenti-

278 1839 352 1877 bus,
369 1839 451 1870 tulit
469 1839 503 1869 in
522 1839 688 1878 Scriptis3
705 1849 746 1869 eo
762 1839 854 1879 quod
869 1838 953 1878 ipse,
970 1839 1006 1868 in
1017 1838 1179 1870 omnibus
1191 1842 1227 1869 et
1243 1839 1391 1877 singulis
1407 1840 1662 1880 suprascriptis,

278 1883 484 1923 cuicumque
500 1886 644 1923 paratus
659 1883 778 1913 extitit
794 1883 1089 1922 complementum
1105 1883 1246 1924 justicie
1262 1883 1426 1914 exhibere
1440 1898 1447 1921 ;
1466 1884 1664 1915 mandando

279 1938 330 1965 ea,
347 1928 465 1958 onmia
481 1934 516 1958 et
540 1927 686 1967 singula,
703 1930 776 1957 tam
801 1927 837 1957 in
861 1927 1076 1958 Consistorio
1100 1937 1163 1958 suo
1188 1927 1374 1958 Exoniensi
1398 1938 1501 1968 quam
1526 1929 1561 1959 in
1586 1929 1664 1960 aliis

281 1971 380 2003 Locis
407 1971 555 2011 publicis
572 1969 754 2002 dictarum
782 1971 943 2002 civitatis
970 1975 1005 2002 et
1035 1971 1201 2007 Diocesis,
1230 1972 1457 2012 solempniter
1483 1973 1663 2012 publicari.

281 2016 514 2054 Reverendus,
531 2019 660 2054 tamen,
677 2015 714 2046 in
738 2015 878 2047 Christo
901 2016 1008 2046 Pater
1022 2020 1058 2046 et
1075 2016 1255 2054 Dominus,
1273 2016 1443 2048 Dominus
1460 2017 1663 2054 Willclmus,

279 2060 506 2100 permissione
531 2060 657 2091 Divina
682 2060 945 2091 Cantuariensis
967 2060 1269 2100 Arehiepiscopus,
1290 2061 1415 2092 'l'ocius
1440 2061 1566 2101 Anglie
1592 2062 1662 2092 Pri-

279 2115 363 2143 mas,
380 2110 416 2135 et
434 2105 632 2144 Apostolice
651 2105 750 2135 Sedis
767 2105 929 2144 laegatus,
946 2105 1277 2142 asserens—minus,
1295 2107 1424 2143 tamen,
1449 2106 1665 2137 veraciter—

278 2149 395 2180 omnia
418 2152 453 2180 et
478 2147 615 2189 singula
637 2149 816 2188 premissa,
833 2149 992 2189 quamvis
1015 2149 1109 2179 idem
1133 2149 1303 2180 Dominus
1327 2159 1435 2187 meus,
1460 2150 1664 2181 Exoniensis

283 2193 482 2233 Episcopus,
499 2193 536 2223 in
552 2193 731 2233 premissis
747 2193 958 2233 exequendis
973 2193 1174 2224 nullatenus
1196 2193 1378 2233 negligens
1400 2194 1558 2225 extiterit
1581 2205 1662 2235 quo-

282 2237 469 2268 modolibet
500 2237 555 2268 vel
581 2237 759 2275 remissus,
785 2237 830 2268 ad
861 2237 987 2277 ipsum,
1019 2237 1328 2278 Archiepiscopum
1361 2238 1662 2278 cantuariensem,

280 2281 460 2312 (xx-asione
483 2291 545 2312 sue
561 2281 786 2312 visitacionis
803 2281 1057 2321 Metropolitiee
1078 2284 1240 2321 pretense
1264 2282 1301 2312 in
1325 2282 1428 2313 dictis
1453 2283 1603 2314 Civitate
1627 2287 1663 2314 et

284 2325 417 2356 Dioccsi
435 2325 478 2356 de
494 2325 591 2356 facto
611 2325 772 2356 durantis
794 2325 979 2366 inexplete,
996 2325 1073 2365 ipsa
1088 2326 1304 2357 Visitacione
1321 2330 1485 2366 pretensa
1502 2327 1661 2360 durante.

281 2369 466 2409 pertinere,
490 2379 570 2400 cum
591 2379 660 2400 uon
685 2369 895 2409 pertineant,
912 2371 1017 2410 atque
1033 2380 1075 2400 ea
1098 2370 1278 2401 occasione
1295 2370 1433 2410 prefata
1451 2371 1663 2403 Moniciones

279 2416 315 2444 et
335 2414 500 2444 Mandata-
516 2413 656 2444 Domini
680 2413 759 2451 mei,
778 2413 983 2445 Exoniensis
999 2413 1172 2454 Episcopi,
1190 2425 1230 2445 ae
1255 2424 1317 2445 sua
1333 2415 1554 2454 auctoritate,
1572 2416 1662 2447 sicut

281 2458 467 2498 prefertur,
491 2458 596 2495 facta,
620 2463 656 2488 et
679 2468 894 2498 quecumque
917 2458 1042 2489 exinde
1059 2462 1188 2497 secuta,
1206 2458 1242 2488 in
1266 2458 1376 2498 ipsius
1401 2459 1661 2500 Archiepiscopi

279 2506 315 2532 et
333 2502 486 2533 Ecclesie
503 2512 563 2532 sue
577 2501 841 2533 Cantuariensis
857 2502 1089 2543 prejudicium
1106 2508 1210 2542 atque
1223 2502 1449 2534 Visitacionis
1464 2504 1661 2544 Metropoli-

281 2546 358 2584 tice,
375 2557 415 2577 ac
438 2546 459 2577 J
463 2546 587 2585 urium,
606 2546 836 2584 Libertatum,
854 2546 1131 2586 Privilegiorum,
1149 2547 1462 2586 Consuetudinum,
1480 2551 1515 2579 et
1541 2549 1660 2579 l'rero-

279 2590 397 2630 gative
421 2600 563 2621 suorum
588 2595 831 2631 pretensorum
863 2590 1129 2630 derogacionem
1152 2594 1189 2622 et
1220 2592 1485 2623 enervacionem
1517 2593 1661 2624 tendere

280 2634 466 2666 manifeste
480 2649 487 2671 ;
504 2644 594 2673 cum,
607 2638 736 2673 tamen,
753 2635 889 2665 nullum
901 2645 1022 2666 eorum
1034 2635 1079 2666 sit-
1090 2635 1265 2666 notorium
1282 2646 1393 2676 neque
1408 2646 1544 2674 verum;
1570 2640 1660 2668 sata-

279 2689 365 2717 gens
380 2682 484 2718 prout
506 2678 572 2709 sibi
596 2679 727 2719 placuit
751 2679 787 2709 in
804 2679 877 2710 suis
892 2679 1016 2718 causis,
1033 2690 1073 2710 ac
1090 2679 1125 2709 in
1142 2679 1280 2710 casibus
1296 2690 1365 2710 non
1383 2680 1580 2712 manifestis
1597 2691 1661 2712 nec

278 2723 425 2754 notoriis
448 2733 560 2763 neque
577 2723 678 2762 veris,
694 2726 730 2754 et
754 2723 790 2753 in
813 2723 939 2763 quibus
960 2724 1141 2764 potuisset,
1159 2723 1269 2754 eciam
1287 2724 1316 2754 si
1332 2725 1460 2755 notorii
1480 2725 1533 2755 vel
1552 2725 1659 2756 mani-

279 2767 361 2797 festi
377 2767 588 2806 extitissent,
606 2769 772 2807 tanquam
789 2774 971 2808 suspectus
988 2767 1114 2798 merito
1130 2768 1281 2798 recusari
1299 2768 1317 2798 J
1323 2769 1410 2798 udex
1427 2779 1513 2806 esse,
1531 2780 1571 2800 ac
1595 2770 1660 2800 sibi

279 2819 312 2841 et
330 2813 454 2842 contra.
469 2811 601 2842 dictum
616 2811 805 2842 Dominum
822 2822 949 2849 meum,
964 2811 1194 2842 Exoniensem
1217 2812 1433 2852 Episcopum,
1451 2813 1585 2853 sibique
1602 2814 1659 2844 :ul-

280 2855 452 2891 herentes,
468 2855 526 2895 jus
541 2855 656 2886 dicere
673 2856 745 2887 sive
768 2855 926 2896 judicare
950 2865 1155 2895 presumens
1172 2856 1336 2893 indebite,
1354 2857 1503 2887 maxime
1520 2868 1598 2888 cum
1625 2858 1660 2888 in

278 2910 383 2940 supra
399 2899 454 2930 vel
470 2899 563 2931 infra
587 2899 728 2940 scriptis
752 2900 884 2930 nullam
902 2899 1016 2938 habet,
1033 2904 1095 2930 aut
1119 2899 1252 2937 habuit,
1268 2900 1563 2940 jurisdiccionem.
1581 2912 1659 2932 auc-

277 2944 469 2982 toritatem,
486 2953 548 2975 seu
564 2944 715 2984 aliquam
733 2944 837 2975 aliam
855 2943 1049 2984 legitimam
1066 2946 1294 2984 potestatem3
1312 2944 1475 2986 nullaque
1492 2945 1534 2976 de
1551 2945 1661 2986 ipsius
