<?xml version="1.0" encoding="UTF-8"?>
<!DOCTYPE html PUBLIC "-//W3C//DTD XHTML 1.0 Transitional//EN"
    "http://www.w3.org/TR/xhtml1/DTD/xhtml1-transitional.dtd">
<html xmlns="http://www.w3.org/1999/xhtml" xml:lang="en" lang="en">
 <head>
  <title>
</title>
<meta http-equiv="Content-Type" content="text/html;charset=utf-8" />
  <meta name='ocr-system' content='tesseract 3.04.00' />
  <meta name='ocr-capabilities' content='ocr_page ocr_carea ocr_par ocr_line ocrx_word'/>
</head>
<body>
  <div class='ocr_page' id='page_1' title='image "./registerofthomas01hinguoft_0530.png"; bbox 0 0 1988 3256; ppageno 0'>
   <div class='ocr_carea' id='block_1_1' title="bbox 1828 0 1988 332">
    <p class='ocr_par' dir='ltr' id='par_1_1' title="bbox 1828 0 1988 332">
     <span class='ocr_line' id='line_1_1' title="bbox 1828 0 1988 332; baseline 0 2924"><span class='ocrx_word' id='word_1_1' title='bbox 1828 0 1988 332; x_wconf 95' lang='lat' dir='ltr'><strong> </strong></span> 
     </span>
    </p>
   </div>
   <div class='ocr_carea' id='block_1_2' title="bbox 393 333 1988 456">
    <p class='ocr_par' dir='ltr' id='par_1_2' title="bbox 393 333 1988 456">
     <span class='ocr_line' id='line_1_2' title="bbox 393 333 1988 456; baseline 0.004 -59"><span class='ocrx_word' id='word_1_2' title='bbox 393 354 488 397; x_wconf 82' lang='lat'><strong>512</strong></span> <span class='ocrx_word' id='word_1_3' title='bbox 615 366 719 399; x_wconf 78' lang='lat' dir='ltr'><strong>THE</strong></span> <span class='ocrx_word' id='word_1_4' title='bbox 743 365 987 400; x_wconf 72' lang='lat' dir='ltr'><strong>Rnols&#39;rlffl</strong></span> <span class='ocrx_word' id='word_1_5' title='bbox 1009 365 1071 399; x_wconf 76' lang='lat' dir='ltr'><strong>or</strong></span> <span class='ocrx_word' id='word_1_6' title='bbox 1093 365 1277 400; x_wconf 76' lang='lat' dir='ltr'><strong>msnor</strong></span> <span class='ocrx_word' id='word_1_7' title='bbox 1299 366 1703 403; x_wconf 75' lang='lat' dir='ltr'><strong>BRANTYNGHAM.</strong></span> <span class='ocrx_word' id='word_1_8' title='bbox 1962 333 1988 456; x_wconf 61' lang='grc'>1</span> 
     </span>
    </p>
   </div>
   <div class='ocr_carea' id='block_1_3' title="bbox 385 465 1988 2998">
    <p class='ocr_par' dir='ltr' id='par_1_3' title="bbox 385 465 1988 2998">
     <span class='ocr_line' id='line_1_3' title="bbox 391 465 1934 511; baseline 0.003 -11"><span class='ocrx_word' id='word_1_9' title='bbox 391 465 468 492; x_wconf 77' lang='lat' dir='ltr'>A.D.</span> <span class='ocrx_word' id='word_1_10' title='bbox 543 469 728 509; x_wconf 86' lang='lat' dir='ltr'><strong>tegraliter</strong></span> <span class='ocrx_word' id='word_1_11' title='bbox 750 469 935 510; x_wconf 75' lang='lat' dir='ltr'><strong>completo,</strong></span> <span class='ocrx_word' id='word_1_12' title='bbox 958 469 1015 501; x_wconf 89' lang='lat' dir='ltr'><strong>vel</strong></span> <span class='ocrx_word' id='word_1_13' title='bbox 1038 469 1151 501; x_wconf 89' lang='lat' dir='ltr'><strong>eciam</strong></span> <span class='ocrx_word' id='word_1_14' title='bbox 1173 479 1245 501; x_wconf 89' lang='lat' dir='ltr'><strong>non</strong></span> <span class='ocrx_word' id='word_1_15' title='bbox 1268 470 1452 510; x_wconf 87' lang='lat' dir='ltr'><strong>completo,</strong></span> <span class='ocrx_word' id='word_1_16' title='bbox 1476 470 1591 511; x_wconf 86' lang='lat' dir='ltr'><strong>possis</strong></span> <span class='ocrx_word' id='word_1_17' title='bbox 1613 470 1660 503; x_wconf 77' lang='lat' dir='ltr'><strong>ad</strong></span> <span class='ocrx_word' id='word_1_18' title='bbox 1683 469 1875 503; x_wconf 82' lang='lat' dir='ltr'><strong>Civitatem</strong></span> <span class='ocrx_word' id='word_1_19' title='bbox 1895 471 1934 504; x_wconf 65' lang='lat' dir='ltr'><strong>ot</strong></span> 
     </span>
     <span class='ocr_line' id='line_1_4' title="bbox 391 500 1988 560; baseline 0.003 -16"><span class='ocrx_word' id='word_1_20' title='bbox 391 500 495 560; x_wconf 51' lang='grc' dir='ltr'><strong>ξῗξξῗῖ</strong></span> <span class='ocrx_word' id='word_1_21' title='bbox 543 513 719 545; x_wconf 87' lang='lat' dir='ltr'><strong>Diocesim</strong></span> <span class='ocrx_word' id='word_1_22' title='bbox 744 513 948 555; x_wconf 85' lang='lat' dir='ltr'><strong>hujusmodi</strong></span> <span class='ocrx_word' id='word_1_23' title='bbox 972 513 1199 546; x_wconf 89' lang='lat' dir='ltr'><strong>Visitacionis</strong></span> <span class='ocrx_word' id='word_1_24' title='bbox 1225 523 1332 546; x_wconf 88' lang='lat' dir='ltr'><strong>causa</strong></span> <span class='ocrx_word' id='word_1_25' title='bbox 1353 514 1462 546; x_wconf 91' lang='lat' dir='ltr'><strong>libere</strong></span> <span class='ocrx_word' id='word_1_26' title='bbox 1485 515 1611 556; x_wconf 84' lang='lat' dir='ltr'><strong>redire,</strong></span> <span class='ocrx_word' id='word_1_27' title='bbox 1634 515 1840 557; x_wconf 73' lang='lat' dir='ltr'><strong>priusquam</strong></span> <span class='ocrx_word' id='word_1_28' title='bbox 1862 514 1933 548; x_wconf 71' lang='lat' dir='ltr'><strong>ulie</strong></span> <span class='ocrx_word' id='word_1_29' title='bbox 1986 546 1988 550; x_wconf 92' lang='grc'>,</span> 
     </span>
     <span class='ocr_line' id='line_1_5' title="bbox 544 557 1988 598; baseline 0.002 -9"><span class='ocrx_word' id='word_1_30' title='bbox 544 557 715 590; x_wconf 84' lang='lat' dir='ltr'><strong>Civitates</strong></span> <span class='ocrx_word' id='word_1_31' title='bbox 739 560 776 590; x_wconf 91' lang='lat' dir='ltr'><strong>et</strong></span> <span class='ocrx_word' id='word_1_32' title='bbox 801 558 965 590; x_wconf 88' lang='lat' dir='ltr'><strong>Dioceses</strong></span> <span class='ocrx_word' id='word_1_33' title='bbox 991 558 1084 589; x_wconf 89' lang='lat' dir='ltr'><strong>dicte</strong></span> <span class='ocrx_word' id='word_1_34' title='bbox 1109 558 1303 598; x_wconf 86' lang='lat' dir='ltr'><strong>Provincie‚</strong></span> <span class='ocrx_word' id='word_1_35' title='bbox 1328 559 1385 590; x_wconf 92' lang='lat' dir='ltr'><strong>vel</strong></span> <span class='ocrx_word' id='word_1_36' title='bbox 1409 560 1481 598; x_wconf 88' lang='lat' dir='ltr'><strong>tua,</strong></span> <span class='ocrx_word' id='word_1_37' title='bbox 1507 559 1623 591; x_wconf 90' lang='lat' dir='ltr'><strong>denuo</strong></span> <span class='ocrx_word' id='word_1_38' title='bbox 1652 559 1691 591; x_wconf 90' lang='lat' dir='ltr'><strong>in</strong></span> <span class='ocrx_word' id='word_1_39' title='bbox 1714 561 1790 592; x_wconf 89' lang='lat' dir='ltr'><strong>toto</strong></span> <span class='ocrx_word' id='word_1_40' title='bbox 1813 559 1871 592; x_wconf 79' lang='lat' dir='ltr'><strong>vel</strong></span> <span class='ocrx_word' id='word_1_41' title='bbox 1893 558 1932 592; x_wconf 79' lang='lat' dir='ltr'><strong>in</strong></span> <span class='ocrx_word' id='word_1_42' title='bbox 1980 557 1988 566; x_wconf 68' lang='lat'><strong>&#39;¹</strong></span> 
     </span>
     <span class='ocr_line' id='line_1_6' title="bbox 543 602 1932 644; baseline 0.002 -11"><span class='ocrx_word' id='word_1_43' title='bbox 543 604 645 642; x_wconf 85' lang='lat' dir='ltr'><strong>parte</strong></span> <span class='ocrx_word' id='word_1_44' title='bbox 661 613 724 643; x_wconf 90' lang='lat' dir='ltr'><strong>per</strong></span> <span class='ocrx_word' id='word_1_45' title='bbox 738 604 775 634; x_wconf 88' lang='lat' dir='ltr'><strong>te</strong></span> <span class='ocrx_word' id='word_1_46' title='bbox 790 602 926 634; x_wconf 82' lang='lat' dir='ltr'><strong>fuerint</strong></span> <span class='ocrx_word' id='word_1_47' title='bbox 940 602 1099 641; x_wconf 80' lang='lat' dir='ltr'><strong>visitate3</strong></span> <span class='ocrx_word' id='word_1_48' title='bbox 1115 602 1285 644; x_wconf 88' lang='lat' dir='ltr'><strong>quodque,</strong></span> <span class='ocrx_word' id='word_1_49' title='bbox 1297 606 1485 644; x_wconf 73' lang='lat' dir='ltr'><strong>postquam</strong></span> <span class='ocrx_word' id='word_1_50' title='bbox 1499 604 1696 644; x_wconf 74' lang='lat' dir='ltr'>predictam</span> <span class='ocrx_word' id='word_1_51' title='bbox 1707 603 1932 637; x_wconf 74' lang='lat' dir='ltr'><strong>Provinciam</strong></span> 
     </span>
     <span class='ocr_line' id='line_1_7' title="bbox 544 646 1980 688; baseline 0.002 -11"><span class='ocrx_word' id='word_1_52' title='bbox 544 646 582 677; x_wconf 91' lang='lat' dir='ltr'><strong>in</strong></span> <span class='ocrx_word' id='word_1_53' title='bbox 604 649 680 678; x_wconf 90' lang='lat' dir='ltr'><strong>toto</strong></span> <span class='ocrx_word' id='word_1_54' title='bbox 695 647 752 678; x_wconf 88' lang='lat' dir='ltr'><strong>vel</strong></span> <span class='ocrx_word' id='word_1_55' title='bbox 773 647 812 678; x_wconf 91' lang='lat' dir='ltr'><strong>in</strong></span> <span class='ocrx_word' id='word_1_56' title='bbox 833 648 935 687; x_wconf 91' lang='lat' dir='ltr'><strong>parte</strong></span> <span class='ocrx_word' id='word_1_57' title='bbox 957 647 1168 687; x_wconf 77' lang='lat' dir='ltr'><strong>visitaveris,</strong></span> <span class='ocrx_word' id='word_1_58' title='bbox 1191 649 1232 678; x_wconf 92' lang='lat' dir='ltr'><strong>ut</strong></span> <span class='ocrx_word' id='word_1_59' title='bbox 1254 647 1444 688; x_wconf 77' lang='lat' dir='ltr'><strong>prefertur,</strong></span> <span class='ocrx_word' id='word_1_60' title='bbox 1461 648 1527 679; x_wconf 89' lang='lat' dir='ltr'><strong>tibi</strong></span> <span class='ocrx_word' id='word_1_61' title='bbox 1549 648 1656 680; x_wconf 86' lang='lat' dir='ltr'><strong>liceat</strong></span> <span class='ocrx_word' id='word_1_62' title='bbox 1677 647 1931 680; x_wconf 75' lang='lat' dir='ltr'><strong>visitacionem</strong></span> <span class='ocrx_word' id='word_1_63' title='bbox 1978 663 1980 666; x_wconf 56' lang='lat'>&gt;</span> 
     </span>
     <span class='ocr_line' id='line_1_8' title="bbox 543 682 1988 733; baseline 0.002 -11"><span class='ocrx_word' id='word_1_64' title='bbox 543 691 741 731; x_wconf 77' lang='lat' dir='ltr'><strong>predictam</strong></span> <span class='ocrx_word' id='word_1_65' title='bbox 770 701 834 732; x_wconf 90' lang='lat' dir='ltr'><strong>per</strong></span> <span class='ocrx_word' id='word_1_66' title='bbox 863 691 1012 723; x_wconf 88' lang='lat' dir='ltr'><strong>eandem</strong></span> <span class='ocrx_word' id='word_1_67' title='bbox 1042 691 1172 723; x_wconf 86' lang='lat' dir='ltr'><strong>iterare</strong></span> <span class='ocrx_word' id='word_1_68' title='bbox 1195 691 1428 732; x_wconf 83' lang='lat' dir='ltr'><strong>Provinciam,</strong></span> <span class='ocrx_word' id='word_1_69' title='bbox 1456 692 1766 733; x_wconf 79' lang='lat' dir='ltr'><strong>Suffraganeorum</strong></span> <span class='ocrx_word' id='word_1_70' title='bbox 1788 694 1932 724; x_wconf 82' lang='lat' dir='ltr'><strong>tuorum</strong></span> <span class='ocrx_word' id='word_1_71' title='bbox 1979 682 1988 733; x_wconf 57' lang='lat' dir='ltr'><strong>l</strong></span> 
     </span>
     <span class='ocr_line' id='line_1_9' title="bbox 544 735 1988 780; baseline 0.002 -14"><span class='ocrx_word' id='word_1_72' title='bbox 544 735 689 767; x_wconf 92' lang='lat' dir='ltr'><strong>consilio</strong></span> <span class='ocrx_word' id='word_1_73' title='bbox 705 736 851 767; x_wconf 89' lang='lat' dir='ltr'><strong>minime</strong></span> <span class='ocrx_word' id='word_1_74' title='bbox 866 736 1045 777; x_wconf 78' lang='lat' dir='ltr'><strong>requisito,</strong></span> <span class='ocrx_word' id='word_1_75' title='bbox 1062 745 1127 767; x_wconf 91' lang='lat' dir='ltr'><strong>nec</strong></span> <span class='ocrx_word' id='word_1_76' title='bbox 1143 736 1355 768; x_wconf 90' lang='lat' dir='ltr'><strong>diffinicione</strong></span> <span class='ocrx_word' id='word_1_77' title='bbox 1371 739 1434 768; x_wconf 89' lang='lat' dir='ltr'><strong>tua</strong></span> <span class='ocrx_word' id='word_1_78' title='bbox 1457 747 1563 777; x_wconf 90' lang='lat' dir='ltr'><strong>super</strong></span> <span class='ocrx_word' id='word_1_79' title='bbox 1584 737 1651 769; x_wconf 88' lang='lat' dir='ltr'><strong>hoc</strong></span> <span class='ocrx_word' id='word_1_80' title='bbox 1673 737 1791 778; x_wconf 81' lang='lat' dir='ltr'><strong>aliqua</strong></span> <span class='ocrx_word' id='word_1_81' title='bbox 1811 745 1931 778; x_wconf 76' lang='lat' dir='ltr'><strong>prooe-</strong></span> <span class='ocrx_word' id='word_1_82' title='bbox 1957 776 1960 780; x_wconf 31' lang='grc' dir='ltr'>Ι</span> <span class='ocrx_word' id='word_1_83' title='bbox 1978 740 1988 758; x_wconf 65' lang='lat'><strong>¹⁴</strong></span> 
     </span>
     <span class='ocr_line' id='line_1_10' title="bbox 543 778 1988 822; baseline 0.001 -11"><span class='ocrx_word' id='word_1_84' title='bbox 543 779 668 818; x_wconf 77' lang='lat' dir='ltr'><strong>dente3</strong></span> <span class='ocrx_word' id='word_1_85' title='bbox 693 782 730 811; x_wconf 90' lang='lat' dir='ltr'><strong>et</strong></span> <span class='ocrx_word' id='word_1_86' title='bbox 753 780 845 821; x_wconf 89' lang='lat' dir='ltr'><strong>quod</strong></span> <span class='ocrx_word' id='word_1_87' title='bbox 867 780 1136 821; x_wconf 87' lang='lat' dir='ltr'><strong>procuraciones</strong></span> <span class='ocrx_word' id='word_1_88' title='bbox 1159 780 1225 811; x_wconf 92' lang='lat' dir='ltr'><strong>tibi</strong></span> <span class='ocrx_word' id='word_1_89' title='bbox 1249 780 1387 813; x_wconf 87' lang='lat' dir='ltr'><strong>debitas</strong></span> <span class='ocrx_word' id='word_1_90' title='bbox 1417 781 1462 812; x_wconf 89' lang='lat' dir='ltr'><strong>ab</strong></span> <span class='ocrx_word' id='word_1_91' title='bbox 1486 781 1662 821; x_wconf 85' lang='lat' dir='ltr'><strong>Ecclesiis,</strong></span> <span class='ocrx_word' id='word_1_92' title='bbox 1695 780 1930 822; x_wconf 70' lang='lat' dir='ltr'><strong>Monasteriin,</strong></span> <span class='ocrx_word' id='word_1_93' title='bbox 1981 778 1988 809; x_wconf 80' lang='grc' dir='ltr'><strong>’ἶ</strong></span> 
     </span>
     <span class='ocr_line' id='line_1_11' title="bbox 542 824 1932 866; baseline 0.002 -11"><span class='ocrx_word' id='word_1_94' title='bbox 542 824 653 864; x_wconf 89' lang='lat' dir='ltr'><strong>Locis,</strong></span> <span class='ocrx_word' id='word_1_95' title='bbox 670 827 706 856; x_wconf 92' lang='lat' dir='ltr'><strong>et</strong></span> <span class='ocrx_word' id='word_1_96' title='bbox 722 825 886 857; x_wconf 88' lang='lat' dir='ltr'><strong>Personis</strong></span> <span class='ocrx_word' id='word_1_97' title='bbox 908 825 1029 856; x_wconf 90' lang='lat' dir='ltr'><strong>taliter</strong></span> <span class='ocrx_word' id='word_1_98' title='bbox 1050 824 1205 856; x_wconf 87' lang='lat' dir='ltr'><strong>visitatis</strong></span> <span class='ocrx_word' id='word_1_99' title='bbox 1226 825 1373 865; x_wconf 86' lang='lat' dir='ltr'><strong>perinde</strong></span> <span class='ocrx_word' id='word_1_100' title='bbox 1395 825 1533 866; x_wconf 87' lang='lat' dir='ltr'><strong>integre</strong></span> <span class='ocrx_word' id='word_1_101' title='bbox 1548 826 1661 866; x_wconf 88' lang='lat' dir='ltr'><strong>possis</strong></span> <span class='ocrx_word' id='word_1_102' title='bbox 1683 825 1873 866; x_wconf 88' lang='lat' dir='ltr'><strong>percipere,</strong></span> <span class='ocrx_word' id='word_1_103' title='bbox 1888 834 1932 858; x_wconf 76' lang='grc' dir='ltr'>ω</span> 
     </span>
     <span class='ocr_line' id='line_1_12' title="bbox 542 868 1987 910; baseline 0.001 -10"><span class='ocrx_word' id='word_1_104' title='bbox 542 869 572 900; x_wconf 89' lang='lat' dir='ltr'><strong>si</strong></span> <span class='ocrx_word' id='word_1_105' title='bbox 595 869 633 900; x_wconf 89' lang='lat' dir='ltr'><strong>in</strong></span> <span class='ocrx_word' id='word_1_106' title='bbox 654 869 871 901; x_wconf 89' lang='lat' dir='ltr'><strong>Visitacione</strong></span> <span class='ocrx_word' id='word_1_107' title='bbox 894 868 1097 910; x_wconf 84' lang='lat' dir='ltr'><strong>hujusmodi</strong></span> <span class='ocrx_word' id='word_1_108' title='bbox 1121 869 1279 900; x_wconf 90' lang='lat' dir='ltr'><strong>debitum</strong></span> <span class='ocrx_word' id='word_1_109' title='bbox 1302 869 1461 901; x_wconf 88' lang='lat' dir='ltr'><strong>ordinem</strong></span> <span class='ocrx_word' id='word_1_110' title='bbox 1485 870 1716 910; x_wconf 85' lang='lat' dir='ltr'><strong>observasses,</strong></span> <span class='ocrx_word' id='word_1_111' title='bbox 1739 869 1855 902; x_wconf 75' lang='lat' dir='ltr'><strong>felicis</strong></span> <span class='ocrx_word' id='word_1_112' title='bbox 1875 879 1930 902; x_wconf 81' lang='lat' dir='ltr'><strong>re·</strong></span> <span class='ocrx_word' id='word_1_113' title='bbox 1984 885 1987 891; x_wconf 61' lang='lat'><em>2</em></span> 
     </span>
     <span class='ocr_line' id='line_1_13' title="bbox 542 913 1930 954; baseline 0.001 -10"><span class='ocrx_word' id='word_1_114' title='bbox 542 913 759 945; x_wconf 90' lang='lat' dir='ltr'><strong>cordacionis</strong></span> <span class='ocrx_word' id='word_1_115' title='bbox 774 913 978 945; x_wconf 88' lang='lat' dir='ltr'><strong>Innocencii</strong></span> <span class='ocrx_word' id='word_1_116' title='bbox 994 913 1088 954; x_wconf 87' lang='lat' dir='ltr'><strong>Pape</strong></span> <span class='ocrx_word' id='word_1_117' title='bbox 1105 913 1238 953; x_wconf 80' lang='lat' dir='ltr'><strong>Quarti,</strong></span> <span class='ocrx_word' id='word_1_118' title='bbox 1256 914 1517 946; x_wconf 84' lang='lat' dir='ltr'><strong>Predecessoris</strong></span> <span class='ocrx_word' id='word_1_119' title='bbox 1539 914 1662 954; x_wconf 82' lang='lat' dir='ltr'><strong>nostri,</strong></span> <span class='ocrx_word' id='word_1_120' title='bbox 1678 917 1715 946; x_wconf 92' lang='lat' dir='ltr'><strong>et</strong></span> <span class='ocrx_word' id='word_1_121' title='bbox 1737 914 1817 946; x_wconf 85' lang='lat' dir='ltr'><strong>aliis</strong></span> <span class='ocrx_word' id='word_1_122' title='bbox 1840 913 1930 946; x_wconf 82' lang='lat' dir='ltr'><strong>Con·</strong></span> 
     </span>
     <span class='ocr_line' id='line_1_14' title="bbox 542 957 1930 999; baseline 0.002 -11"><span class='ocrx_word' id='word_1_123' title='bbox 542 958 789 989; x_wconf 90' lang='lat' dir='ltr'><strong>stitucionibus</strong></span> <span class='ocrx_word' id='word_1_124' title='bbox 820 958 1006 990; x_wconf 82' lang='lat' dir='ltr'><strong>contrariis</strong></span> <span class='ocrx_word' id='word_1_125' title='bbox 1035 968 1256 999; x_wconf 86' lang='lat' dir='ltr'><strong>nequaquam</strong></span> <span class='ocrx_word' id='word_1_126' title='bbox 1281 958 1514 998; x_wconf 81' lang='lat' dir='ltr'><strong>obstantibus,</strong></span> <span class='ocrx_word' id='word_1_127' title='bbox 1547 958 1778 990; x_wconf 76' lang='lat' dir='ltr'><strong>Frater-nitati</strong></span> <span class='ocrx_word' id='word_1_128' title='bbox 1801 960 1873 998; x_wconf 85' lang='lat' dir='ltr'><strong>tue,</strong></span> <span class='ocrx_word' id='word_1_129' title='bbox 1898 957 1930 991; x_wconf 81' lang='lat' dir='ltr'><strong>si</strong></span> 
     </span>
     <span class='ocr_line' id='line_1_15' title="bbox 541 1002 1928 1044; baseline 0.001 -11"><span class='ocrx_word' id='word_1_130' title='bbox 541 1002 686 1034; x_wconf 86' lang='lat' dir='ltr'><strong>evidens</strong></span> <span class='ocrx_word' id='word_1_131' title='bbox 707 1002 845 1034; x_wconf 88' lang='lat' dir='ltr'><strong>utilitas</strong></span> <span class='ocrx_word' id='word_1_132' title='bbox 868 1004 931 1033; x_wconf 90' lang='lat' dir='ltr'><strong>aut</strong></span> <span class='ocrx_word' id='word_1_133' title='bbox 953 1002 1146 1034; x_wconf 81' lang='lat' dir='ltr'><strong>necessitas</strong></span> <span class='ocrx_word' id='word_1_134' title='bbox 1168 1002 1205 1033; x_wconf 89' lang='lat' dir='ltr'><strong>id</strong></span> <span class='ocrx_word' id='word_1_135' title='bbox 1228 1005 1403 1043; x_wconf 83' lang='lat' dir='ltr'><strong>exposcat,</strong></span> <span class='ocrx_word' id='word_1_136' title='bbox 1421 1013 1526 1044; x_wconf 91' lang='lat' dir='ltr'><strong>super</strong></span> <span class='ocrx_word' id='word_1_137' title='bbox 1541 1014 1608 1044; x_wconf 88' lang='lat' dir='ltr'><strong>quo</strong></span> <span class='ocrx_word' id='word_1_138' title='bbox 1632 1005 1731 1034; x_wconf 87' lang='lat' dir='ltr'><strong>tuam</strong></span> <span class='ocrx_word' id='word_1_139' title='bbox 1751 1002 1928 1035; x_wconf 84' lang='lat' dir='ltr'><strong>conscien-</strong></span> 
     </span>
     <span class='ocr_line' id='line_1_16' title="bbox 541 1047 1928 1088; baseline 0.001 -11"><span class='ocrx_word' id='word_1_140' title='bbox 541 1047 633 1077; x_wconf 85' lang='lat' dir='ltr'><strong>ciam</strong></span> <span class='ocrx_word' id='word_1_141' title='bbox 649 1057 846 1087; x_wconf 84' lang='lat' dir='ltr'><strong>oneramus,</strong></span> <span class='ocrx_word' id='word_1_142' title='bbox 863 1047 1075 1078; x_wconf 88' lang='lat' dir='ltr'><strong>auctoritate</strong></span> <span class='ocrx_word' id='word_1_143' title='bbox 1094 1047 1321 1078; x_wconf 89' lang='lat' dir='ltr'><strong>Presencium</strong></span> <span class='ocrx_word' id='word_1_144' title='bbox 1343 1047 1578 1088; x_wconf 73' lang='lat' dir='ltr'><strong>indulgemus.</strong></span> <span class='ocrx_word' id='word_1_145' title='bbox 1624 1047 1732 1087; x_wconf 87' lang='lat' dir='ltr'><strong>Nulli,</strong></span> <span class='ocrx_word' id='word_1_146' title='bbox 1748 1057 1833 1088; x_wconf 83' lang='lat' dir='ltr'><strong>ergo</strong></span> <span class='ocrx_word' id='word_1_147' title='bbox 1855 1057 1928 1079; x_wconf 86' lang='lat' dir='ltr'><strong>om-</strong></span> 
     </span>
     <span class='ocr_line' id='line_1_17' title="bbox 541 1091 1931 1132; baseline 0.001 -10"><span class='ocrx_word' id='word_1_148' title='bbox 541 1091 625 1122; x_wconf 92' lang='lat' dir='ltr'><strong>nino</strong></span> <span class='ocrx_word' id='word_1_149' title='bbox 641 1091 835 1131; x_wconf 90' lang='lat' dir='ltr'><strong>hominum,</strong></span> <span class='ocrx_word' id='word_1_150' title='bbox 852 1092 1059 1123; x_wconf 71' lang='lat' dir='ltr'><strong>etc—Data</strong></span> <span class='ocrx_word' id='word_1_151' title='bbox 1083 1091 1202 1131; x_wconf 85' lang='lat' dir='ltr'><strong>Rome,</strong></span> <span class='ocrx_word' id='word_1_152' title='bbox 1220 1092 1313 1132; x_wconf 88' lang='lat' dir='ltr'><strong>apud</strong></span> <span class='ocrx_word' id='word_1_153' title='bbox 1338 1091 1507 1123; x_wconf 89' lang='lat' dir='ltr'><strong>Sanctum</strong></span> <span class='ocrx_word' id='word_1_154' title='bbox 1531 1092 1687 1131; x_wconf 86' lang='lat' dir='ltr'><strong>Petrum,</strong></span> <span class='ocrx_word' id='word_1_155' title='bbox 1703 1102 1726 1123; x_wconf 89' lang='lat' dir='ltr'>x</span> <span class='ocrx_word' id='word_1_156' title='bbox 1749 1091 1931 1124; x_wconf 73' lang='lat' dir='ltr'><strong>Kalendas</strong></span> 
     </span>
     <span class='ocr_line' id='line_1_18' title="bbox 541 1134 1928 1177; baseline 0 -10"><span class='ocrx_word' id='word_1_157' title='bbox 541 1135 755 1175; x_wconf 83' lang='lat' dir='ltr'><strong>Decembris,</strong></span> <span class='ocrx_word' id='word_1_158' title='bbox 773 1136 1004 1167; x_wconf 88' lang='lat' dir='ltr'><strong>Pontificatus</strong></span> <span class='ocrx_word' id='word_1_159' title='bbox 1019 1135 1131 1167; x_wconf 88' lang='lat' dir='ltr'><strong>nostri</strong></span> <span class='ocrx_word' id='word_1_160' title='bbox 1147 1135 1251 1167; x_wconf 77' lang='lat' dir='ltr'><strong>Anno</strong></span> <span class='ocrx_word' id='word_1_161' title='bbox 1267 1136 1389 1177; x_wconf 87' lang='lat' dir='ltr'><strong>quinto</strong></span> <span class='ocrx_word' id='word_1_162' title='bbox 1403 1134 1465 1177; x_wconf 87' lang='lat'><strong>[22</strong></span> <span class='ocrx_word' id='word_1_163' title='bbox 1478 1136 1576 1176; x_wconf 63' lang='lat' dir='ltr'><strong>Nov„</strong></span> <span class='ocrx_word' id='word_1_164' title='bbox 1586 1134 1928 1177; x_wconf 80' lang='lat' dir='ltr'><strong>1382].—Volentes,</strong></span> 
     </span>
     <span class='ocr_line' id='line_1_19' title="bbox 542 1179 1930 1222; baseline 0.001 -11"><span class='ocrx_word' id='word_1_165' title='bbox 542 1180 724 1221; x_wconf 88' lang='lat' dir='ltr'><strong>siquidem,</strong></span> <span class='ocrx_word' id='word_1_166' title='bbox 743 1180 855 1212; x_wconf 90' lang='lat' dir='ltr'><strong>nostri</strong></span> <span class='ocrx_word' id='word_1_167' title='bbox 879 1180 1127 1220; x_wconf 90' lang='lat' dir='ltr'><strong>Metropolitici</strong></span> <span class='ocrx_word' id='word_1_168' title='bbox 1144 1180 1256 1211; x_wconf 91' lang='lat' dir='ltr'><strong>Officii</strong></span> <span class='ocrx_word' id='word_1_169' title='bbox 1279 1180 1447 1220; x_wconf 91' lang='lat' dir='ltr'><strong>debitum,</strong></span> <span class='ocrx_word' id='word_1_170' title='bbox 1466 1183 1571 1221; x_wconf 90' lang='lat' dir='ltr'><strong>prout</strong></span> <span class='ocrx_word' id='word_1_171' title='bbox 1587 1181 1633 1212; x_wconf 83' lang='lat' dir='ltr'><strong>ad</strong></span> <span class='ocrx_word' id='word_1_172' title='bbox 1647 1181 1684 1212; x_wconf 86' lang='lat' dir='ltr'><strong>id</strong></span> <span class='ocrx_word' id='word_1_173' title='bbox 1708 1180 1751 1212; x_wconf 88' lang='lat' dir='ltr'><strong>de</strong></span> <span class='ocrx_word' id='word_1_174' title='bbox 1773 1179 1852 1222; x_wconf 77' lang='lat' dir='ltr'><strong>jure</strong></span> <span class='ocrx_word' id='word_1_175' title='bbox 1875 1189 1930 1212; x_wconf 74' lang='lat' dir='ltr'><strong>as-</strong></span> 
     </span>
     <span class='ocr_line' id='line_1_20' title="bbox 540 1223 1929 1265; baseline 0.001 -10"><span class='ocrx_word' id='word_1_176' title='bbox 540 1225 740 1265; x_wconf 86' lang='lat' dir='ltr'><strong>tringimur,</strong></span> <span class='ocrx_word' id='word_1_177' title='bbox 752 1224 927 1256; x_wconf 87' lang='lat' dir='ltr'><strong>efficacius</strong></span> <span class='ocrx_word' id='word_1_178' title='bbox 943 1235 1010 1265; x_wconf 92' lang='lat' dir='ltr'><strong>quo</strong></span> <span class='ocrx_word' id='word_1_179' title='bbox 1025 1224 1230 1264; x_wconf 87' lang='lat' dir='ltr'><strong>poterimus,</strong></span> <span class='ocrx_word' id='word_1_180' title='bbox 1246 1224 1402 1265; x_wconf 87' lang='lat' dir='ltr'><strong>ipsarum</strong></span> <span class='ocrx_word' id='word_1_181' title='bbox 1418 1225 1551 1257; x_wconf 90' lang='lat' dir='ltr'><strong>viribus</strong></span> <span class='ocrx_word' id='word_1_182' title='bbox 1566 1225 1766 1256; x_wconf 87' lang='lat' dir='ltr'><strong>Literarum</strong></span> <span class='ocrx_word' id='word_1_183' title='bbox 1782 1223 1929 1264; x_wconf 75' lang='lat' dir='ltr'><strong>suffulti,</strong></span> 
     </span>
     <span class='ocr_line' id='line_1_21' title="bbox 542 1267 1928 1310; baseline 0 -10"><span class='ocrx_word' id='word_1_184' title='bbox 542 1269 675 1310; x_wconf 83' lang='lat' dir='ltr'><strong>exequi,</strong></span> <span class='ocrx_word' id='word_1_185' title='bbox 702 1269 793 1301; x_wconf 90' lang='lat' dir='ltr'><strong>sicut</strong></span> <span class='ocrx_word' id='word_1_186' title='bbox 818 1270 938 1307; x_wconf 86' lang='lat' dir='ltr'><strong>decet3</strong></span> <span class='ocrx_word' id='word_1_187' title='bbox 963 1269 1256 1310; x_wconf 88' lang='lat' dir='ltr'><strong>attendentesque</strong></span> <span class='ocrx_word' id='word_1_188' title='bbox 1281 1269 1368 1301; x_wconf 89' lang='lat' dir='ltr'><strong>utile</strong></span> <span class='ocrx_word' id='word_1_189' title='bbox 1395 1269 1472 1300; x_wconf 83' lang='lat' dir='ltr'><strong>fore</strong></span> <span class='ocrx_word' id='word_1_190' title='bbox 1497 1271 1537 1300; x_wconf 92' lang='lat' dir='ltr'><strong>nt</strong></span> <span class='ocrx_word' id='word_1_191' title='bbox 1562 1279 1584 1300; x_wconf 91' lang='lat' dir='ltr'><strong>a</strong></span> <span class='ocrx_word' id='word_1_192' title='bbox 1607 1269 1735 1301; x_wconf 87' lang='lat' dir='ltr'><strong>vestris</strong></span> <span class='ocrx_word' id='word_1_193' title='bbox 1760 1267 1928 1308; x_wconf 74' lang='lat' dir='ltr'><strong>Ecclesia,</strong></span> 
     </span>
     <span class='ocr_line' id='line_1_22' title="bbox 543 1312 1985 1355; baseline 0.001 -12"><span class='ocrx_word' id='word_1_194' title='bbox 543 1313 706 1352; x_wconf 85' lang='lat' dir='ltr'><strong>Civitate‚</strong></span> <span class='ocrx_word' id='word_1_195' title='bbox 734 1315 770 1345; x_wconf 91' lang='lat' dir='ltr'><strong>et</strong></span> <span class='ocrx_word' id='word_1_196' title='bbox 800 1314 939 1345; x_wconf 89' lang='lat' dir='ltr'><strong>Diocesi</strong></span> <span class='ocrx_word' id='word_1_197' title='bbox 967 1313 1223 1344; x_wconf 85' lang='lat' dir='ltr'><strong>Exoniensibus</strong></span> <span class='ocrx_word' id='word_1_198' title='bbox 1253 1313 1507 1345; x_wconf 88' lang='lat' dir='ltr'><strong>Visitacionem</strong></span> <span class='ocrx_word' id='word_1_199' title='bbox 1537 1315 1696 1346; x_wconf 86' lang='lat' dir='ltr'><strong>nostram</strong></span> <span class='ocrx_word' id='word_1_200' title='bbox 1725 1312 1929 1355; x_wconf 74' lang='lat' dir='ltr'><strong>hujusmodi</strong></span> <span class='ocrx_word' id='word_1_201' title='bbox 1980 1347 1985 1349; x_wconf 53' lang='grc'><strong>,</strong></span> 
     </span>
     <span class='ocr_line' id='line_1_23' title="bbox 542 1356 1928 1398; baseline -0.001 -9"><span class='ocrx_word' id='word_1_202' title='bbox 542 1358 836 1398; x_wconf 88' lang='lat' dir='ltr'><strong>Metropoliticam</strong></span> <span class='ocrx_word' id='word_1_203' title='bbox 852 1358 1076 1396; x_wconf 80' lang='lat' dir='ltr'><strong>inchoemus3</strong></span> <span class='ocrx_word' id='word_1_204' title='bbox 1102 1358 1333 1389; x_wconf 82' lang='lat' dir='ltr'><strong>Fraternitati</strong></span> <span class='ocrx_word' id='word_1_205' title='bbox 1349 1360 1465 1389; x_wconf 87' lang='lat' dir='ltr'><strong>vestre</strong></span> <span class='ocrx_word' id='word_1_206' title='bbox 1481 1360 1603 1390; x_wconf 86' lang='lat' dir='ltr'><strong>tenore</strong></span> <span class='ocrx_word' id='word_1_207' title='bbox 1626 1357 1853 1389; x_wconf 88' lang='lat' dir='ltr'><strong>Presencium</strong></span> <span class='ocrx_word' id='word_1_208' title='bbox 1875 1356 1928 1389; x_wconf 85' lang='lat' dir='ltr'><strong>in-</strong></span> 
     </span>
     <span class='ocr_line' id='line_1_24' title="bbox 385 1401 1928 1443; baseline 0.001 -13"><span class='ocrx_word' id='word_1_209' title='bbox 385 1403 431 1431; x_wconf 69' lang='lat' dir='ltr'><strong>fol.</strong></span> <span class='ocrx_word' id='word_1_210' title='bbox 541 1403 710 1434; x_wconf 89' lang='lat' dir='ltr'><strong>timamus</strong></span> <span class='ocrx_word' id='word_1_211' title='bbox 726 1403 819 1443; x_wconf 89' lang='lat' dir='ltr'><strong>quod</strong></span> <span class='ocrx_word' id='word_1_212' title='bbox 833 1413 898 1434; x_wconf 90' lang='lat' dir='ltr'><strong>nos</strong></span> <span class='ocrx_word' id='word_1_213' title='bbox 913 1402 1105 1433; x_wconf 87' lang='lat' dir='ltr'><strong>Personam</strong></span> <span class='ocrx_word' id='word_1_214' title='bbox 1120 1404 1276 1434; x_wconf 89' lang='lat' dir='ltr'><strong>vestram</strong></span> <span class='ocrx_word' id='word_1_215' title='bbox 1300 1404 1336 1433; x_wconf 91' lang='lat' dir='ltr'><strong>et</strong></span> <span class='ocrx_word' id='word_1_216' title='bbox 1360 1402 1554 1434; x_wconf 84' lang='lat' dir='ltr'><strong>Ecclesiam</strong></span> <span class='ocrx_word' id='word_1_217' title='bbox 1576 1404 1732 1434; x_wconf 86' lang='lat' dir='ltr'><strong>vestram</strong></span> <span class='ocrx_word' id='word_1_218' title='bbox 1755 1401 1928 1434; x_wconf 83' lang='lat' dir='ltr'><strong>Exonien-</strong></span> 
     </span>
     <span class='ocr_line' id='line_1_25' title="bbox 386 1437 1929 1488; baseline -0.001 -10"><span class='ocrx_word' id='word_1_219' title='bbox 386 1437 463 1464; x_wconf 84' lang='lat' dir='ltr'>115b.</span> <span class='ocrx_word' id='word_1_220' title='bbox 543 1457 627 1486; x_wconf 88' lang='lat' dir='ltr'><strong>sem,</strong></span> <span class='ocrx_word' id='word_1_221' title='bbox 659 1447 836 1487; x_wconf 88' lang='lat' dir='ltr'><strong>ipsiusque</strong></span> <span class='ocrx_word' id='word_1_222' title='bbox 862 1447 1043 1478; x_wconf 86' lang='lat' dir='ltr'><strong>Decanum</strong></span> <span class='ocrx_word' id='word_1_223' title='bbox 1069 1448 1105 1477; x_wconf 90' lang='lat' dir='ltr'><strong>et</strong></span> <span class='ocrx_word' id='word_1_224' title='bbox 1131 1446 1343 1487; x_wconf 83' lang='lat' dir='ltr'><strong>Capitulum,</strong></span> <span class='ocrx_word' id='word_1_225' title='bbox 1370 1446 1512 1478; x_wconf 84' lang='lat' dir='ltr'><strong>clerum</strong></span> <span class='ocrx_word' id='word_1_226' title='bbox 1543 1449 1579 1478; x_wconf 87' lang='lat' dir='ltr'><strong>et</strong></span> <span class='ocrx_word' id='word_1_227' title='bbox 1610 1446 1783 1488; x_wconf 87' lang='lat' dir='ltr'><strong>Populum</strong></span> <span class='ocrx_word' id='word_1_228' title='bbox 1811 1446 1929 1478; x_wconf 81' lang='lat' dir='ltr'><strong>vestre</strong></span> 
     </span>
     <span class='ocr_line' id='line_1_26' title="bbox 542 1489 1930 1534; baseline -0.001 -11"><span class='ocrx_word' id='word_1_229' title='bbox 542 1492 708 1531; x_wconf 90' lang='lat' dir='ltr'><strong>Diocesis,</strong></span> <span class='ocrx_word' id='word_1_230' title='bbox 724 1492 803 1533; x_wconf 85' lang='lat' dir='ltr'><strong>jure</strong></span> <span class='ocrx_word' id='word_1_231' title='bbox 821 1491 1087 1532; x_wconf 84' lang='lat' dir='ltr'><strong>MetropoliticO,</strong></span> <span class='ocrx_word' id='word_1_232' title='bbox 1103 1490 1247 1522; x_wconf 84' lang='lat' dir='ltr'><strong>favente</strong></span> <span class='ocrx_word' id='word_1_233' title='bbox 1258 1491 1417 1530; x_wconf 90' lang='lat' dir='ltr'><strong>Domino,</strong></span> <span class='ocrx_word' id='word_1_234' title='bbox 1430 1501 1494 1532; x_wconf 91' lang='lat' dir='ltr'><strong>per</strong></span> <span class='ocrx_word' id='word_1_235' title='bbox 1505 1501 1580 1531; x_wconf 90' lang='lat' dir='ltr'><strong>nos,</strong></span> <span class='ocrx_word' id='word_1_236' title='bbox 1591 1501 1653 1523; x_wconf 91' lang='lat' dir='ltr'><strong>seu</strong></span> <span class='ocrx_word' id='word_1_237' title='bbox 1661 1489 1930 1534; x_wconf 79' lang='lat' dir='ltr'><strong>Commissarios</strong></span> 
     </span>
     <span class='ocr_line' id='line_1_27' title="bbox 542 1533 1967 1576; baseline -0.001 -9"><span class='ocrx_word' id='word_1_238' title='bbox 542 1538 680 1567; x_wconf 88' lang='lat' dir='ltr'><strong>nostros</strong></span> <span class='ocrx_word' id='word_1_239' title='bbox 704 1536 733 1567; x_wconf 90' lang='lat' dir='ltr'><strong>si</strong></span> <span class='ocrx_word' id='word_1_240' title='bbox 755 1535 929 1567; x_wconf 88' lang='lat' dir='ltr'><strong>fuerimus</strong></span> <span class='ocrx_word' id='word_1_241' title='bbox 951 1535 1185 1576; x_wconf 85' lang='lat' dir='ltr'><strong>personaliter</strong></span> <span class='ocrx_word' id='word_1_242' title='bbox 1198 1535 1369 1575; x_wconf 87' lang='lat' dir='ltr'><strong>impediti,</strong></span> <span class='ocrx_word' id='word_1_243' title='bbox 1385 1535 1613 1576; x_wconf 89' lang='lat' dir='ltr'><strong>proponimus</strong></span> <span class='ocrx_word' id='word_1_244' title='bbox 1635 1535 1790 1567; x_wconf 83' lang='lat' dir='ltr'><strong>visitare.</strong></span> <span class='ocrx_word' id='word_1_245' title='bbox 1837 1533 1927 1574; x_wconf 83' lang='lat' dir='ltr'><strong>Quo·</strong></span> <span class='ocrx_word' id='word_1_246' title='bbox 1965 1555 1967 1558; x_wconf 94' lang='lat'>-</span> 
     </span>
     <span class='ocr_line' id='line_1_28' title="bbox 541 1577 1962 1621; baseline -0.001 -9"><span class='ocrx_word' id='word_1_247' title='bbox 541 1581 635 1612; x_wconf 89' lang='lat' dir='ltr'><strong>circa</strong></span> <span class='ocrx_word' id='word_1_248' title='bbox 650 1581 822 1619; x_wconf 90' lang='lat' dir='ltr'><strong>volumus,</strong></span> <span class='ocrx_word' id='word_1_249' title='bbox 839 1582 875 1611; x_wconf 90' lang='lat' dir='ltr'><strong>et</strong></span> <span class='ocrx_word' id='word_1_250' title='bbox 898 1580 1007 1619; x_wconf 90' lang='lat' dir='ltr'><strong>vobis,</strong></span> <span class='ocrx_word' id='word_1_251' title='bbox 1023 1580 1061 1610; x_wconf 91' lang='lat' dir='ltr'><strong>in</strong></span> <span class='ocrx_word' id='word_1_252' title='bbox 1083 1580 1215 1611; x_wconf 90' lang='lat' dir='ltr'><strong>virtute</strong></span> <span class='ocrx_word' id='word_1_253' title='bbox 1240 1579 1450 1611; x_wconf 89' lang='lat' dir='ltr'><strong>Obediencie</strong></span> <span class='ocrx_word' id='word_1_254' title='bbox 1473 1590 1542 1621; x_wconf 88' lang='lat' dir='ltr'><strong>qua</strong></span> <span class='ocrx_word' id='word_1_255' title='bbox 1565 1580 1720 1612; x_wconf 87' lang='lat' dir='ltr'><strong>Ecclesie</strong></span> <span class='ocrx_word' id='word_1_256' title='bbox 1744 1577 1928 1611; x_wconf 74' lang='lat' dir='ltr'><strong>Cautum-i-</strong></span> <span class='ocrx_word' id='word_1_257' title='bbox 1959 1615 1962 1617; x_wconf 51' lang='grc'><strong>,</strong></span> 
     </span>
     <span class='ocr_line' id='line_1_29' title="bbox 541 1622 1930 1665; baseline -0.001 -9"><span class='ocrx_word' id='word_1_258' title='bbox 541 1626 617 1657; x_wconf 88' lang='lat' dir='ltr'><strong>ensi</strong></span> <span class='ocrx_word' id='word_1_259' title='bbox 628 1626 713 1656; x_wconf 89' lang='lat' dir='ltr'><strong>estis</strong></span> <span class='ocrx_word' id='word_1_260' title='bbox 726 1625 872 1663; x_wconf 83' lang='lat' dir='ltr'><strong>astricti,</strong></span> <span class='ocrx_word' id='word_1_261' title='bbox 889 1625 1038 1655; x_wconf 88' lang='lat' dir='ltr'><strong>firmiter</strong></span> <span class='ocrx_word' id='word_1_262' title='bbox 1053 1624 1281 1665; x_wconf 84' lang='lat' dir='ltr'><strong>injungendo,</strong></span> <span class='ocrx_word' id='word_1_263' title='bbox 1293 1625 1504 1656; x_wconf 87' lang='lat' dir='ltr'><strong>mandamus</strong></span> <span class='ocrx_word' id='word_1_264' title='bbox 1527 1624 1703 1665; x_wconf 88' lang='lat' dir='ltr'><strong>quatinus,</strong></span> <span class='ocrx_word' id='word_1_265' title='bbox 1719 1623 1786 1655; x_wconf 88' lang='lat' dir='ltr'><strong>hoc</strong></span> <span class='ocrx_word' id='word_1_266' title='bbox 1800 1622 1930 1655; x_wconf 68' lang='lat' dir='ltr'><strong>vestiit</strong></span> 
     </span>
     <span class='ocr_line' id='line_1_30' title="bbox 542 1666 1928 1709; baseline 0 -9"><span class='ocrx_word' id='word_1_267' title='bbox 542 1670 692 1702; x_wconf 86' lang='lat' dir='ltr'><strong>subditis</strong></span> <span class='ocrx_word' id='word_1_268' title='bbox 707 1669 915 1700; x_wconf 86' lang='lat' dir='ltr'><strong>intimantes</strong></span> <span class='ocrx_word' id='word_1_269' title='bbox 932 1679 993 1700; x_wconf 88' lang='lat' dir='ltr'><strong>seu</strong></span> <span class='ocrx_word' id='word_1_270' title='bbox 1008 1669 1166 1700; x_wconf 84' lang='lat' dir='ltr'><strong>intimari</strong></span> <span class='ocrx_word' id='word_1_271' title='bbox 1190 1668 1373 1708; x_wconf 85' lang='lat' dir='ltr'><strong>facientes,</strong></span> <span class='ocrx_word' id='word_1_272' title='bbox 1389 1669 1632 1709; x_wconf 88' lang='lat' dir='ltr'><strong>premuniatis,</strong></span> <span class='ocrx_word' id='word_1_273' title='bbox 1649 1678 1712 1700; x_wconf 87' lang='lat' dir='ltr'><strong>seu</strong></span> <span class='ocrx_word' id='word_1_274' title='bbox 1733 1666 1928 1709; x_wconf 72' lang='lat' dir='ltr'><strong>premuniti</strong></span> 
     </span>
     <span class='ocr_line' id='line_1_31' title="bbox 540 1713 1928 1754; baseline -0.001 -9"><span class='ocrx_word' id='word_1_275' title='bbox 540 1715 692 1754; x_wconf 83' lang='lat' dir='ltr'><strong>faciatis,</strong></span> <span class='ocrx_word' id='word_1_276' title='bbox 709 1714 860 1753; x_wconf 83' lang='lat' dir='ltr'><strong>eosdem,</strong></span> <span class='ocrx_word' id='word_1_277' title='bbox 877 1713 969 1754; x_wconf 89' lang='lat' dir='ltr'><strong>quod</strong></span> <span class='ocrx_word' id='word_1_278' title='bbox 986 1723 1022 1745; x_wconf 91' lang='lat' dir='ltr'><strong>se</strong></span> <span class='ocrx_word' id='word_1_279' title='bbox 1038 1723 1226 1753; x_wconf 87' lang='lat' dir='ltr'><strong>preparare</strong></span> <span class='ocrx_word' id='word_1_280' title='bbox 1243 1713 1409 1744; x_wconf 89' lang='lat' dir='ltr'><strong>studeant</strong></span> <span class='ocrx_word' id='word_1_281' title='bbox 1432 1713 1478 1744; x_wconf 90' lang='lat' dir='ltr'><strong>ad</strong></span> <span class='ocrx_word' id='word_1_282' title='bbox 1493 1713 1746 1744; x_wconf 88' lang='lat' dir='ltr'><strong>Visitacionem</strong></span> <span class='ocrx_word' id='word_1_283' title='bbox 1767 1714 1928 1744; x_wconf 71' lang='lat' dir='ltr'><strong>nostram</strong></span> 
     </span>
     <span class='ocr_line' id='line_1_32' title="bbox 541 1755 1929 1800; baseline -0.001 -10"><span class='ocrx_word' id='word_1_284' title='bbox 541 1759 753 1800; x_wconf 85' lang='lat' dir='ltr'><strong>hujusmodi,</strong></span> <span class='ocrx_word' id='word_1_285' title='bbox 771 1758 964 1790; x_wconf 89' lang='lat' dir='ltr'><strong>secundum</strong></span> <span class='ocrx_word' id='word_1_286' title='bbox 981 1757 1191 1788; x_wconf 87' lang='lat' dir='ltr'><strong>Sancciones</strong></span> <span class='ocrx_word' id='word_1_287' title='bbox 1208 1757 1412 1797; x_wconf 87' lang='lat' dir='ltr'><strong>Canonicas,</strong></span> <span class='ocrx_word' id='word_1_288' title='bbox 1430 1757 1659 1789; x_wconf 85' lang='lat' dir='ltr'><strong>subeundam.</strong></span> <span class='ocrx_word' id='word_1_289' title='bbox 1704 1755 1929 1796; x_wconf 79' lang='lat' dir='ltr'><strong>Denunciari,</strong></span> 
     </span>
     <span class='ocr_line' id='line_1_33' title="bbox 541 1801 1957 1843; baseline -0.001 -9"><span class='ocrx_word' id='word_1_290' title='bbox 541 1806 671 1843; x_wconf 89' lang='lat' dir='ltr'><strong>autem,</strong></span> <span class='ocrx_word' id='word_1_291' title='bbox 687 1802 828 1834; x_wconf 87' lang='lat' dir='ltr'><strong>faciatis</strong></span> <span class='ocrx_word' id='word_1_292' title='bbox 844 1802 1007 1834; x_wconf 90' lang='lat' dir='ltr'><strong>omnibus</strong></span> <span class='ocrx_word' id='word_1_293' title='bbox 1022 1802 1081 1843; x_wconf 90' lang='lat' dir='ltr'><strong>qui</strong></span> <span class='ocrx_word' id='word_1_294' title='bbox 1097 1802 1134 1832; x_wconf 91' lang='lat' dir='ltr'><strong>in</strong></span> <span class='ocrx_word' id='word_1_295' title='bbox 1158 1802 1253 1832; x_wconf 87' lang='lat' dir='ltr'><strong>dicta</strong></span> <span class='ocrx_word' id='word_1_296' title='bbox 1269 1801 1422 1833; x_wconf 87' lang='lat' dir='ltr'><strong>Civitate</strong></span> <span class='ocrx_word' id='word_1_297' title='bbox 1444 1804 1480 1833; x_wconf 87' lang='lat' dir='ltr'><strong>et</strong></span> <span class='ocrx_word' id='word_1_298' title='bbox 1504 1802 1642 1834; x_wconf 88' lang='lat' dir='ltr'><strong>Diocesi</strong></span> <span class='ocrx_word' id='word_1_299' title='bbox 1665 1801 1851 1841; x_wconf 80' lang='lat' dir='ltr'><strong>Ecclesias,</strong></span> <span class='ocrx_word' id='word_1_300' title='bbox 1867 1809 1931 1832; x_wconf 76' lang='lat' dir='ltr'><strong>seu</strong></span> <span class='ocrx_word' id='word_1_301' title='bbox 1950 1830 1957 1838; x_wconf 77' lang='grc'><strong>,</strong></span> 
     </span>
     <span class='ocr_line' id='line_1_34' title="bbox 542 1843 1928 1887; baseline -0.002 -8"><span class='ocrx_word' id='word_1_302' title='bbox 542 1848 779 1879; x_wconf 84' lang='lat' dir='ltr'><strong>Ecclesiarum</strong></span> <span class='ocrx_word' id='word_1_303' title='bbox 796 1847 993 1886; x_wconf 87' lang='lat' dir='ltr'><strong>Porciones,</strong></span> <span class='ocrx_word' id='word_1_304' title='bbox 1004 1848 1173 1887; x_wconf 87' lang='lat' dir='ltr'><strong>tanquam</strong></span> <span class='ocrx_word' id='word_1_305' title='bbox 1190 1846 1434 1886; x_wconf 87' lang='lat' dir='ltr'><strong>appropriatas</strong></span> <span class='ocrx_word' id='word_1_306' title='bbox 1450 1846 1620 1886; x_wconf 86' lang='lat' dir='ltr'><strong>detinent,</strong></span> <span class='ocrx_word' id='word_1_307' title='bbox 1631 1846 1734 1887; x_wconf 91' lang='lat' dir='ltr'><strong>quive</strong></span> <span class='ocrx_word' id='word_1_308' title='bbox 1749 1845 1787 1876; x_wconf 94' lang='lat' dir='ltr'><strong>in</strong></span> <span class='ocrx_word' id='word_1_309' title='bbox 1802 1843 1928 1877; x_wconf 83' lang='lat' dir='ltr'><strong>alienis</strong></span> 
     </span>
     <span class='ocr_line' id='line_1_35' title="bbox 542 1887 1928 1931; baseline -0.002 -8"><span class='ocrx_word' id='word_1_310' title='bbox 542 1892 708 1923; x_wconf 84' lang='lat' dir='ltr'><strong>Ecclesiis</strong></span> <span class='ocrx_word' id='word_1_311' title='bbox 724 1894 786 1922; x_wconf 88' lang='lat' dir='ltr'><strong>aut</strong></span> <span class='ocrx_word' id='word_1_312' title='bbox 802 1891 982 1922; x_wconf 89' lang='lat' dir='ltr'><strong>Parochiis</strong></span> <span class='ocrx_word' id='word_1_313' title='bbox 998 1891 1188 1922; x_wconf 88' lang='lat' dir='ltr'><strong>Pensiones</strong></span> <span class='ocrx_word' id='word_1_314' title='bbox 1201 1890 1255 1921; x_wconf 91' lang='lat' dir='ltr'><strong>vel</strong></span> <span class='ocrx_word' id='word_1_315' title='bbox 1271 1891 1458 1922; x_wconf 87' lang='lat' dir='ltr'><strong>Porciones</strong></span> <span class='ocrx_word' id='word_1_316' title='bbox 1473 1891 1608 1931; x_wconf 84' lang='lat' dir='ltr'><strong>aliquas</strong></span> <span class='ocrx_word' id='word_1_317' title='bbox 1622 1890 1822 1931; x_wconf 88' lang='lat' dir='ltr'><strong>percipiunt</strong></span> <span class='ocrx_word' id='word_1_318' title='bbox 1836 1887 1928 1921; x_wconf 82' lang='lat' dir='ltr'><strong>deci·</strong></span> 
     </span>
     <span class='ocr_line' id='line_1_36' title="bbox 541 1932 1926 1976; baseline -0.001 -9"><span class='ocrx_word' id='word_1_319' title='bbox 541 1947 689 1975; x_wconf 83' lang='lat' dir='ltr'><strong>mamm,</strong></span> <span class='ocrx_word' id='word_1_320' title='bbox 713 1936 918 1976; x_wconf 87' lang='lat' dir='ltr'><strong>Capellasve</strong></span> <span class='ocrx_word' id='word_1_321' title='bbox 943 1945 1005 1967; x_wconf 88' lang='lat' dir='ltr'><strong>seu</strong></span> <span class='ocrx_word' id='word_1_322' title='bbox 1031 1935 1192 1966; x_wconf 88' lang='lat' dir='ltr'><strong>Oratoria</strong></span> <span class='ocrx_word' id='word_1_323' title='bbox 1216 1934 1312 1966; x_wconf 87' lang='lat' dir='ltr'><strong>infra</strong></span> <span class='ocrx_word' id='word_1_324' title='bbox 1336 1935 1467 1966; x_wconf 87' lang='lat' dir='ltr'><strong>limites</strong></span> <span class='ocrx_word' id='word_1_325' title='bbox 1492 1935 1641 1976; x_wconf 83' lang='lat' dir='ltr'><strong>alicujus</strong></span> <span class='ocrx_word' id='word_1_326' title='bbox 1665 1933 1844 1974; x_wconf 87' lang='lat' dir='ltr'><strong>Parochie,</strong></span> <span class='ocrx_word' id='word_1_327' title='bbox 1867 1932 1926 1965; x_wconf 68' lang='lat' dir='ltr'><strong>wel</strong></span> 
     </span>
     <span class='ocr_line' id='line_1_37' title="bbox 540 1975 1927 2022; baseline -0.002 -10"><span class='ocrx_word' id='word_1_328' title='bbox 540 1982 627 2013; x_wconf 86' lang='lat' dir='ltr'><strong>alias</strong></span> <span class='ocrx_word' id='word_1_329' title='bbox 651 1981 951 2022; x_wconf 83' lang='lat' dir='ltr'><strong>qualitercumque</strong></span> <span class='ocrx_word' id='word_1_330' title='bbox 976 1989 1012 2010; x_wconf 89' lang='lat' dir='ltr'><strong>se</strong></span> <span class='ocrx_word' id='word_1_331' title='bbox 1036 1979 1166 2010; x_wconf 87' lang='lat' dir='ltr'><strong>habere</strong></span> <span class='ocrx_word' id='word_1_332' title='bbox 1189 1975 1490 2019; x_wconf 74' lang='lat' dir='ltr'><strong>pretendentibus,</strong></span> <span class='ocrx_word' id='word_1_333' title='bbox 1513 1979 1550 2010; x_wconf 90' lang='lat' dir='ltr'><strong>in</strong></span> <span class='ocrx_word' id='word_1_334' title='bbox 1573 1979 1699 2020; x_wconf 85' lang='lat' dir='ltr'><strong>quibus</strong></span> <span class='ocrx_word' id='word_1_335' title='bbox 1722 1977 1852 2010; x_wconf 73' lang='lat' dir='ltr'><strong>Divina</strong></span> <span class='ocrx_word' id='word_1_336' title='bbox 1871 1976 1927 2009; x_wconf 74' lang='lat' dir='ltr'><strong>fa-</strong></span> 
     </span>
     <span class='ocr_line' id='line_1_38' title="bbox 540 2022 1940 2064; baseline -0.001 -8"><span class='ocrx_word' id='word_1_337' title='bbox 540 2026 638 2057; x_wconf 90' lang='lat' dir='ltr'><strong>ciunt</strong></span> <span class='ocrx_word' id='word_1_338' title='bbox 662 2024 851 2062; x_wconf 85' lang='lat' dir='ltr'><strong>celebrari3</strong></span> <span class='ocrx_word' id='word_1_339' title='bbox 875 2034 1022 2063; x_wconf 88' lang='lat' dir='ltr'><strong>necnon,</strong></span> <span class='ocrx_word' id='word_1_340' title='bbox 1038 2023 1212 2054; x_wconf 89' lang='lat' dir='ltr'><strong>universis</strong></span> <span class='ocrx_word' id='word_1_341' title='bbox 1236 2023 1452 2063; x_wconf 85' lang='lat' dir='ltr'><strong>Rectoribus,</strong></span> <span class='ocrx_word' id='word_1_342' title='bbox 1468 2023 1630 2062; x_wconf 90' lang='lat' dir='ltr'><strong>Vicariis,</strong></span> <span class='ocrx_word' id='word_1_343' title='bbox 1645 2025 1682 2054; x_wconf 91' lang='lat' dir='ltr'><strong>et</strong></span> <span class='ocrx_word' id='word_1_344' title='bbox 1703 2022 1940 2064; x_wconf 42' lang='lat' dir='ltr'><strong>quibuscum*</strong></span> 
     </span>
     <span class='ocr_line' id='line_1_39' title="bbox 539 2066 1939 2110; baseline -0.002 -9"><span class='ocrx_word' id='word_1_345' title='bbox 539 2080 606 2110; x_wconf 91' lang='lat' dir='ltr'><strong>que</strong></span> <span class='ocrx_word' id='word_1_346' title='bbox 622 2070 700 2101; x_wconf 87' lang='lat' dir='ltr'><strong>aliis</strong></span> <span class='ocrx_word' id='word_1_347' title='bbox 718 2068 894 2100; x_wconf 87' lang='lat' dir='ltr'><strong>Beneficia</strong></span> <span class='ocrx_word' id='word_1_348' title='bbox 910 2067 1157 2099; x_wconf 86' lang='lat' dir='ltr'><strong>Ecclesiastica</strong></span> <span class='ocrx_word' id='word_1_349' title='bbox 1179 2067 1420 2108; x_wconf 85' lang='lat' dir='ltr'><strong>optinentibus</strong></span> <span class='ocrx_word' id='word_1_350' title='bbox 1442 2068 1718 2108; x_wconf 88' lang='lat' dir='ltr'><strong>qualiacumque,</strong></span> <span class='ocrx_word' id='word_1_351' title='bbox 1734 2066 1828 2108; x_wconf 86' lang='lat' dir='ltr'><strong>quod</strong></span> <span class='ocrx_word' id='word_1_352' title='bbox 1847 2067 1925 2098; x_wconf 67' lang='lat' dir='ltr'><strong>tam</strong></span> <span class='ocrx_word' id='word_1_353' title='bbox 1936 2075 1939 2082; x_wconf 70' lang='lat'><em>&#39;</em></span> 
     </span>
     <span class='ocr_line' id='line_1_40' title="bbox 540 2109 1927 2153; baseline -0.002 -8"><span class='ocrx_word' id='word_1_354' title='bbox 540 2114 723 2153; x_wconf 87' lang='lat' dir='ltr'><strong>Ecclesias,</strong></span> <span class='ocrx_word' id='word_1_355' title='bbox 756 2113 943 2144; x_wconf 88' lang='lat' dir='ltr'><strong>Porciones</strong></span> <span class='ocrx_word' id='word_1_356' title='bbox 974 2112 1211 2143; x_wconf 81' lang='lat' dir='ltr'><strong>Ecclesiamm</strong></span> <span class='ocrx_word' id='word_1_357' title='bbox 1242 2122 1303 2143; x_wconf 89' lang='lat' dir='ltr'><strong>seu</strong></span> <span class='ocrx_word' id='word_1_358' title='bbox 1333 2112 1445 2143; x_wconf 89' lang='lat' dir='ltr'><strong>eciam</strong></span> <span class='ocrx_word' id='word_1_359' title='bbox 1476 2112 1692 2143; x_wconf 88' lang='lat' dir='ltr'><strong>decimarum</strong></span> <span class='ocrx_word' id='word_1_360' title='bbox 1722 2109 1927 2153; x_wconf 78' lang='lat' dir='ltr'><strong>hujusmodi</strong></span> 
     </span>
     <span class='ocr_line' id='line_1_41' title="bbox 539 2154 1940 2198; baseline -0.002 -8"><span class='ocrx_word' id='word_1_361' title='bbox 539 2161 702 2190; x_wconf 87' lang='lat' dir='ltr'><strong>tenentes</strong></span> <span class='ocrx_word' id='word_1_362' title='bbox 727 2160 763 2189; x_wconf 88' lang='lat' dir='ltr'><strong>et</strong></span> <span class='ocrx_word' id='word_1_363' title='bbox 787 2157 1032 2198; x_wconf 86' lang='lat' dir='ltr'><strong>percipientes,</strong></span> <span class='ocrx_word' id='word_1_364' title='bbox 1059 2166 1196 2187; x_wconf 87' lang='lat' dir='ltr'><strong>necnon</strong></span> <span class='ocrx_word' id='word_1_365' title='bbox 1228 2156 1389 2196; x_wconf 87' lang='lat' dir='ltr'><strong>Capellas</strong></span> <span class='ocrx_word' id='word_1_366' title='bbox 1413 2159 1449 2187; x_wconf 92' lang='lat' dir='ltr'><strong>et</strong></span> <span class='ocrx_word' id='word_1_367' title='bbox 1475 2156 1637 2188; x_wconf 87' lang='lat' dir='ltr'><strong>Oratoria</strong></span> <span class='ocrx_word' id='word_1_368' title='bbox 1660 2154 1863 2198; x_wconf 82' lang='lat' dir='ltr'><strong>hujusmodi</strong></span> <span class='ocrx_word' id='word_1_369' title='bbox 1885 2163 1940 2192; x_wconf 69' lang='grc' dir='ltr'><strong>σο·</strong></span> 
     </span>
     <span class='ocr_line' id='line_1_42' title="bbox 539 2197 1934 2243; baseline -0.002 -9"><span class='ocrx_word' id='word_1_370' title='bbox 539 2204 667 2234; x_wconf 86' lang='lat' dir='ltr'><strong>habere</strong></span> <span class='ocrx_word' id='word_1_371' title='bbox 692 2203 858 2241; x_wconf 86' lang='lat' dir='ltr'><strong>dicentes,</strong></span> <span class='ocrx_word' id='word_1_372' title='bbox 874 2201 940 2243; x_wconf 85' lang='lat' dir='ltr'><strong>jus,</strong></span> <span class='ocrx_word' id='word_1_373' title='bbox 959 2201 987 2232; x_wconf 90' lang='lat' dir='ltr'><strong>si</strong></span> <span class='ocrx_word' id='word_1_374' title='bbox 1011 2201 1103 2241; x_wconf 89' lang='lat' dir='ltr'><strong>quod</strong></span> <span class='ocrx_word' id='word_1_375' title='bbox 1126 2201 1279 2231; x_wconf 90' lang='lat' dir='ltr'><strong>habeant</strong></span> <span class='ocrx_word' id='word_1_376' title='bbox 1303 2211 1408 2241; x_wconf 89' lang='lat' dir='ltr'><strong>super</strong></span> <span class='ocrx_word' id='word_1_377' title='bbox 1430 2201 1510 2240; x_wconf 91' lang='lat' dir='ltr'><strong>illis,</strong></span> <span class='ocrx_word' id='word_1_378' title='bbox 1533 2210 1639 2241; x_wconf 86' lang='lat' dir='ltr'><strong>quam</strong></span> <span class='ocrx_word' id='word_1_379' title='bbox 1662 2201 1840 2240; x_wconf 83' lang='lat' dir='ltr'><strong>Rectores,</strong></span> <span class='ocrx_word' id='word_1_380' title='bbox 1862 2197 1934 2231; x_wconf 69' lang='lat' dir='ltr'><strong>Vi·s</strong></span> 
     </span>
     <span class='ocr_line' id='line_1_43' title="bbox 539 2243 1926 2286; baseline -0.003 -8"><span class='ocrx_word' id='word_1_381' title='bbox 539 2248 634 2286; x_wconf 88' lang='lat' dir='ltr'><strong>carii,</strong></span> <span class='ocrx_word' id='word_1_382' title='bbox 651 2258 692 2278; x_wconf 91' lang='lat' dir='ltr'><strong>ac</strong></span> <span class='ocrx_word' id='word_1_383' title='bbox 708 2247 767 2277; x_wconf 88' lang='lat' dir='ltr'><strong>alii</strong></span> <span class='ocrx_word' id='word_1_384' title='bbox 785 2245 999 2284; x_wconf 86' lang='lat' dir='ltr'><strong>Beneficiati,</strong></span> <span class='ocrx_word' id='word_1_385' title='bbox 1017 2245 1139 2276; x_wconf 87' lang='lat' dir='ltr'><strong>titulos</strong></span> <span class='ocrx_word' id='word_1_386' title='bbox 1156 2255 1246 2284; x_wconf 88' lang='lat' dir='ltr'><strong>suos,</strong></span> <span class='ocrx_word' id='word_1_387' title='bbox 1263 2245 1388 2285; x_wconf 88' lang='lat' dir='ltr'><strong>quibus</strong></span> <span class='ocrx_word' id='word_1_388' title='bbox 1405 2245 1643 2276; x_wconf 88' lang='lat' dir='ltr'><strong>mediantibus</strong></span> <span class='ocrx_word' id='word_1_389' title='bbox 1662 2243 1838 2278; x_wconf 72' lang='lat' dir='ltr'><strong>Ecclesiae</strong></span> <span class='ocrx_word' id='word_1_390' title='bbox 1860 2243 1926 2280; x_wconf 53' lang='lat' dir='ltr'><strong>aut</strong></span> 
     </span>
     <span class='ocr_line' id='line_1_44' title="bbox 540 2287 1932 2332; baseline -0.002 -10"><span class='ocrx_word' id='word_1_391' title='bbox 540 2292 715 2323; x_wconf 84' lang='lat' dir='ltr'><strong>Beneficia</strong></span> <span class='ocrx_word' id='word_1_392' title='bbox 738 2290 939 2332; x_wconf 82' lang='lat' dir='ltr'><strong>hujusmodi</strong></span> <span class='ocrx_word' id='word_1_393' title='bbox 963 2289 1096 2322; x_wconf 87' lang='lat' dir='ltr'><strong>fuerint</strong></span> <span class='ocrx_word' id='word_1_394' title='bbox 1124 2289 1286 2328; x_wconf 84' lang='lat' dir='ltr'><strong>assecuti,</strong></span> <span class='ocrx_word' id='word_1_395' title='bbox 1314 2289 1343 2320; x_wconf 92' lang='lat' dir='ltr'><strong>si</strong></span> <span class='ocrx_word' id='word_1_396' title='bbox 1370 2289 1535 2324; x_wconf 68' lang='lat' dir='ltr'><strong>fortassis⁴</strong></span> <span class='ocrx_word' id='word_1_397' title='bbox 1554 2289 1707 2330; x_wconf 87' lang='lat' dir='ltr'><strong>plurales</strong></span> <span class='ocrx_word' id='word_1_398' title='bbox 1729 2287 1932 2330; x_wconf 65' lang='lat' dir='ltr'><strong>extiterint,</strong></span> 
     </span>
     <span class='ocr_line' id='line_1_45' title="bbox 539 2333 1903 2376; baseline -0.002 -9"><span class='ocrx_word' id='word_1_399' title='bbox 539 2336 859 2376; x_wconf 83' lang='lat' dir='ltr'><strong>Dispensacionem,</strong></span> <span class='ocrx_word' id='word_1_400' title='bbox 878 2335 905 2366; x_wconf 91' lang='lat' dir='ltr'><strong>si</strong></span> <span class='ocrx_word' id='word_1_401' title='bbox 923 2345 1028 2375; x_wconf 88' lang='lat' dir='ltr'><strong>quam</strong></span> <span class='ocrx_word' id='word_1_402' title='bbox 1050 2333 1205 2364; x_wconf 86' lang='lat' dir='ltr'><strong>habeant</strong></span> <span class='ocrx_word' id='word_1_403' title='bbox 1221 2334 1257 2364; x_wconf 91' lang='lat' dir='ltr'><strong>in</strong></span> <span class='ocrx_word' id='word_1_404' title='bbox 1281 2344 1323 2364; x_wconf 88' lang='lat' dir='ltr'><strong>ea</strong></span> <span class='ocrx_word' id='word_1_405' title='bbox 1346 2336 1445 2374; x_wconf 88' lang='lat' dir='ltr'><strong>parte</strong></span> <span class='ocrx_word' id='word_1_406' title='bbox 1470 2333 1694 2373; x_wconf 86' lang='lat' dir='ltr'><strong>Canonicam,</strong></span> <span class='ocrx_word' id='word_1_407' title='bbox 1710 2343 1800 2372; x_wconf 88' lang='lat' dir='ltr'><strong>cum,</strong></span> <span class='ocrx_word' id='word_1_408' title='bbox 1817 2341 1873 2364; x_wconf 78' lang='lat' dir='ltr'><strong>oa·</strong></span> <span class='ocrx_word' id='word_1_409' title='bbox 1890 2346 1903 2358; x_wconf 85' lang='grc'><strong>-·</strong></span> 
     </span>
     <span class='ocr_line' id='line_1_46' title="bbox 538 2375 1925 2420; baseline -0.003 -8"><span class='ocrx_word' id='word_1_410' title='bbox 538 2380 765 2412; x_wconf 86' lang='lat' dir='ltr'><strong>Visitacionis</strong></span> <span class='ocrx_word' id='word_1_411' title='bbox 788 2378 989 2420; x_wconf 85' lang='lat' dir='ltr'><strong>hujusmodi</strong></span> <span class='ocrx_word' id='word_1_412' title='bbox 1014 2378 1235 2417; x_wconf 85' lang='lat' dir='ltr'><strong>excercende,</strong></span> <span class='ocrx_word' id='word_1_413' title='bbox 1252 2388 1315 2418; x_wconf 87' lang='lat' dir='ltr'><strong>per</strong></span> <span class='ocrx_word' id='word_1_414' title='bbox 1337 2388 1400 2409; x_wconf 88' lang='lat' dir='ltr'><strong>nos</strong></span> <span class='ocrx_word' id='word_1_415' title='bbox 1416 2378 1471 2409; x_wconf 88' lang='lat' dir='ltr'><strong>vel</strong></span> <span class='ocrx_word' id='word_1_416' title='bbox 1496 2377 1763 2409; x_wconf 83' lang='lat' dir='ltr'><strong>Commissarios</strong></span> <span class='ocrx_word' id='word_1_417' title='bbox 1783 2386 1849 2408; x_wconf 81' lang='lat' dir='ltr'><strong>nos</strong></span> <span class='ocrx_word' id='word_1_418' title='bbox 1891 2391 1899 2403; x_wconf 75' lang='grc' dir='ltr'><strong><em>ο</em></strong></span> <span class='ocrx_word' id='word_1_419' title='bbox 1920 2375 1925 2378; x_wconf 63' lang='grc'><em>”</em></span> 
     </span>
     <span class='ocr_line' id='line_1_47' title="bbox 538 2419 1924 2464; baseline -0.003 -8"><span class='ocrx_word' id='word_1_420' title='bbox 538 2426 599 2456; x_wconf 85' lang='lat' dir='ltr'><strong>fiet</strong></span> <span class='ocrx_word' id='word_1_421' title='bbox 615 2425 786 2456; x_wconf 85' lang='lat' dir='ltr'><strong>transitus</strong></span> <span class='ocrx_word' id='word_1_422' title='bbox 802 2434 864 2464; x_wconf 91' lang='lat' dir='ltr'><strong>per</strong></span> <span class='ocrx_word' id='word_1_423' title='bbox 880 2423 1031 2461; x_wconf 87' lang='lat' dir='ltr'><strong>eosdem,</strong></span> <span class='ocrx_word' id='word_1_424' title='bbox 1048 2422 1171 2453; x_wconf 90' lang='lat' dir='ltr'><strong>diebus</strong></span> <span class='ocrx_word' id='word_1_425' title='bbox 1186 2425 1222 2453; x_wconf 87' lang='lat' dir='ltr'><strong>et</strong></span> <span class='ocrx_word' id='word_1_426' title='bbox 1238 2422 1323 2453; x_wconf 88' lang='lat' dir='ltr'><strong>locis</strong></span> <span class='ocrx_word' id='word_1_427' title='bbox 1346 2432 1409 2462; x_wconf 90' lang='lat' dir='ltr'><strong>per</strong></span> <span class='ocrx_word' id='word_1_428' title='bbox 1432 2422 1519 2453; x_wconf 86' lang='lat' dir='ltr'><strong>alias</strong></span> <span class='ocrx_word' id='word_1_429' title='bbox 1543 2422 1679 2453; x_wconf 84' lang='lat' dir='ltr'><strong>Literas</strong></span> <span class='ocrx_word' id='word_1_430' title='bbox 1702 2423 1842 2455; x_wconf 82' lang='lat' dir='ltr'><strong>nostras</strong></span> <span class='ocrx_word' id='word_1_431' title='bbox 1863 2419 1924 2456; x_wconf 79' lang='lat' dir='ltr'><strong>ds</strong></span> 
     </span>
     <span class='ocr_line' id='line_1_48' title="bbox 538 2466 1885 2509; baseline -0.004 -8"><span class='ocrx_word' id='word_1_432' title='bbox 538 2469 720 2509; x_wconf 82' lang='lat' dir='ltr'><strong>signandis</strong></span> <span class='ocrx_word' id='word_1_433' title='bbox 744 2478 807 2509; x_wconf 91' lang='lat' dir='ltr'><strong>pro</strong></span> <span class='ocrx_word' id='word_1_434' title='bbox 832 2467 984 2498; x_wconf 84' lang='lat' dir='ltr'><strong>termino</strong></span> <span class='ocrx_word' id='word_1_435' title='bbox 1008 2467 1253 2507; x_wconf 87' lang='lat' dir='ltr'><strong>peremptorio,</strong></span> <span class='ocrx_word' id='word_1_436' title='bbox 1279 2468 1315 2497; x_wconf 92' lang='lat' dir='ltr'><strong>et</strong></span> <span class='ocrx_word' id='word_1_437' title='bbox 1340 2466 1404 2497; x_wconf 91' lang='lat' dir='ltr'><strong>sub</strong></span> <span class='ocrx_word' id='word_1_438' title='bbox 1428 2476 1520 2507; x_wconf 90' lang='lat' dir='ltr'><strong>pena</strong></span> <span class='ocrx_word' id='word_1_439' title='bbox 1545 2466 1644 2507; x_wconf 84' lang='lat' dir='ltr'><strong>juris,</strong></span> <span class='ocrx_word' id='word_1_440' title='bbox 1671 2475 1789 2497; x_wconf 85' lang='lat' dir='ltr'><strong>coram</strong></span> <span class='ocrx_word' id='word_1_441' title='bbox 1812 2474 1885 2497; x_wconf 77' lang='lat' dir='ltr'><strong>nou</strong></span> 
     </span>
     <span class='ocr_line' id='line_1_49' title="bbox 538 2507 1910 2550; baseline -0.001 -5"><span class='ocrx_word' id='word_1_442' title='bbox 538 2516 600 2545; x_wconf 87' lang='lat' dir='ltr'><strong>aut</strong></span> <span class='ocrx_word' id='word_1_443' title='bbox 617 2512 875 2544; x_wconf 85' lang='lat' dir='ltr'><strong>Commissariis</strong></span> <span class='ocrx_word' id='word_1_444' title='bbox 890 2511 1030 2550; x_wconf 83' lang='lat' dir='ltr'><strong>nostris,</strong></span> <span class='ocrx_word' id='word_1_445' title='bbox 1047 2511 1246 2549; x_wconf 82' lang='lat' dir='ltr'><strong>exhibeant,</strong></span> <span class='ocrx_word' id='word_1_446' title='bbox 1264 2511 1441 2550; x_wconf 87' lang='lat' dir='ltr'><strong>detegant,</strong></span> <span class='ocrx_word' id='word_1_447' title='bbox 1458 2512 1494 2541; x_wconf 87' lang='lat' dir='ltr'><strong>et</strong></span> <span class='ocrx_word' id='word_1_448' title='bbox 1517 2510 1716 2542; x_wconf 83' lang='lat' dir='ltr'><strong>ostendant.</strong></span> <span class='ocrx_word' id='word_1_449' title='bbox 1770 2509 1826 2548; x_wconf 75' lang='lat' dir='ltr'><strong>Et,</strong></span> <span class='ocrx_word' id='word_1_450' title='bbox 1849 2523 1856 2535; x_wconf 90' lang='lat'><strong>·</strong></span> <span class='ocrx_word' id='word_1_451' title='bbox 1874 2507 1910 2543; x_wconf 19' lang='lat'><strong>&#39;⁷</strong></span> 
     </span>
     <span class='ocr_line' id='line_1_50' title="bbox 538 2554 1901 2594; baseline -0.004 -5"><span class='ocrx_word' id='word_1_452' title='bbox 538 2559 582 2590; x_wconf 86' lang='lat' dir='ltr'><strong>ad</strong></span> <span class='ocrx_word' id='word_1_453' title='bbox 600 2557 845 2589; x_wconf 85' lang='lat' dir='ltr'><strong>Cathedralem</strong></span> <span class='ocrx_word' id='word_1_454' title='bbox 864 2555 1057 2586; x_wconf 82' lang='lat' dir='ltr'><strong>Ecclesiam</strong></span> <span class='ocrx_word' id='word_1_455' title='bbox 1073 2558 1228 2586; x_wconf 88' lang='lat' dir='ltr'><strong>vestram</strong></span> <span class='ocrx_word' id='word_1_456' title='bbox 1251 2554 1482 2586; x_wconf 85' lang='lat' dir='ltr'><strong>Exoniensem</strong></span> <span class='ocrx_word' id='word_1_457' title='bbox 1499 2554 1694 2594; x_wconf 85' lang='lat' dir='ltr'><strong>predictam</strong></span> <span class='ocrx_word' id='word_1_458' title='bbox 1709 2554 1854 2585; x_wconf 75' lang='lat' dir='ltr'><strong>visitan-</strong></span> <span class='ocrx_word' id='word_1_459' title='bbox 1872 2567 1875 2579; x_wconf 83' lang='lat'><strong><em>:</em></strong></span> <span class='ocrx_word' id='word_1_460' title='bbox 1898 2570 1901 2577; x_wconf 61' lang='grc' dir='ltr'>ι</span> 
     </span>
     <span class='ocr_line' id='line_1_51' title="bbox 537 2597 1926 2639; baseline -0.004 -6"><span class='ocrx_word' id='word_1_461' title='bbox 537 2603 592 2634; x_wconf 89' lang='lat' dir='ltr'><strong>die</strong></span> <span class='ocrx_word' id='word_1_462' title='bbox 610 2603 706 2632; x_wconf 88' lang='lat' dir='ltr'><strong>Lune</strong></span> <span class='ocrx_word' id='word_1_463' title='bbox 724 2601 874 2632; x_wconf 89' lang='lat' dir='ltr'><strong>secunde</strong></span> <span class='ocrx_word' id='word_1_464' title='bbox 892 2599 1094 2631; x_wconf 86' lang='lat' dir='ltr'><strong>Ebdomade</strong></span> <span class='ocrx_word' id='word_1_465' title='bbox 1105 2599 1220 2638; x_wconf 75' lang='lat' dir='ltr'><strong>XLm0,</strong></span> <span class='ocrx_word' id='word_1_466' title='bbox 1234 2599 1397 2629; x_wconf 89' lang='lat' dir='ltr'><strong>videlicet</strong></span> <span class='ocrx_word' id='word_1_467' title='bbox 1414 2599 1563 2639; x_wconf 89' lang='lat' dir='ltr'><strong>septimo</strong></span> <span class='ocrx_word' id='word_1_468' title='bbox 1579 2598 1634 2629; x_wconf 90' lang='lat' dir='ltr'><strong>die</strong></span> <span class='ocrx_word' id='word_1_469' title='bbox 1650 2597 1782 2630; x_wconf 88' lang='lat' dir='ltr'><strong>mensis</strong></span> <span class='ocrx_word' id='word_1_470' title='bbox 1799 2597 1846 2628; x_wconf 99' lang='lat' dir='ltr'><strong>M</strong></span> <span class='ocrx_word' id='word_1_471' title='bbox 1883 2612 1926 2637; x_wconf 54' lang='lat'><strong>⁸¹¹„</strong></span> 
     </span>
     <span class='ocr_line' id='line_1_52' title="bbox 536 2642 1914 2687; baseline -0.004 -10"><span class='ocrx_word' id='word_1_472' title='bbox 536 2647 695 2687; x_wconf 85' lang='lat' dir='ltr'><strong>proximo</strong></span> <span class='ocrx_word' id='word_1_473' title='bbox 718 2645 840 2683; x_wconf 84' lang='lat' dir='ltr'><strong>futuri,</strong></span> <span class='ocrx_word' id='word_1_474' title='bbox 864 2644 1080 2675; x_wconf 87' lang='lat' dir='ltr'><strong>intendimus</strong></span> <span class='ocrx_word' id='word_1_475' title='bbox 1105 2643 1290 2682; x_wconf 87' lang='lat' dir='ltr'><strong>declinare,</strong></span> <span class='ocrx_word' id='word_1_476' title='bbox 1307 2643 1400 2673; x_wconf 84' lang='lat' dir='ltr'><strong>circa</strong></span> <span class='ocrx_word' id='word_1_477' title='bbox 1423 2642 1612 2673; x_wconf 87' lang='lat' dir='ltr'><strong>Personam</strong></span> <span class='ocrx_word' id='word_1_478' title='bbox 1635 2644 1791 2674; x_wconf 82' lang='lat' dir='ltr'><strong>vestram</strong></span> <span class='ocrx_word' id='word_1_479' title='bbox 1816 2642 1853 2673; x_wconf 80' lang='lat' dir='ltr'><strong>et</strong></span> <span class='ocrx_word' id='word_1_480' title='bbox 1878 2655 1884 2667; x_wconf 89' lang='lat'><strong>·</strong></span> <span class='ocrx_word' id='word_1_481' title='bbox 1912 2643 1914 2647; x_wconf 68' lang='grc'><strong>“</strong></span> 
     </span>
     <span class='ocr_line' id='line_1_53' title="bbox 537 2686 1916 2729; baseline -0.004 -7"><span class='ocrx_word' id='word_1_482' title='bbox 537 2692 646 2723; x_wconf 86' lang='lat' dir='ltr'><strong>lectos</strong></span> <span class='ocrx_word' id='word_1_483' title='bbox 677 2690 776 2729; x_wconf 84' lang='lat' dir='ltr'><strong>filios,</strong></span> <span class='ocrx_word' id='word_1_484' title='bbox 809 2690 989 2720; x_wconf 88' lang='lat' dir='ltr'><strong>Decanum</strong></span> <span class='ocrx_word' id='word_1_485' title='bbox 1021 2690 1057 2719; x_wconf 88' lang='lat' dir='ltr'><strong>et</strong></span> <span class='ocrx_word' id='word_1_486' title='bbox 1092 2687 1293 2727; x_wconf 85' lang='lat' dir='ltr'><strong>Capitulum</strong></span> <span class='ocrx_word' id='word_1_487' title='bbox 1324 2689 1440 2718; x_wconf 88' lang='lat' dir='ltr'><strong>vestre</strong></span> <span class='ocrx_word' id='word_1_488' title='bbox 1479 2686 1633 2718; x_wconf 82' lang='lat' dir='ltr'><strong>Ecclesie</strong></span> <span class='ocrx_word' id='word_1_489' title='bbox 1662 2686 1851 2724; x_wconf 78' lang='lat' dir='ltr'><strong>antedicto,</strong></span> <span class='ocrx_word' id='word_1_490' title='bbox 1913 2703 1916 2708; x_wconf 85' lang='lat'><em>·</em></span> 
     </span>
     <span class='ocr_line' id='line_1_54' title="bbox 537 2729 1882 2774; baseline -0.004 -8"><span class='ocrx_word' id='word_1_491' title='bbox 537 2738 671 2767; x_wconf 83' lang='lat' dir='ltr'><strong>ceteras</strong></span> <span class='ocrx_word' id='word_1_492' title='bbox 688 2735 860 2765; x_wconf 87' lang='lat' dir='ltr'><strong>Personas</strong></span> <span class='ocrx_word' id='word_1_493' title='bbox 878 2733 1036 2774; x_wconf 84' lang='lat' dir='ltr'><strong>ejusdem</strong></span> <span class='ocrx_word' id='word_1_494' title='bbox 1053 2742 1119 2773; x_wconf 88' lang='lat' dir='ltr'><strong>que</strong></span> <span class='ocrx_word' id='word_1_495' title='bbox 1135 2731 1343 2763; x_wconf 86' lang='lat' dir='ltr'><strong>Visitacioni</strong></span> <span class='ocrx_word' id='word_1_496' title='bbox 1360 2733 1479 2762; x_wconf 84' lang='lat' dir='ltr'><strong>nostre</strong></span> <span class='ocrx_word' id='word_1_497' title='bbox 1495 2731 1664 2762; x_wconf 84' lang='lat' dir='ltr'><strong>interesse</strong></span> <span class='ocrx_word' id='word_1_498' title='bbox 1687 2731 1856 2762; x_wconf 85' lang='lat' dir='ltr'><strong>tenentur</strong></span> <span class='ocrx_word' id='word_1_499' title='bbox 1875 2729 1882 2735; x_wconf 77' lang='grc'><strong>“</strong></span> 
     </span>
     <span class='ocr_line' id='line_1_55' title="bbox 537 2773 1910 2818; baseline -0.004 -7"><span class='ocrx_word' id='word_1_500' title='bbox 537 2778 789 2812; x_wconf 82' lang='lat' dir='ltr'><strong>consuetudine</strong></span> <span class='ocrx_word' id='word_1_501' title='bbox 820 2777 875 2808; x_wconf 89' lang='lat' dir='ltr'><strong>vel</strong></span> <span class='ocrx_word' id='word_1_502' title='bbox 907 2778 949 2808; x_wconf 89' lang='lat' dir='ltr'><strong>de</strong></span> <span class='ocrx_word' id='word_1_503' title='bbox 980 2777 1068 2818; x_wconf 85' lang='lat' dir='ltr'><strong>jure,</strong></span> <span class='ocrx_word' id='word_1_504' title='bbox 1101 2786 1181 2807; x_wconf 88' lang='lat' dir='ltr'><strong>cum</strong></span> <span class='ocrx_word' id='word_1_505' title='bbox 1219 2775 1486 2806; x_wconf 86' lang='lat' dir='ltr'><strong>continuacione</strong></span> <span class='ocrx_word' id='word_1_506' title='bbox 1526 2775 1662 2806; x_wconf 88' lang='lat' dir='ltr'><strong>dierum</strong></span> <span class='ocrx_word' id='word_1_507' title='bbox 1697 2773 1874 2816; x_wconf 78' lang='lat' dir='ltr'><strong>sequenoi</strong></span> <span class='ocrx_word' id='word_1_508' title='bbox 1907 2774 1910 2778; x_wconf 75' lang='grc'>’</span> 
     </span>
     <span class='ocr_line' id='line_1_56' title="bbox 536 2817 1909 2860; baseline -0.004 -4"><span class='ocrx_word' id='word_1_509' title='bbox 536 2827 656 2855; x_wconf 83' lang='lat' dir='ltr'><strong>nostro</strong></span> <span class='ocrx_word' id='word_1_510' title='bbox 672 2822 900 2854; x_wconf 80' lang='lat' dir='ltr'><strong>visitacionis</strong></span> <span class='ocrx_word' id='word_1_511' title='bbox 917 2821 1077 2853; x_wconf 85' lang='lat' dir='ltr'><strong>Officium</strong></span> <span class='ocrx_word' id='word_1_512' title='bbox 1093 2820 1297 2860; x_wconf 87' lang='lat' dir='ltr'><strong>impensuri,</strong></span> <span class='ocrx_word' id='word_1_513' title='bbox 1311 2822 1432 2852; x_wconf 89' lang='lat' dir='ltr'><strong>tenore</strong></span> <span class='ocrx_word' id='word_1_514' title='bbox 1449 2819 1673 2851; x_wconf 86' lang='lat' dir='ltr'><strong>Presencium</strong></span> <span class='ocrx_word' id='word_1_515' title='bbox 1688 2828 1833 2860; x_wconf 87' lang='lat' dir='ltr'><strong>peremp</strong></span> <span class='ocrx_word' id='word_1_516' title='bbox 1858 2817 1909 2854; x_wconf 55' lang='grc' dir='ltr'><strong>ω’,</strong></span> 
     </span>
     <span class='ocr_line' id='line_1_57' title="bbox 537 2862 1911 2907; baseline -0.004 -7"><span class='ocrx_word' id='word_1_517' title='bbox 537 2879 599 2900; x_wconf 87' lang='lat' dir='ltr'><strong>vos</strong></span> <span class='ocrx_word' id='word_1_518' title='bbox 616 2869 776 2907; x_wconf 89' lang='lat' dir='ltr'><strong>citamus,</strong></span> <span class='ocrx_word' id='word_1_519' title='bbox 793 2869 830 2898; x_wconf 91' lang='lat' dir='ltr'><strong>et</strong></span> <span class='ocrx_word' id='word_1_520' title='bbox 845 2876 908 2907; x_wconf 87' lang='lat' dir='ltr'><strong>per</strong></span> <span class='ocrx_word' id='word_1_521' title='bbox 923 2875 985 2896; x_wconf 89' lang='lat' dir='ltr'><strong>vos</strong></span> <span class='ocrx_word' id='word_1_522' title='bbox 1002 2865 1181 2897; x_wconf 89' lang='lat' dir='ltr'><strong>Decanum</strong></span> <span class='ocrx_word' id='word_1_523' title='bbox 1205 2866 1242 2895; x_wconf 89' lang='lat' dir='ltr'><strong>et</strong></span> <span class='ocrx_word' id='word_1_524' title='bbox 1267 2863 1469 2904; x_wconf 89' lang='lat' dir='ltr'><strong>Capitulum</strong></span> <span class='ocrx_word' id='word_1_525' title='bbox 1492 2863 1668 2904; x_wconf 88' lang='lat' dir='ltr'><strong>predictos</strong></span> <span class='ocrx_word' id='word_1_526' title='bbox 1690 2864 1727 2895; x_wconf 90' lang='lat' dir='ltr'><strong>et</strong></span> <span class='ocrx_word' id='word_1_527' title='bbox 1749 2862 1871 2895; x_wconf 68' lang='lat' dir='ltr'><strong>Pereo</strong></span> <span class='ocrx_word' id='word_1_528' title='bbox 1899 2870 1911 2903; x_wconf 52' lang='lat' dir='ltr'>J</span> 
     </span>
     <span class='ocr_line' id='line_1_58' title="bbox 537 2907 1905 2954; baseline -0.005 -10"><span class='ocrx_word' id='word_1_529' title='bbox 537 2913 624 2944; x_wconf 83' lang='lat' dir='ltr'><strong>alias</strong></span> <span class='ocrx_word' id='word_1_530' title='bbox 651 2911 853 2954; x_wconf 84' lang='lat' dir='ltr'><strong>hujusmodi</strong></span> <span class='ocrx_word' id='word_1_531' title='bbox 880 2909 983 2942; x_wconf 87' lang='lat' dir='ltr'><strong>citari</strong></span> <span class='ocrx_word' id='word_1_532' title='bbox 1007 2909 1241 2950; x_wconf 85' lang='lat' dir='ltr'><strong>peremptorie</strong></span> <span class='ocrx_word' id='word_1_533' title='bbox 1266 2908 1447 2946; x_wconf 78' lang='lat' dir='ltr'><strong>volumus3</strong></span> <span class='ocrx_word' id='word_1_534' title='bbox 1470 2910 1507 2939; x_wconf 89' lang='lat' dir='ltr'><strong>et</strong></span> <span class='ocrx_word' id='word_1_535' title='bbox 1527 2907 1737 2939; x_wconf 83' lang='lat' dir='ltr'><strong>mandamus</strong></span> <span class='ocrx_word' id='word_1_536' title='bbox 1766 2921 1772 2935; x_wconf 79' lang='grc' dir='ltr'>ι</span> <span class='ocrx_word' id='word_1_537' title='bbox 1791 2921 1815 2933; x_wconf 81' lang='lat'><strong>·.</strong></span> <span class='ocrx_word' id='word_1_538' title='bbox 1836 2920 1858 2931; x_wconf 65' lang='grc' dir='ltr'><em>ω</em></span> <span class='ocrx_word' id='word_1_539' title='bbox 1903 2947 1905 2949; x_wconf 20' lang='lat'><strong><em>¹</em></strong></span> 
     </span>
     <span class='ocr_line' id='line_1_59' title="bbox 538 2950 1906 2998; baseline -0.001 -9"><span class='ocrx_word' id='word_1_540' title='bbox 538 2967 609 2998; x_wconf 68' lang='lat' dir='ltr'><strong>vosJ,</strong></span> <span class='ocrx_word' id='word_1_541' title='bbox 627 2957 721 2988; x_wconf 89' lang='lat' dir='ltr'><strong>dicto</strong></span> <span class='ocrx_word' id='word_1_542' title='bbox 744 2956 800 2989; x_wconf 88' lang='lat' dir='ltr'><strong>die</strong></span> <span class='ocrx_word' id='word_1_543' title='bbox 824 2955 932 2995; x_wconf 86' lang='lat' dir='ltr'><strong>Lune,</strong></span> <span class='ocrx_word' id='word_1_544' title='bbox 948 2953 1089 2997; x_wconf 76' lang='lat' dir='ltr'><strong>prefati,</strong></span> <span class='ocrx_word' id='word_1_545' title='bbox 1105 2962 1198 2994; x_wconf 89' lang='lat' dir='ltr'><strong>vero,</strong></span> <span class='ocrx_word' id='word_1_546' title='bbox 1224 2953 1386 2985; x_wconf 83' lang='lat' dir='ltr'><strong>Decanus</strong></span> <span class='ocrx_word' id='word_1_547' title='bbox 1409 2953 1447 2985; x_wconf 86' lang='lat' dir='ltr'><strong>et</strong></span> <span class='ocrx_word' id='word_1_548' title='bbox 1470 2951 1673 2995; x_wconf 83' lang='lat' dir='ltr'><strong>Capitulum</strong></span> <span class='ocrx_word' id='word_1_549' title='bbox 1699 2953 1736 2986; x_wconf 81' lang='lat' dir='ltr'><strong>et</strong></span> <span class='ocrx_word' id='word_1_550' title='bbox 1758 2950 1820 2985; x_wconf 68' lang='lat' dir='ltr'><strong>alii</strong></span> <span class='ocrx_word' id='word_1_551' title='bbox 1881 2964 1883 2966; x_wconf 89' lang='lat'>·</span> <span class='ocrx_word' id='word_1_552' title='bbox 1900 2971 1906 2991; x_wconf 68' lang='grc' dir='ltr'><strong>,τ</strong></span> 
     </span>
    </p>
   </div>
   <div class='ocr_carea' id='block_1_4' title="bbox 1835 863 1988 2929">
    <p class='ocr_par' dir='ltr' id='par_1_4' title="bbox 1835 863 1988 2929">
     <span class='ocr_line' id='line_1_60' title="bbox 1964 863 1988 974; baseline 0 0"><span class='ocrx_word' id='word_1_553' title='bbox 1964 863 1988 974; x_wconf 95' lang='lat' dir='ltr'><strong>  </strong></span> 
     </span>
     <span class='ocr_line' id='line_1_61' title="bbox 1966 981 1988 1198; baseline 0 0"><span class='ocrx_word' id='word_1_554' title='bbox 1966 981 1988 1198; x_wconf 95' lang='lat' dir='ltr'><strong>    </strong></span> 
     </span>
     <span class='ocr_line' id='line_1_62' title="bbox 1966 1198 1988 1376; baseline 0 -45"><span class='ocrx_word' id='word_1_555' title='bbox 1966 1198 1988 1376; x_wconf 95' lang='lat' dir='ltr'><strong>    </strong></span> 
     </span>
     <span class='ocr_line' id='line_1_63' title="bbox 1954 1376 1988 1556; baseline 0 0"><span class='ocrx_word' id='word_1_556' title='bbox 1954 1376 1988 1556; x_wconf 95' lang='lat' dir='ltr'><strong>    </strong></span> 
     </span>
     <span class='ocr_line' id='line_1_64' title="bbox 1940 1556 1988 1774; baseline 0 0"><span class='ocrx_word' id='word_1_557' title='bbox 1940 1556 1988 1774; x_wconf 95' lang='lat' dir='ltr'><strong>    </strong></span> 
     </span>
     <span class='ocr_line' id='line_1_65' title="bbox 1940 1774 1988 1953; baseline 0 0"><span class='ocrx_word' id='word_1_558' title='bbox 1940 1774 1988 1953; x_wconf 95' lang='lat' dir='ltr'><strong>    </strong></span> 
     </span>
     <span class='ocr_line' id='line_1_66' title="bbox 1928 1953 1988 2132; baseline 0 0"><span class='ocrx_word' id='word_1_559' title='bbox 1928 1953 1988 2132; x_wconf 95' lang='lat' dir='ltr'><strong>   </strong></span> 
     </span>
     <span class='ocr_line' id='line_1_67' title="bbox 1928 2132 1988 2307; baseline 0.033 -43"><span class='ocrx_word' id='word_1_560' title='bbox 1928 2132 1988 2307; x_wconf 95' lang='lat' dir='ltr'><strong>     </strong></span> 
     </span>
     <span class='ocr_line' id='line_1_68' title="bbox 1859 2307 1988 2486; baseline 0 -89"><span class='ocrx_word' id='word_1_561' title='bbox 1859 2307 1988 2486; x_wconf 95' lang='lat' dir='ltr'><strong>    </strong></span> 
     </span>
     <span class='ocr_line' id='line_1_69' title="bbox 1835 2486 1988 2660; baseline 0 -40"><span class='ocrx_word' id='word_1_562' title='bbox 1835 2486 1988 2660; x_wconf 95' lang='lat' dir='ltr'><strong>       </strong></span> 
     </span>
     <span class='ocr_line' id='line_1_70' title="bbox 1866 2660 1988 2796; baseline 0.016 -89"><span class='ocrx_word' id='word_1_563' title='bbox 1866 2660 1988 2796; x_wconf 95' lang='lat' dir='ltr'><strong>    </strong></span> 
     </span>
     <span class='ocr_line' id='line_1_71' title="bbox 1857 2796 1986 2929; baseline 0 -49"><span class='ocrx_word' id='word_1_564' title='bbox 1857 2796 1986 2929; x_wconf 95' lang='lat' dir='ltr'><strong>   </strong></span> 
     </span>
    </p>
   </div>
  </div>
 </body>
</html>
