1988 3256
354 355 448 400 468
565 367 665 402 THE
700 368 943 402 REGISTER
978 368 1040 401 oF
1071 367 1250 402 BISHOP
1280 368 1696 405 BRANTYNGHAM.

354 470 430 498 Α-Ὁ·
461 473 619 514 Thomas,
651 477 729 514 etc.,
753 475 919 506 universis
942 477 978 506 et
999 474 1140 515 singulis
1163 477 1277 506 nostre
1300 475 1511 508 cathedralis
1534 475 1681 507 Ecclesie
1704 473 1893 515 Canonicis,

354 505 430 565 {7⁸3²
436 538 459 565 Ῑ
507 517 731 549 residentibus
755 522 790 550 et
806 529 871 549 non
896 519 1131 558 residentibus,
1149 519 1362 559 presentibus
1384 523 1420 551 et
1442 519 1578 559 futuris,
1595 522 1630 551 et
1652 519 1724 551 aliis
1747 528 1894 560 quorum

505 561 648 593 interest
663 573 721 593 seu
746 573 830 603 quos
853 562 1105 603 infiascriptum
1130 563 1241 603 tangit
1264 563 1451 604 negocium,
1467 573 1525 594 seu
1549 566 1687 604 tangere
1709 561 1836 604 poterit
1857 561 1893 594 in

506 605 674 644 futurum,
701 606 846 637 salutem
877 609 913 637 et
943 606 991 637 rei
1021 609 1114 646 geste
1144 606 1339 638 memoriam
1373 607 1588 647 perhenniter
1617 605 1894 638 retinere—Etsi

507 652 705 680 cunctarum
731 649 953 681 Ecclesia-rum
977 653 1091 681 nostre
1116 650 1272 690 Diocesis,
1298 653 1413 682 nostro
1443 650 1598 691 regimini
1627 650 1892 688 commissarum,

507 692 715 724 utilitatibus
731 704 772 724 ex
794 697 969 734 assumpto
994 693 1171 725 Pustoralis
1194 694 1418 726 solicitudinis
1440 694 1547 726 officio
1572 694 1757 735 prospicere
1778 696 1891 725 tenea·

506 746 584 767 mur
598 747 606 775 ς
630 737 866 777 principaliter,
883 739 1007 774 tamen,
1025 740 1059 768 et
1075 737 1229 778 precipue
1246 748 1304 778 pro
1320 738 1560 769 reformacione
1574 741 1686 770 status
1701 741 1736 768 et
1758 736 1894 769 honoris

505 779 595 811 dicte
626 780 771 812 Ecclesie
803 781 930 821 Sponse
962 781 1206 812 Canonicorum
1237 784 1272 813 et
1298 781 1438 813 aliorum
1468 782 1701 813 Ministrorum
1729 780 1894 822 ejusdem,

505 823 633 864 jugiter
649 827 684 855 et
700 824 857 856 continue
874 824 997 855 ibidem
1016 825 1087 855 Deo
1103 824 1354 864 famulaucium,
1373 826 1531 864 utilitate,
1550 836 1636 865 pace,
1653 828 1690 857 et
1705 823 1894 866 tranquilli-

506 870 578 898 tate
594 868 775 908 communi,
791 878 852 899 nos
875 871 1019 909 oportet,
1043 878 1121 899 cum
1143 879 1227 908 opus
1251 869 1364 908 fuerit,
1381 879 1458 900 cum
1475 869 1651 910 vigilancia
1672 868 1789 900 sedula
1810 867 1894 899 totis

507 911 634 942 viribus
650 912 816 943 insudare.
865 912 951 943 Sane
967 912 1058 943 dicta
1076 912 1220 943 Ecclesia
1237 916 1361 951 nostra,
1377 912 1508 944 dudum
1533 912 1742 954 temporibus
1765 910 1893 942 Beatis-

507 954 583 986 simi
600 955 805 987 Confessoris
822 955 988 994 Edwardi,
1006 956 1105 996 Regis
1121 955 1240 996 Anglie
1256 956 1408 996 illustris,
1425 957 1587 988 translata
1604 955 1791 997 Episcopali
1807 954 1895 986 Sede

506 999 548 1029 de
563 999 734 1030 Criditone
746 999 789 1030 ad
802 999 982 1031 Civitatem
997 1000 1229 1038 Exoniensem,
1243 999 1453 1031 Cathedralis
1466 1000 1574 1041 primo
1589 1000 1715 1039 effecta,
1730 1009 1768 1031 ac
1779 998 1896 1030 subse-

508 1046 652 1082 quenter
673 1043 778 1083 ipsius
803 1043 902 1083 Regis
920 1043 1037 1083 Anglie
1060 1042 1276 1082 devotissimi,
1294 1054 1589 1084 successorumque
1612 1053 1750 1075 suorum
1775 1041 1896 1083 Anglie

508 1085 649 1126 Regum,
667 1090 701 1117 et
716 1087 857 1118 aliorum
875 1086 1073 1117 devotorum
1092 1087 1145 1127 pia
1161 1087 1370 1126 liberalitate,
1387 1088 1430 1118 de
1445 1087 1613 1126 Maneriis,
1631 1086 1796 1125 Ecclesiis,
1819 1094 1894 1126 pre-

507 1129 580 1168 diis,
598 1134 632 1160 et
647 1130 910 1170 possessionibus
926 1130 1167 1170 temporalibus
1190 1134 1225 1161 et
1247 1130 1488 1171 spiritualibus,
1508 1142 1566 1171 pro
1591 1130 1836 1162 Oanonicorum
1859 1130 1895 1160 et

506 1172 648 1205 aliorum
667 1174 899 1205 Ministrorum
916 1174 1098 1205 necessaria
1113 1177 1148 1205 et
1163 1173 1305 1206 honesta
1320 1175 1569 1206 sustentacione
1584 1174 1722 1212 collatis,
1739 1173 1894 1212 fundata,

508 1216 634 1256 dotata,
651 1224 686 1248 et
702 1217 819 1257 ditata,
837 1228 895 1258 pre
911 1217 1030 1248 ceteris
1046 1217 1153 1258 Regni
1171 1218 1325 1249 Ecclesiis
1341 1218 1392 1249 sui
1409 1221 1529 1258 status,
1546 1228 1605 1258 per
1619 1227 1740 1258 magna
1755 1227 1796 1248 ex
1813 1219 1896 1248 tunc

508 1261 705 1292 continuata
721 1264 882 1302 tempora,
899 1261 1085 1292 secundum
1104 1261 1339 1292 Fundatorum
1362 1261 1515 1302 ejusdem
1539 1261 1765 1292 intencionem
1788 1262 1824 1292 et
1846 1259 1895 1291 in-

508 1304 725 1336 stitucionem
761 1304 962 1345 primariam,
987 1304 1022 1335 in
1053 1304 1236 1345 tranquilla
1269 1315 1347 1345 pace
1378 1309 1413 1337 et
1443 1305 1592 1336 fraterna
1618 1305 1758 1336 caritate
1781 1303 1896 1335 floruit

507 1348 687 1388 eleganter,
706 1348 795 1379 sicut
809 1358 850 1379 ex
868 1348 978 1379 Cartis
1003 1348 1123 1388 Regiis,
1149 1348 1349 1389 Apostolicis
1372 1348 1503 1388 Litoris,
1520 1351 1556 1380 et
1578 1349 1651 1380 aliis
1675 1346 1897 1379 Munimentis

508 1394 543 1422 et
560 1392 779 1423 Documentis
794 1391 954 1432 legitimis
971 1391 1065 1423 nobis
1081 1395 1222 1431 constat,
1240 1395 1275 1423 et
1290 1392 1362 1423 aliis
1378 1395 1530 1423 constare
1546 1392 1672 1433 poterit
1693 1391 1892 1423 luculenter.

511 1435 681 1474 Ceterum,
698 1435 829 1466 effluxis
852 1435 1069 1477 postmodum
1092 1445 1257 1467 annorum
1283 1435 1429 1477 plurium
1454 1435 1640 1475 curriculis,
1658 1438 1759 1476 prout
1780 1433 1898 1475 displi-

509 1482 622 1510 center
649 1479 851 1518 audivimus,
876 1479 1033 1510 Maneriis
1057 1482 1092 1510 et
1115 1479 1279 1518 Ecclesiis,
1304 1489 1342 1510 ac
1365 1480 1628 1520 possessionibus
1650 1479 1724 1511 aliis
1747 1477 1897 1519 antiquis

509 1522 599 1553 dicte
629 1522 771 1554 Ecclesie
799 1525 920 1560 nostre,
949 1533 1026 1554 cum
1057 1522 1259 1563 quibusdam
1286 1523 1388 1555 eciam
1418 1523 1574 1555 Ecclesiis
1602 1522 1758 1564 Capitulo
1781 1525 1898 1553 nostro

511 1566 649 1597 diversis
665 1567 802 1607 insuper
818 1566 1026 1607 temporibus
1043 1566 1208 1599 Canonice
1231 1567 1461 1608 appropriatis,
1479 1567 1543 1598 sub
1565 1567 1701 1598 nomine
1725 1565 1898 1597 firmarum

511 1612 546 1641 et
576 1610 798 1649 firmularum,
827 1610 1002 1642 Canonicis
1027 1610 1252 1651 singul-{ribus
1282 1620 1342 1651 pro
1372 1610 1534 1661 singulari
1564 1621 1679 1642 eorum
1711 1609 1897 1648 commodo,

511 1653 688 1685 ambiciosa
704 1654 917 1695 quorundam
933 1653 1122 1686 subtilitate
1137 1664 1175 1685 ac
1190 1654 1332 1685 aliorum
1347 1654 1480 1695 propria
1502 1657 1538 1686 et
1553 1657 1750 1695 presumpta
1764 1651 1900 1684 temeri-

511 1700 592 1736 tate,
617 1698 748 1729 omissis
773 1697 1015 1729 licitacionibus
1038 1697 1229 1738 antiquitus
1259 1698 1438 1736 consuetis,
1462 1698 1505 1729 ad
1536 1698 1666 1729 firmam
1697 1696 1832 1728 traditis
1861 1698 1899 1727 et

512 1741 674 1772 concessis
690 1752 749 1782 pro
765 1741 865 1772 certis
888 1741 1104 1782 pensionibus
1127 1741 1257 1780 annuis,
1273 1741 1330 1773 vix
1353 1742 1570 1773 medietatem
1589 1740 1678 1783 justi
1692 1730 1900 1790 hujusmodi

513 1785 614 1825 precii
641 1785 894 1823 excedentibus,
924 1785 1001 1816 licet
1027 1785 1182 1825 qualiter,
1212 1788 1248 1816 et
1274 1795 1293 1815 a
1324 1785 1448 1826 quibus
1473 1785 1526 1817 vel
1555 1795 1576 1816 a
1605 1795 1673 1826 qua
1699 1783 1901 1816 auctoritate

513 1828 708 1860 constitutis
724 1831 760 1860 et
775 1828 940 1869 impositis
957 1831 1071 1869 patere
1095 1838 1162 1859 non
1186 1828 1305 1867 valeat,
1322 1829 1448 1860 nedum
1471 1839 1512 1860 ex
1535 1828 1696 1860 indebitis
1719 1831 1755 1859 et
1776 1826 1903 1868 iniquis

514 1871 711 1913 hujusmodi
727 1872 969 1903 tradicionibus
985 1875 1020 1902 et
1037 1872 1234 1912 pensionum
1252 1882 1311 1913 pro
1328 1871 1432 1903 firmis
1449 1872 1639 1903 debitarum
1662 1870 1900 1903 retardacioni-

516 1916 576 1946 bus
593 1919 628 1946 et
644 1915 1000 1956 procrastinacionibus
1015 1915 1261 1956 frequentibus,
1275 1920 1310 1946 et
1322 1916 1631 1957 interdum—quod
1643 1913 1901 1947 intollerabilius
1977 1908 1988 1958 ζ

515 1969 585 1990 esse
601 1959 902 1991 dinoscitur—tam
919 1959 1000 1999 ipsis
1016 1959 1255 2000 superstitibus
1271 1969 1372 2000 quam
1390 1962 1467 1999 post
1489 1969 1603 1990 eorum
1627 1959 1800 1990 decessum
1823 1957 1902 1990 sub-

516 2003 682 2034 traccione
712 2002 854 2034 subdola
883 2003 1076 2042 earundem,
1104 2012 1233 2034 necnon
1264 2013 1305 2034 ex
1335 2013 1374 2033 eo
1396 2003 1486 2044 quod
1509 2002 1725 2044 quamplures
1747 2001 1902 2044 ejusdem

518 2046 663 2077 Ecclesie
679 2050 792 2077 nostre
816 2046 985 2085 Canonici,
1008 2046 1175 2086 completa
1198 2046 1295 2077 unica
1317 2047 1454 2077 annuali
1476 2046 1669 2085 residencia,
1693 2046 1806 2077 firmas
1830 2044 1902 2086 piu·

517 2090 648 2130 guiores
663 2090 839 2121 casualiter
855 2089 1056 2130 optinentes,
1076 2092 1112 2121 et
1126 2089 1218 2121 illinc
1233 2090 1359 2131 absque
1375 2090 1488 2121 reditu
1511 2089 1712 2128 recedentes,
1730 2089 1903 2121 firmarum

518 2144 656 2164 suarum
680 2133 876 2174 hujusmodi
899 2133 1140 2164 excrescencias
1163 2143 1228 2174 que
1251 2132 1286 2164 in
1309 2133 1440 2174 prefata
1463 2133 1575 2165 forent
1605 2132 1752 2165 Ecclesia
1780 2142 1903 2174 expen-

519 2177 638 2214 dende,
651 2177 686 2208 in
702 2177 782 2208 locis
791 2177 864 2208 aliis
880 2177 922 2208 ab
937 2177 1064 2215 eadem,
1076 2176 1181 2208 eciam
1193 2180 1289 2208 extra
1304 2180 1453 2208 nostram
1467 2177 1642 2216 Diocesim,
1653 2175 1860 2208 distantibus
1869 2177 1906 2208 et

520 2221 669 2260 remotis,
693 2222 898 2252 consumunt
920 2220 1080 2257 indebite,
1107 2220 1165 2251 ubi
1188 2224 1239 2251 est
1261 2220 1308 2251 eis
1331 2220 1492 2261 placitum
1516 2225 1762 2259 conversantes,
1787 2222 1905 2251 contra

519 2264 771 2296 institucionem
789 2264 879 2295 dicte
896 2264 1039 2295 Ecclesie
1056 2266 1090 2295 et
1106 2263 1258 2304 ejusdem
1271 2264 1502 2295 Fundatorum
1520 2264 1745 2296 intencionem
1763 2274 1771 2301 ;
1786 2262 1906 2295 ceteris

520 2308 590 2339 suis
607 2308 840 2339 Confratribus
852 2308 886 2338 in
903 2307 993 2339 dicta
1007 2307 1151 2339 Ecclesia
1167 2307 1263 2348 quasi
1278 2307 1474 2339 continuam
1486 2308 1664 2348 agentibus
1675 2306 1904 2346 residendum,

521 2362 560 2383 ac
572 2352 704 2392 pondus
718 2351 784 2382 diei
796 2354 831 2383 et
843 2353 935 2382 estus
951 2351 1186 2389 subeuntibus,
1200 2351 1311 2382 firmas
1323 2351 1459 2392 exiguas
1474 2355 1509 2383 et
1521 2362 1639 2392 parum
1652 2350 1907 2382 commoditem

522 2395 692 2434 assecutis,
724 2395 825 2426 nichil
857 2395 991 2435 penitus
1022 2394 1211 2426 tribuentes
1228 2404 1236 2433 ;
1267 2394 1356 2426 dicte
1387 2395 1532 2426 Ecclesie
1561 2398 1675 2426 nostre
1712 2394 1905 2434 honoribus,

523 2439 666 2479 juribus,
684 2441 719 2469 et
733 2438 957 2477 libertatibus,
970 2441 1004 2469 et
1017 2438 1135 2470 Cultui
1151 2437 1274 2469 Divino
1290 2438 1324 2469 in
1337 2439 1453 2470 eadem
1467 2438 1699 2480 multipliciter
1713 2438 1905 2479 derogatur.

525 2483 678 2521 Proinde,
703 2483 794 2523 quod
816 2492 884 2513 non
908 2481 1034 2522 absque
1056 2481 1150 2522 gravi
1172 2481 1280 2513 cordis
1310 2482 1536 2513 amaritudine
1565 2481 1751 2522 referimus,
1779 2490 1907 2522 uosque

525 2526 588 2566 ipsi
604 2526 716 2566 sepius
733 2536 791 2566 per
806 2525 1047 2566 experienciam
1064 2525 1252 2564 didicimus,
1269 2535 1308 2557 ex
1325 2525 1444 2557 litibus
1460 2528 1494 2557 et
1510 2525 1772 2557 dissensionibus
1793 2523 1908 2557 multi-

525 2569 650 2610 phariis
680 2569 848 2600 occasione
879 2568 1076 2609 hujusmodi
1107 2568 1278 2600 firmarum
1309 2571 1345 2599 et
1375 2568 1582 2600 firmularum
1606 2569 1696 2600 inter
1726 2568 1909 2601 Canonioos

525 2612 796 2653 frequentissime
819 2612 989 2643 suscitatis
1011 2615 1046 2643 et
1068 2612 1175 2643 indies
1197 2611 1489 2650 invalescentibus,
1512 2612 1604 2644 dicta
1627 2612 1774 2644 Ecclesia
1794 2614 1911 2643 nostra

526 2656 710 2697 plurimum
727 2656 980 2694 scandalizatur,
997 2666 1035 2686 ac
1052 2655 1269 2687 confratrum
1287 2659 1406 2687 mutua
1422 2659 1456 2687 et
1471 2656 1612 2687 invicem
1635 2655 1749 2697 jurata
1764 2655 1910 2687 fidelium

527 2709 594 2730 non
618 2702 782 2733 servatur.
831 2699 930 2731 Unde
951 2709 1052 2739 super
1075 2698 1244 2739 premissis
1268 2702 1303 2730 et
1324 2699 1397 2730 aliis
1425 2699 1642 2731 abusionibus
1665 2702 1701 2731 et
1722 2697 1911 2730 excessibus
1954 2703 1961 2739 J

528 2742 749 2774 reformandis
771 2745 807 2773 et
823 2742 936 2773 debite
952 2742 1163 2783 corrigendis,
1180 2742 1305 2774 vocatis
1327 2742 1483 2774 omnibus
1506 2745 1541 2774 et
1562 2742 1703 2784 singulis
1725 2741 1913 2781 Cauonicis,
1947 2780 1950 2782 q

528 2786 626 2827 juxta
642 2786 817 2826 antiquam
834 2785 1035 2817 laudabilem
1053 2785 1341 2817 Consuetudinem
1357 2786 1447 2817 dicte
1465 2785 1608 2818 Ecclesie
1624 2789 1737 2817 nostre
1751 2786 1917 2818 haetenus-

530 2829 700 2867 usitatam,
728 2839 805 2860 cum
836 2829 977 2860 aliorum
1009 2839 1074 2860 non
1108 2828 1269 2860 intererat
1298 2828 1332 2860 in
1365 2828 1427 2861 hac
1457 2832 1562 2869 parte,
1586 2829 1627 2861 ad
1651 2827 1927 2870 comparendum,

530 2883 639 2903 coram
655 2872 775 2903 nobis
766 2882 801 2903 1n
818 2872 926 2904 Domo
944 2871 1129 2913 Capitulari
1151 2871 1304 2913 ejusdem
1325 2873 1595 2913 competentibus
1617 2873 1659 2904 ad
1682 2872 1746 2904 hoc
1761 2869 1934 2904 terminfi”

529 2915 714 2956 assignatis,
732 2918 767 2946 et
782 2925 841 2956 per
863 2915 1107 2947 contumaciam
1131 2915 1339 2955 absentibus,
1358 2918 1398 2947 ut
1421 2919 1473 2948 est
1495 2916 1606 2956 moris,
1629 2916 1742 2947 debite
1765 2912 1925 2962 preconis.

529 2959 621 2998 zatis,
638 2962 673 2990 et
688 2959 721 2990 in
739 2958 901 2991 terminos
918 2959 1092 2990 ulteriores
1108 2958 1150 2990 de
1164 2959 1273 3001 gracia
1289 2959 1473 3001 expectatis
1489 2969 1555 2991 non
1571 2959 1852 3002 comparentibus,
1863 2946 1932 2991 κδ
