1988 3256
318 352 413 407 476
517 368 618 402 THE
654 364 902 402 REGISTER
937 364 997 402 oF
1032 363 1211 404 BISHOP
1245 364 1655 407 BRANTYNGHAM.

315 470 392 531 1A3'821
471 473 771 550 znffieoexhibendo
788 474 874 506 illud
891 484 1002 506 coram
1019 473 1176 514 Domino,
1194 474 1246 506 vel
1262 474 1337 516 ejus
1355 475 1592 508 Commissario
1607 476 1650 509 ad
1674 476 1737 510 hoc
1758 476 1864 519 depu-

316 538 380 565 Vol.
396 539 418 565 Ι.
579 541 587 549 ’

315 572 364 599 s0¹·
428 573 646 624 Ludgvan3
698 573 940 623 Sequestrum
986 573 1255 622 inteopositum
1301 575 1345 612 in
1383 575 1490 613 bonis
1526 575 1692 614 Domini
1727 575 1864 615 Jacobs·

315 606 377 633 98b'
483 629 708 677 Treverbyn,
731 628 905 666 Rectoris
928 629 974 666 de
994 629 1185 674 Ludvone,
1208 629 1447 678 defuncti,—

426 683 582 721 Thomas,
599 686 673 721 etc„
691 683 825 713 Decano
843 683 885 714 de
902 683 1098 723 Penwythe,
1115 686 1150 714 et
1167 682 1298 714 Vicario
1314 683 1482 724 Perpetuo
1500 684 1645 716 Ecclesie
1661 684 1864 717 Pnrochialis

470 726 585 758 Sancti
604 726 746 764 Hillarii,
759 726 794 757 in
812 726 993 765 cornubia,
1006 726 1162 765 salutem,
1179 730 1241 757 etc.
1249 727 1380 759 —Cum
1395 728 1541 759 virorum
1553 728 1862 761 Ecclesiasticorum

469 770 688 809 secularium,
706 773 741 801 et
758 771 934 810 presertim
953 770 1133 802 Rectorum
1150 780 1188 801 ac
1203 770 1412 802 Vicariorum
1440 772 1683 812 perpetuorum
1701 772 1861 804 Ecclesia.-

468 824 557 852 rum,
574 814 664 844 dicte
687 817 802 844 nostre
827 814 984 851 Diocesis,
1001 814 1043 844 ab
1066 814 1229 846 intestato
1252 814 1502 854 decedencium,
1521 815 1684 847 bonorum
1708 816 1862 848 omnium

470 858 645 889 mobilium
663 857 925 888 Administracio
942 858 982 888 ad
1000 868 1071 897 nos,
1088 858 1130 889 de
1146 858 1286 899 antiqua
1302 861 1338 890 et
1362 858 1521 890 laudabili
1544 860 1799 900 consuetudine,
1816 860 1863 891 sit

470 901 600 933 notorie
616 901 785 940 devoluta,
802 912 848 940 ac,
866 902 894 932 si
910 901 1049 942 quidam
1073 902 1300 933 Testamentis
1316 902 1461 934 conditis
1484 903 1715 944 migraverunt
1737 904 1780 935 ab
1802 903 1864 935 hac

469 946 552 985 luce,
571 946 867 976 Testamentorum
892 956 1029 976 suorum
1054 945 1252 986 hujusmodi
1275 946 1474 986 Insinuacio,
1494 946 1720 987 Examinacio‚
1736 950 1773 979 et
1795 949 1863 989 Ap-

469 989 635 1030 probacio‚
660 999 789 1020 necnon
813 989 1074 1030 disposicionum
1106 990 1310 1021 Ultimarum
1334 1000 1472 1021 suarum
1498 990 1724 1023 voluntatum
1747 991 1863 1031 tuicio,

469 1037 540 1064 tam
565 1034 607 1064 de
629 1032 706 1074 jure
729 1043 830 1073 quam
862 1034 966 1063 eciam
997 1033 1243 1064 consuetudine
1271 1034 1367 1065 nobis
1398 1037 1587 1075 competere
1618 1034 1863 1074 dinoscantur;

469 1088 614 1118 cumque
631 1077 754 1107 nostris
776 1076 822 1107 sit
844 1076 983 1108 auribus
1007 1079 1139 1108 noviter
1162 1077 1361 1108 nunciatum
1387 1077 1572 1109 Dominum
1597 1078 1762 1111 Jacobum
1785 1079 1863 1110 Tre·

470 1121 609 1160 verbyn,
643 1121 819 1151 Rectorem
851 1120 932 1151 dum
966 1120 1052 1151 vixit
1076 1120 1222 1152 Ecclesie
1254 1121 1455 1153 Parochialis
1485 1122 1527 1152 de
1558 1122 1730 1162 Ludvone,
1761 1121 1864 1154 sortis

470 1165 617 1195 humane
633 1164 787 1195 debitum
805 1163 1001 1204 persolvisse
1016 1175 1024 1203 ;
1048 1175 1089 1196 ne
1107 1164 1269 1195 bonorum
1287 1175 1426 1196 suorum
1443 1165 1629 1204 mobilium,
1646 1169 1682 1197 et
1705 1167 1863 1207 precipue

470 1208 790 1244 Ecclesiasticorum,
806 1208 977 1239 ·ammoci0
1000 1218 1059 1239 seu
1082 1208 1268 1249 dissipacio,
1286 1209 1328 1239 de
1351 1209 1474 1249 quibus
1497 1209 1723 1241 verisimiliter
1744 1209 1861 1242 formi-

470 1253 600 1290 damus,
618 1251 879 1292 subsequantur,
896 1251 1033 1283 mobilia
1056 1252 1142 1283 bona
1158 1252 1314 1283 universa
1336 1257 1372 1283 et
1394 1253 1526 1293 singula
1548 1263 1615 1294 que
1638 1253 1760 1295 prefati
1781 1254 1863 1286 Rec-

471 1296 555 1328 toris
571 1296 655 1326 dum
672 1295 767 1334 vixit,
785 1298 822 1326 et
838 1295 958 1327 mortis
981 1305 1041 1327 sue
1065 1299 1226 1336 tempore,
1244 1296 1387 1337 propria,
1403 1307 1462 1327 seu
1486 1297 1672 1337 comodatn,
1688 1300 1750 1329 aut
1771 1297 1863 1339 apud

470 1340 581 1381 ipsum
610 1339 762 1380 deposita
789 1339 976 1378 extiterint,
1001 1349 1079 1370 cum
1106 1339 1232 1370 nemini
1256 1339 1312 1380 jus
1338 1339 1403 1371 sibi
1425 1340 1535 1371 dicere
1557 1340 1666 1379 liceat,
1689 1345 1724 1373 et
1747 1344 1788 1374 ut
1811 1341 1865 1373 via

470 1383 648 1415 fraudibus
677 1383 905 1423 precludatur,
937 1386 1054 1415 tenore
1093 1383 1309 1414 Presencium
1340 1387 1602 1425 sequestramus,
1633 1395 1671 1416 ac
1708 1395 1768 1426 per
1804 1395 1864 1416 vos

470 1427 675 1469 sequestrari
693 1427 849 1458 volumus
865 1430 900 1458 et
917 1427 1116 1458 mandamus
1134 1437 1142 1465 ς
1165 1427 1364 1468 hujusmodi
1381 1428 1488 1459 nostri
1504 1431 1540 1459 et
1562 1428 1666 1460 vestri
1688 1428 1863 1470 Sequestri

471 1472 659 1503 custodiam
689 1470 783 1501 vobis
808 1470 842 1501 in
876 1470 1022 1501 Domino
1045 1470 1309 1503 committentes.
1355 1471 1562 1511 Inhibemus‚
1586 1473 1732 1513 insuper,
1748 1476 1784 1504 et
1806 1483 1866 1513 per

471 1527 530 1547 vos
547 1515 702 1546 volumus
726 1514 880 1551 inhiberi,
903 1514 968 1545 sub
992 1524 1076 1555 pena
1099 1514 1134 1545 in
1158 1515 1359 1546 Sanctorum
1384 1515 1524 1546 Patrum
1549 1516 1863 1548 constit-,unionibus

470 1562 675 1600 express-ata,
700 1568 742 1589 ne
765 1558 841 1599 quis
865 1558 1086 1599 Sequestrum
1117 1561 1271 1589 nostrum
1303 1558 1502 1600 hujusmodi
1532 1563 1707 1600 presumat
1736 1562 1863 1592 temero

471 1604 603 1635 violare.
650 1601 763 1641 Vobis,
781 1602 896 1642 igitur,
920 1601 1130 1643 conjunctim
1155 1605 1190 1633 et
1213 1602 1357 1642 divisim,
1382 1603 1640 1643 committimus,
1656 1606 1735 1643 etc.‚
1751 1603 1862 1645 quati-

470 1658 535 1679 nus
551 1646 680 1677 dictum
698 1650 853 1677 nostrum
870 1646 1091 1686 sequestrum
1108 1646 1164 1684 sic,
1182 1649 1221 1677 ut
1244 1646 1465 1687 premittitur,
1482 1647 1586 1678 fuisse
1608 1651 1643 1679 et
1665 1658 1736 1679 esse
1758 1649 1862 1679 inter-

471 1691 630 1732 positum,
647 1689 726 1721 locis
743 1693 778 1720 et
793 1690 1003 1730 temporibus
1019 1689 1061 1720 ad
1077 1689 1111 1720 id
1128 1690 1285 1730 congruis
1301 1690 1490 1731 publicetis,
1506 1694 1541 1722 et
1556 1690 1686 1722 faciatis
1701 1701 1760 1732 per
1781 1691 1864 1723 alios

470 1746 562 1766 more
578 1733 679 1765 simili
694 1733 867 1774 publicari,
914 1733 960 1764 Et
975 1733 1056 1774 quid
1074 1733 1220 1764 feceritis
1236 1733 1270 1765 in
1288 1733 1457 1774 premissis
1481 1735 1671 1766 certificetis
1694 1745 1755 1766 nos
1778 1735 1863 1766 citra

472 1779 611 1810 Festum
630 1777 911 1808 Annunciacionis
928 1777 1031 1808 Beate
1049 1777 1151 1808 Marie
1175 1777 1327 1818 proximo
1350 1788 1441 1809 nunc
1463 1777 1632 1818 futurum,
1649 1789 1710 1819 per
1732 1778 1863 1811 Literna

471 1825 599 1854 vestras
626 1821 787 1861 (without
803 1820 906 1858 date).

317 1883 544 1922 ‘01-90-T0rre
564 1882 729 1932 Abbey3
760 1882 954 1928 Quomodo
974 1882 1100 1919 Abbas
1117 1882 1163 1919 de
1184 1882 1303 1919 Torre
1312 1882 1412 1931 fecit
1434 1881 1768 1930 obedienciam,—

427 1939 526 1977 Item,
543 1936 636 1978 xxvij
661 1937 715 1966 die
738 1936 758 1966 J
764 1935 834 1976 ulii,
860 1936 893 1966 in
924 1936 1058 1976 Capella
1081 1935 1221 1967 Manerii
1250 1936 1385 1967 Domini
1410 1936 1453 1967 de
1476 1936 1726 1978 Chuddeleghe,
1743 1937 1862 1970 Frater

473 1981 660 2013 Willelmus
677 1980 708 2011 N
711 1983 841 2018 ortone,
861 1979 973 2010 Abbas
991 1979 1185 2010 Monasterii
1200 1979 1243 2010 de
1255 1979 1367 2018 Torre,
1382 1979 1516 2011 Ordinis
1532 1981 1861 2021 Premonstratensis,

471 2025 552 2056 fecit
568 2024 833 2065 Subjeccionem,
853 2023 1097 2062 Reverenciain,
1115 2026 1149 2054 et
1173 2023 1422 2062 obedienciam,
1447 2024 1511 2055 sub
1534 2024 1595 2055 hac
1615 2024 1724 2056 forma
1747 2025 1862 2057 verbo-

470 2068 683 2108 rum,-Eg0,
702 2068 820 2098 Frater
838 2066 1024 2098 Willelmus
1040 2067 1203 2106 Nortone,
1229 2067 1342 2098 Abbas
1366 2067 1561 2099 Monasterii
1583 2067 1625 2098 de
1647 2067 1759 2108 Torre,
1783 2071 1862 2108 etc„

470 2113 607 2151 electus,
632 2110 896 2152 Subjecciouem,
920 2111 1165 2150 Reverenciam,
1191 2114 1225 2141 et
1249 2111 1484 2142 Obedienciam
1506 2122 1526 2142 a
1547 2111 1681 2143 Sanctis
1705 2112 1863 2145 Patribus

471 2156 703 2193 constitutam,
719 2155 904 2185 secundum
919 2154 1081 2195 Regulam
1094 2154 1209 2186 Sancti
1225 2154 1417 2195 Augustini,
1435 2155 1508 2195 tibi,
1526 2155 1670 2187 Domine
1686 2156 1859 2197 Episcope,

470 2200 607 2241 tuisque
624 2198 877 2230 Successor-ibus
903 2198 1068 2229 canonice
1093 2197 1350 2238 substituendis,
1375 2201 1410 2229 et
1425 2198 1547 2230 Sancte
1564 2199 1755 2240 Apostolice
1770 2199 1860 2240 Sedi,

470 2244 562 2276 salvo
579 2243 705 2275 Ordine
722 2253 804 2281 meo,
822 2245 984 2283 perpetuo
1000 2252 1054 2273 me
1066 2241 1299 2273 exhibiturum
1316 2242 1489 2283 promitto.

427 2299 739 2349 Kingsteignton
754 2310 764 2344 ;
792 2297 946 2334 Licence
966 2303 1002 2335 to
1021 2297 1266 2343 celebrate,—

428 2356 526 2393 Item,
543 2353 668 2384 eisdem
685 2352 739 2383 die
755 2354 790 2382 et
807 2351 886 2388 loco,
906 2351 1072 2382 Dominus
1088 2351 1251 2382 concessit
1268 2351 1454 2383 Licenciam
1479 2351 1627 2383 Johanni
1652 2352 1809 2384 Burdone
1825 2355 1861 2384 et

469 2397 624 2429 «Iohanne
641 2394 713 2436 ejus
731 2395 837 2434 uxori,
854 2395 943 2436 quod
962 2394 1090 2435 possint
1105 2394 1213 2426 facere
1230 2395 1350 2426 Divina
1366 2395 1534 2434 celebrari,
1551 2398 1626 2435 ete„
1642 2395 1677 2427 in
1693 2395 1864 2437 presencia

471 2441 621 2482 ipsorum
648 2449 707 2470 seu
734 2449 851 2470 eorum
875 2439 1025 2478 alterius,
1053 2439 1088 2470 in
1113 2438 1249 2479 Capella
1271 2439 1340 2470 sive
1363 2439 1516 2471 Oratorio
1538 2439 1627 2471 infra
1653 2439 1860 2471 Mansionsm

470 2485 653 2516 eorundem
667 2483 708 2514 de
720 2483 973 2521 Burdonewere,
987 2482 1073 2514 infra
1087 2482 1281 2514 Parochiam
1298 2483 1340 2513 de
1352 2483 1548 2524 Teyngtone
1560 2482 1659 2524 Regis
1674 2483 1834 2515 situatam
1851 2492 1862 2523 ς

470 2539 528 2569 per
545 2537 651 2559 unum
668 2536 793 2557 annum
811 2526 1020 2558 duraturam.

426 2583 729 2633 Archdeaconry
748 2582 789 2619 of
809 2581 1043 2632 Barnstaple
1060 2594 1070 2628 ;
1093 2580 1243 2619 Gitacio
1263 2595 1375 2630 super
1393 2581 1596 2630 defectibus
1611 2581 1654 2620 in
1671 2581 1862 2622 Cancellis

481 2644 515 2676 et
534 2637 628 2675 aliis
650 2635 896 2675 Ornamentis
916 2635 1176 2674 Ecclesiarum
1195 2635 1308 2686 infra
1321 2635 1691 2675 Archidiaconatum
1708 2637 1863 2676 Barna·

481 2691 811 2740 stapoliensem,—-

428 2747 583 2784 Thomas,
600 2749 673 2783 etc„
690 2743 933 2776 Archidiacono
949 2746 1063 2774 nostro
1079 2743 1341 2784 Barnastapolie,
1365 2744 1416 2775 vel
1433 2743 1508 2786 ejus
1524 2743 1664 2778 Officiali
1686 2755 1744 2776 seu
1761 2744 1860 2778 Com-

471 2789 622 2821 missario
649 2788 802 2820 locumve
825 2787 966 2824 tenenti,
991 2787 1145 2826 salutem,
1169 2787 1366 2819 etc‚-Cum
1389 2798 1456 2819 non
1479 2788 1549 2819 sint
1571 2788 1701 2820 ferendi
1722 2788 1863 2820 comoda

471 2834 712 2874 amplectentes
728 2832 756 2862 si
772 2842 899 2862 annexa
915 2841 1015 2862 onera
1031 2831 1200 2862 voluerint
1222 2841 1385 2870 recusare,
1411 2841 1449 2863 ac
1471 2832 1505 2863 in
1522 2831 1724 2863 visitat-ione
1746 2835 1862 2864 nostra

471 2877 505 2908 in
531 2876 809 2908 Archidiaconatu
834 2874 984 2915 predicto
1002 2874 1122 2905 ultimo
1139 2874 1304 2906 Canonice
1320 2875 1474 2915 exercita,
1490 2875 1525 2907 in
1542 2875 1705 2908 Cancellis
1720 2875 1862 2908 Ecclesi-

473 2930 568 2952 arum
585 2919 872 2960 appropriatarum
890 2921 925 2949 et
942 2928 1007 2949 non
1025 2917 1326 2959 appropriatarum,
1342 2928 1380 2950 ac
1396 2918 1500 2950 eciam
1516 2918 1550 2950 in
1567 2929 1634 2950 non
1651 2918 1858 2960 appropriat·

470 2974 566 2996 arum
577 2963 743 3003 domibus,
754 2972 882 2994 necnon
895 2961 929 2993 in
944 2961 1052 2993 Libris
1064 2961 1332 3002 Matutiualibus,
1345 2961 1498 2994 defectus
1508 2962 1672 2995 notabiles
1683 2962 1859 2995 imminere

1980 1538 1988 1640 —stssnffi
1984 1510 1988 1519 -
1985 1474 1988 1495 „.
1984 1454 1988 1466 ..
1983 1438 1988 1444 .
1986 1422 1988 1427 .
1987 1381 1988 1384 „
