1988 3256
303 359 398 409 296
505 376 607 409 THE
643 373 884 411 REGISTER
921 374 982 410 01⁴⁴·
1016 374 1197 411 BlsHoP
1231 374 1635 412 BRANTYNGHAM.

300 475 378 537 &g-
454 479 551 525 Here,
568 479 676 512 nativi
691 480 829 511 Domini
845 480 987 512 Comitis
1003 480 1162 520 Devonie,
1179 481 1406 513 manumissus
1421 491 1481 523 per
1494 480 1640 512 eundem
1654 477 1840 511 Dominum

298 530 406 573 v01.'1.
453 523 630 563 Comitem,
647 526 749 564 prout
764 523 798 555 in
815 523 927 555 Litera
942 523 1049 565 ipsius
1064 524 1195 556 Ricardi
1211 525 1343 566 plenius
1359 524 1562 564 continetur,
1579 534 1638 565 per
1654 521 1840 554 Dominum

455 566 525 599 fuit
538 570 745 599 tonsuratus.

411 624 468 661 St.
500 620 697 660 Orantock
714 634 725 668 ;
754 620 891 658 Litera
920 620 1140 660 collectoris
1158 622 1203 660 de
1221 621 1491 671 supersedendo
1518 634 1592 671 quo
1610 620 1665 658 ad
1682 618 1842 657 Prehen-

463 677 557 714 dam
577 676 714 713 Sancte
735 674 914 714 Columbo
934 675 1175 723 Minoris,—

413 729 617 768 Reverendo,
633 732 708 768 etc„
725 729 863 768 Thome,
879 732 954 769 etc,
969 730 1136 762 Arnaldus
1152 730 1313 770 Gai-nerii,
1331 730 1539 762 Licenciatus
1554 730 1589 761 in
1607 727 1762 769 Legibus,
1780 726 1840 758 Ca-

455 773 595 806 nonicus
620 772 839 812 Cathalensis,
865 773 1054 814 Apostolice
1077 774 1172 806 Sedis
1188 778 1223 806 et
1247 775 1394 814 Camere,
1415 774 1451 806 111
1474 773 1604 815 Anglia,
1629 771 1783 804 Nuncius
1805 772 1842 801 et
1882 774 1884 777 '

457 818 633 855 collector,
663 826 698 847 se
724 816 846 857 ipsum,
874 827 951 848 cum
982 818 1171 849 reverencia
1193 818 1308 849 debita
1329 820 1365 850 et
1387 816 1620 850 honore—Ab
1643 814 1842 847 execucione

454 864 565 892 vestra
587 860 678 892 facta
692 860 744 891 vel
768 860 919 892 facienda
941 864 1058 892 contra
1080 861 1289 893 Prebendam
1312 862 1434 894 Sancte
1457 860 1621 893 Columbo
1645 857 1783 890 Minoris
1805 857 1842 888 111

455 904 600 937 Ecclesia
613 903 795 944 Collegiata
806 904 918 936 Sancti
933 904 1121 943 Karentoei,
1132 905 1183 936 vel
1196 915 1415 946 possessorem
1426 905 1591 946 ejusdem,
1603 913 1663 945 pro
1673 901 1843 933 solucione

455 949 640 990 primorum
670 947 846 979 fructuum
869 947 1022 989 ejusdem
1046 948 1227 988 Prebende,
1251 948 1381 980 racione
1403 946 1650 989 subrogacionis
1672 945 1760 977 facte
1784 955 1843 986 per

458 992 580 1025 Sedem
596 991 823 1031 Apostolicam
839 991 880 1022 de
892 991 1008 1023 eadem
1021 991 1042 1023 J
1044 991 1168 1023 ohanni
1178 992 1383 1034 Trusseleye,
1394 992 1428 1023 in
1441 991 1532 1023 omni
1544 991 1620 1033 jure
1635 987 1842 1031 competenti

457 1035 566 1068 David
596 1035 770 1075 Maynard,
799 1034 878 1066 huic
900 1035 943 1066 ad
972 1035 1114 1067 Octabas
1138 1036 1352 1068 Pentecostes
1382 1035 1552 1077 proximas
1581 1031 1838 1075 supersedeatis,

456 1080 677 1121 Sequestrum
693 1078 727 1109 in
744 1078 925 1110 fructubus
938 1078 1028 1110 dicte
1041 1079 1212 1110 Prebende
1227 1079 1429 1111 auctoritate
1445 1078 1597 1110 Mandati
1612 1076 1720 1109 nostri
1735 1076 1840 1107 inter·

455 1123 605 1165 positum
621 1122 756 1153 interim
773 1121 1183 1163 suspendentes—Dated
1202 1123 1350 1162 London,
1368 1124 1388 1154 2
1404 1122 1492 1164 May.

301 1178 365 1210 1³0¹·
409 1178 492 1216 The
511 1177 784 1228 procurations
802 1178 844 1214 of
863 1176 931 1215 the
951 1176 1180 1225 Cardinals3
1203 1176 1533 1226 Certzflcatorium
1551 1174 1707 1214 secundi
1729 1173 1841 1213 Man-

302 1213 358 1244 33']
465 1232 553 1270 dati
573 1230 794 1270 Collectoris
812 1231 857 1269 de
868 1232 1036 1279 pecunia
1054 1231 1306 1282 mimmius,—

412 1286 606 1318 Reverende
628 1284 839 1316 discrecionis
862 1285 943 1325 viro,
967 1285 1113 1317 Domino
1131 1286 1278 1317 Arnaldo
1302 1285 1465 1325 Garnerii,
1481 1284 1683 1323 Licenciato,
1699 1285 1762 1315 etc.
1790 1281 1842 1323 (ut

454 1329 570 1371 supra)
586 1329 742 1368 Thomas,
759 1332 832 1367 ete„
849 1328 1004 1369 salutem,
1021 1332 1082 1360 etc.
1131 1329 1260 1361 Literas
1272 1332 1399 1360 vestras
1415 1339 1524 1370 nuper
1534 1328 1721 1368 recepimus
1732 1326 1767 1358 in
1779 1325 1842 1358 hec

455 1372 910 1413 verba,-Reverendissim0‚
933 1375 1009 1412 etc„
1025 1372 1164 1413 Thome,
1181 1375 1243 1405 etc.
1291 1372 1460 1404 Arnaldus
1482 1371 1644 1411 Garnerii,
1661 1374 1738 1410 etc.,
1755 1370 1840 1411 seip-

454 1427 540 1457 sum,
556 1426 634 1448 cum
655 1416 842 1447 reverencia
866 1416 990 1456 debita,
1014 1419 1050 1448 et
1071 1416 1340 1449 honora—Cum
1355 1426 1471 1448 01111108
1493 1419 1528 1447 et
1550 1414 1674 1456 singuli
1696 1422 1842 1456 quorum

456 1461 593 1492 nomina
621 1459 761 1491 inferius
791 1459 1038 1500 exprimuntur,
1069 1470 1187 1501 nuper,
1217 1460 1420 1492 auctoritate
1451 1458 1603 1491 Mandat-,i
1631 1458 1739 1490 nostri
1760 1456 1842 1489 alias

456 1508 566 1536 vestre
590 1503 791 1535 Paternitati
814 1503 945 1542 directi,
971 1503 1092 1535 moniti
1115 1503 1340 1545 peremptorie
1363 1507 1398 1535 et
1428 1502 1534 1542 citati,
1562 1512 1663 1543 super
1685 1500 1784 1533 certis
1806 1503 1842 1532 et

454 1548 556 1590 justis
572 1547 680 1578 causis
696 1547 851 1579 Officium
864 1550 1017 1578 nostrum
1034 1547 1262 1588 tangentibus,
1276 1547 1318 1579 ad
1334 1547 1596 1588 comparendum
1608 1555 1719 1577 coram
1736 1543 1842 1584 nobis,

455 1592 555 1623 certis
571 1591 642 1622 loco
658 1593 692 1622 et
708 1591 761 1622 die
775 1590 847 1631 jam
863 1601 882 1622 a
897 1590 957 1622 diu
980 1594 1033 1622 est
1054 1590 1186 1631 effluxo,
1203 1594 1340 1632 propter
1362 1601 1440 1622 suas
1462 1589 1691 1622 contumacias
1713 1588 1750 1620 in
1772 1597 1839 1620 11011

302 1635 362 1666 [sol.
455 1634 676 1676 comparendo
692 1645 734 1665 ex
750 1634 866 1666 Officio
888 1637 1003 1665 nostro
1025 1638 1222 1673 contractas,
1240 1634 1453 1666 Sentenciam
1478 1631 1844 1665 Excommunicacionis

304 1670 382 1701 33b.]
458 1678 592 1720 Majoris
603 1678 638 1709 in
652 1678 820 1709 Mandatis
832 1681 868 1709 et
881 1678 1104 1709 Processubus
1116 1678 1239 1710 nostris
1251 1689 1310 1718 per
1322 1688 1381 1709 nos
1391 1678 1456 1710 rite
1468 1677 1571 1708 latam
1584 1675 1845 1718 dampnabiliter

456 1722 668 1761 incurrerint,
684 1721 834 1760 ipsorum
850 1721 1033 1763 cujuslibet
1048 1722 1258 1754 coutumacia
1273 1722 1427 1763 exigente
1444 1732 1452 1760 ;
1475 1720 1578 1760 vobis,
1595 1723 1670 1758 ete,
1687 1719 1841 1751 Auctori-

455 1769 528 1798 tate
550 1765 742 1807 Apostolica
764 1775 832 1806 qna
854 1765 1030 1804 fungimur
1051 1765 1087 1797 in
1110 1765 1172 1797 hac
1195 1768 1300 1807 parte,
1316 1765 1562 1797 committimus
1577 1767 1612 1796 01
1636 1763 1840 1795 mandamus

457 1809 618 1851 quatinus
641 1809 739 1849 ipsos,
763 1818 879 1840 omnes
901 1812 936 1840 et
966 1809 1113 1850 singulos
1136 1809 1375 1850 infrascriptos,
1399 1808 1455 1848 sic,
1480 1811 1521 1840 ut
1543 1807 1763 1848 premittitur,
1787 1816 1842 1838 ex·

457 1852 720 1885 communicatos
743 1863 763 1883 a
785 1852 881 1883 nobis
896 1852 1001 1883 fuisse
1024 1856 1058 1883 et
1073 1863 1153 1891 esse,
1170 1853 1258 1884 sicut
1280 1855 1371 1890 suut,
1388 1850 1609 1891 denuncietis,
1625 1854 1661 1882 et
1674 1850 1709 1882 in
1733 1853 1845 1882 vestra

459 1896 652 1929 Cathedrali
668 1895 805 1935 Exonie,
817 1895 896 1935 suis,
908 1899 943 1927 et
958 1896 1030 1927 aliis
1048 1896 1202 1927 Ecclesiis
1218 1896 1408 1935 convicinis,
1423 1894 1555 1927 tamdiu
1570 1894 1700 1926 faciatis
1716 1893 1845 1926 Diebus

458 1939 643 1973 Dominicis
666 1942 701 1970 et
717 1939 870 1978 Festivis,
887 1939 975 1971 infra
997 1939 1178 1971 Missarum
1200 1939 1384 1981 solempnia
1408 1939 1517 1980 palam
1541 1941 1576 1970 et
1599 1937 1733 1979 publice
1755 1948 1842 1969 nun-

459 1984 547 2024 ciari,
564 1984 669 2015 donec
685 1982 917 2014 Absolucionis
933 1983 1132 2014 beneficium
1148 1983 1300 2024 optinere
1324 1982 1517 2021 meruerint,
1533 1984 1569 2013 et
1591 1981 1683 2013 aliud
1706 1992 1725 2012 a
1748 1981 1845 2013 nobis

459 2038 559 2069 super
581 2027 644 2058 hoc
666 2026 851 2058 habueritis
874 2026 908 2058 iu
932 2026 1109 2058 mandatis.
1157 2027 1212 2067 Et,
1229 2026 1478 2065 nichilominus,
1496 2035 1613 2057 omnes
1636 2027 1672 2056 et
1693 2024 1844 2066 singulos

460 2071 702 2103 Beneficiorum
725 2080 870 2111 quorum
894 2070 1031 2101 nomina
1052 2070 1194 2102 inferius
1216 2070 1435 2102 continentur
1456 2069 1599 2108 fructus,
1622 2068 1785 2108 redditus,
1809 2071 1846 2101 et

461 2117 655 2156 proventus,
672 2117 843 2155 presentes
858 2117 894 2145 et
909 2117 1142 2154 proventuros,
1159 2124 1244 2155 quos
1260 2124 1320 2145 nos
1343 2113 1377 2145 in
1401 2112 1466 2145 11118
1489 2111 1630 2153 Scriptis
1651 2115 1841 2153 sequestra·

461 2169 546 2198 mus,
563 2168 631 2197 vos,
648 2157 763 2195 eciam,
780 2157 1006 2199 sequestretis,
1023 2167 1060 2188 ac
1075 2157 1209 2189 realiter
1223 2156 1425 2198 sequestrari
1441 2159 1475 2187 et
1498 2156 1541 2188 ad
1563 2165 1684 2187 manus
1707 2155 1844 2187 Domini

460 2201 567 2233 nostri
583 2202 672 2242 Pape
688 2200 775 2242 poni,
793 2210 830 2232 ac
845 2202 910 2232 sub
932 2203 1005 2232 arta
1028 2201 1201 2242 Sequestri
1223 2201 1377 2232 custodia
1399 2199 1507 2231 teneri
1529 2198 1684 2238 faciatis3
1707 2209 1841 2241 seques-

460 2248 600 2285 trantes,
616 2245 644 2276 si
660 2244 812 2276 nondum
828 2244 957 2276 fuerint
972 2244 1186 2285 sequestrati,
1204 2255 1381 2286 quousque
1395 2244 1437 2275 de
1452 2242 1593 2274 summis
1616 2246 1652 2274 et
1674 2242 1844 2284 quantitaa

461 2289 553 2321 tibus
569 2289 610 2320 de
627 2288 752 2319 eisdem
770 2287 942 2319 Beneficiis
958 2287 1148 2328 Apostolice
1165 2288 1302 2320 Camere
1318 2287 1444 2320 debitis
1459 2286 1563 2318 fuerit
1579 2285 1688 2317 eidem
1706 2286 1845 2318 Camere

461 2333 589 2373 integre
612 2331 823 2363 satisfactum
839 2341 847 2370 ;
872 2332 1009 2371 moneri,
1026 2331 1141 2370 eciam,
1158 2331 1276 2373 primo,
1292 2331 1451 2370 secundo,
1468 2333 1504 2362 et
1526 2327 1607 2371 iij⁶¹⁰
1628 2339 1668 2361 ac
1690 2339 1841 2371 peremp-

461 2377 544 2408 torie
567 2375 729 2407 facientes
750 2385 867 2406 omnes
889 2378 924 2406 et
946 2375 1094 2416 singulos
1121 2375 1270 2416 ipsorum
1297 2374 1539 2406 Beneficiorum
1568 2383 1769 2414 possessores
1791 2373 1845 2406 vel

460 2420 663 2458 detentores,
686 2428 746 2450 seu
769 2418 1005 2450 Procuratores
1028 2419 1222 2458 eorundem,
1246 2429 1375 2450 necnon
1400 2417 1591 2458 Religiosos,
1615 2426 1761 2458 quorum
1784 2427 1842 2449 no·
1905 2421 1909 2426 ’

462 2463 554 2495 mina
569 2463 674 2495 eciam
689 2465 724 2493 et
739 2472 871 2493 summe
887 2472 946 2503 per
961 2462 1049 2503 ipsos
1072 2461 1185 2493 debite
1207 2462 1348 2494 inferius
1371 2461 1618 2499 describuntur,
1634 2459 1669 2491 111
1693 2460 1844 2502 personis

462 2507 611 2548 ipsorum
628 2505 770 2547 propriis
786 2505 814 2536 si
829 2505 1047 2546 reperiantur,
1064 2505 1145 2537 alias
1159 2505 1193 2536 iu
1210 2505 1360 2547 ipsorum
1377 2504 1549 2536 Beneficiis
1564 2513 1624 2535 8011
1639 2503 1817 2536 domiciliis
1832 2514 1842 2544 ;
1897 2509 1906 2517 ⁵

461 2561 546 2592 quos
568 2560 637 2589 nos,
655 2549 769 2588 eciam,
786 2548 903 2590 primo,
919 2549 1075 2587 secundo,
1091 2552 1165 2588 etc„
1181 2549 1384 2590 requirimus
1406 2551 1441 2579 et
1457 2557 1632 2579 monemus
1647 2547 1740 2588 quod
1755 2556 1844 2579 com-

462 2596 611 2635 pareant,
627 2596 663 2624 et
678 2595 869 2633 compareat
883 2603 1000 2624 eorum
1017 2591 1170 2634 quilibet,
1187 2602 1297 2624 coram
1314 2592 1418 2631 nobis,
1434 2591 1470 2622 in
1494 2591 1602 2622 Domo
1625 2590 1844 2623 habitacionis

463 2640 584 2676 nostre,
603 2635 794 2675 Londoniis‚
811 2639 933 2677 quarto
955 2636 1009 2667 die
1031 2635 1184 2667 Juridico
1208 2639 1283 2676 post
1306 2635 1518 2675 Quindenam
1541 2633 1666 2665 Pascha
1688 2633 1841 2675 proximo

461 2681 624 2719 futuram,
648 2679 731 2711 dicti
753 2678 908 2710 videlicet
931 2689 1141 2720 possessores,
1158 2679 1360 2719 detentores,
1376 2682 1412 2711 et
1434 2680 1674 2719 procuratores,
1689 2678 1732 2709 de
1752 2687 1843 2710 811111-

463 2724 527 2756 mis
553 2734 611 2755 seu
639 2722 889 2765 quantitatibus
917 2722 1084 2763 predictis,
1112 2722 1247 2754 nomine
1278 2722 1369 2754 dicte
1401 2722 1564 2759 camere;
1594 2720 1726 2761 prefati,
1755 2731 1842 2761 vero,

463 2767 619 2808 Religiosi
633 2770 669 2799 et
684 2765 786 2798 ceteri
808 2766 851 2797 de
874 2765 1165 2807 procuracionibus
1187 2776 1247 2806 per
1267 2766 1357 2807 ipsos
1379 2765 1475 2797 nobis
1497 2763 1629 2803 debitis,
1646 2767 1748 2805 prout
1771 2774 1842 2806 pre·
1892 2801 1895 2803 ,

462 2811 562 2842 missa
584 2810 673 2851 ipsos
699 2812 905 2842 concernunt
927 2809 1151 2841 communiter
1172 2809 1225 2840 vel
1248 2809 1392 2849 divisim,
1408 2807 1504 2841 nobis
1527 2807 1673 2849 plenarie
1694 2807 1844 2840 satisfac-

462 2854 544 2893 turi,
563 2854 615 2885 vel
631 2863 746 2885 causas
768 2852 993 2890 racionabiles,
1013 2853 1040 2884 si
1063 2862 1147 2893 quas
1163 2851 1318 2892 habeant,
1335 2850 1539 2894 proposituri
1561 2850 1595 2882 in
1618 2850 1725 2883 forma
1745 2851 1843 2893 juris,

462 2907 565 2939 quare
580 2897 622 2928 ad
645 2896 908 2929 satisfaccionem
925 2895 1123 2937 hujusmodi
1145 2895 1259 2927 debite
1281 2896 1468 2928 faciendam
1491 2893 1630 2926 minime
1651 2897 1842 2935 teneantur,

461 2941 525 2973 sub
548 2951 632 2981 pena
657 2939 1022 2972 Excommunicaciouis
1045 2938 1192 2981 Majoris,
1209 2949 1310 2981 quam
1334 2940 1370 2972 in
1392 2940 1543 2981 ipsorum
1564 2937 1749 2978 singulares
1771 2947 1843 2980 per·

462 2994 568 3024 sonae,
595 2984 694 3026 culpa
717 2994 775 3016 seu
804 2992 897 3015 mora
922 2983 1106 3015 eorundem
1127 2983 1385 3024 precedentibus
1408 2982 1443 3015 in
1466 2983 1529 3015 hac
1556 2984 1662 3022 parts,
1684 2981 1844 3024 dictaque
