1988 3256
290 367 386 412 320
503 377 603 410 THE
639 377 884 411 REGISTER
919 377 978 410 or
1014 367 1193 411 BISHOP
1227 376 1636 411 BRANTYNGHAM.

286 479 363 540 335793:
402 480 634 534 Consistory
653 480 857 519 Court——a
872 493 959 519 case
974 481 1015 518 of
1033 485 1270 532 contumacy
1286 494 1295 528 ;
1314 481 1507 519 Dominus
1524 481 1656 519 scribit
1669 493 1741 530 pro
1755 493 1840 530 cap-

287 546 392 574 V01.1.
454 535 557 573 cione
586 536 632 574 W
631 536 778 583 yllelmi
804 536 956 584 ‘l'rewry
975 541 1009 572 et
1023 535 1106 573 Ade
1127 536 1346 584 Perzfosffu-

396 590 495 629 Item,
513 587 587 621 xixo
603 590 657 621 die
673 589 798 621 mensis
814 589 1025 628 Novembris,
1044 589 1210 621 Dominus
1233 589 1367 631 scripsit
1384 590 1485 631 Regie
1500 589 1673 632 Majestati
1690 600 1750 631 pro
1762 599 1839 630 cap-

439 633 534 664 cione
543 643 722 674 corporum
734 633 894 664 Willelmi
900 633 1037 674 Trewry
1049 635 1085 665 et
1098 632 1171 664 Ade
1182 633 1314 672 Penios,
1322 634 1364 665 de
1377 634 1558 673 Cornubia,
1572 636 1711 675 propter
1722 642 1840 665 eorum

438 677 668 708 contumacias
690 676 900 718 judicialiter
922 679 1113 708 contractus
1126 687 1246 708 vcoram
1267 677 1407 709 officiali
1423 678 1564 717 Exonie,
1582 688 1643 718 per
1658 677 1693 709 xl
1709 677 1781 709 dies
1804 679 1841 709 et

438 720 584 761 amplius
597 721 630 752 in
645 720 765 761 Majori
780 720 1141 752 Excommunicacione
1156 720 1389 760 existencium,
1403 724 1507 762 prout
1522 732 1583 762 per
1599 719 1837 753 Certificatori-

439 774 499 795 um
516 764 724 796 Presidentis
737 764 937 796 Consistorii
952 764 1152 796 Exoniensis
1167 764 1324 796 constitit
1336 765 1515 797 manifeste
1531 775 1538 803 ;
1554 765 1721 803 videlicet,
1734 764 1776 795 ad
1789 763 1837 795 in-

437 808 601 840 stanciam
619 808 755 839 Domini
767 808 929 839 Willelmi
942 808 1074 849 Mngge,
1093 808 1306 840 Cathedralis
1323 808 1468 840 Ecclesie
1481 808 1679 840 Exoniensis
1691 807 1838 840 Thesau-

438 851 528 888 rarii‚
547 851 581 883 in
598 862 699 883 causa
714 851 923 883 decimarum
941 862 949 891 ;
973 852 1037 883 sub
1053 852 1163 883 forma
1179 851 1295 884 debita
1310 854 1346 884 et
1362 855 1534 884 consueta.

286 910 333 939 s0¹-
401 912 478 950 For
499 912 566 950 the
588 912 771 963 Hospital
793 912 835 950 of
854 911 911 950 St.
935 911 1106 950 Thomas
1126 912 1195 950 the
1214 912 1254 950 M
1260 917 1383 963 artyr,
1406 912 1714 958 Southwark‚--

285 946 347 973 43b.
399 966 555 1005 Thomas,
570 969 645 1005 eto.⁷
657 966 824 998 universis
837 969 871 997 et
883 966 1024 1007 singulis
1037 966 1289 998 Archidiaconis
1304 967 1337 998 in
1357 966 1503 998 Ecclesia
1515 969 1630 998 nostra
1645 966 1835 1004 Exoniensi,

286 1012 383 1039 Litera
436 1013 472 1042 et
488 1020 604 1041 eorum
618 1009 824 1042 Officialibus
839 1021 847 1047 ;
865 1020 1004 1049 necnon,
1019 1010 1162 1041 Decanis
1174 1010 1365 1049 RuraHbus,
1379 1009 1606 1042 Ecclesiarum
1622 1010 1834 1049 Rectoribus,

284 1053 398 1086 questo·
436 1054 616 1094 Perpetuis
627 1053 779 1092 vicariis,
795 1057 831 1085 et
845 1053 1045 1085 Presbiteris
1059 1053 1315 1093 Parochialibus,
1329 1057 1400 1086 tam
1412 1057 1528 1086 nostre
1540 1054 1720 1085 Peculiaris
1732 1063 1836 1095 quam

284 1090 367 1142 ιζ’ἒηζι
440 1098 545 1129 eciam
563 1097 847 1129 Archidiaconalis
863 1098 884 1129 J
888 1097 1126 1137 urisdicciouis,
1139 1099 1334 1129 nostrarum
1351 1098 1509 1130 Civitatis
1525 1100 1560 1129 et
1576 1097 1734 1137 Diocesis,
1747 1097 1834 1129 salu-

284 1148 357 1175 [οι-πί
378 1169 384 1173 .
440 1144 521 1179 tem,
545 1142 805 1173 eto—Gratum
829 1141 1038 1181 impenditur
1060 1140 1258 1182 obsequium
1286 1141 1459 1173 Altissimo
1482 1144 1518 1173 et
1540 1144 1727 1182 acceptum,
1751 1142 1835 1172 dum

437 1184 594 1226 operibus
622 1185 794 1217 insistitur
821 1184 970 1226 pietatis,
994 1195 1060 1225 que
1087 1184 1172 1216 iram
1196 1184 1333 1226 mitigat
1360 1188 1396 1217 et
1423 1184 1685 1216 misericordiam
1708 1184 1836 1217 excitat

438 1228 632 1260 Salvatoris.
683 1229 757 1260 Hac
779 1238 902 1269 nempe
926 1228 1149 1260 medit-acione
1172 1228 1369 1269 propensius
1392 1228 1542 1268 excitati,
1558 1228 1653 1260 vobis
1669 1228 1834 1260 universis

435 1275 471 1304 et
486 1272 627 1313 singulis
643 1271 853 1313 injungimus
869 1275 905 1304 et
920 1273 1121 1303 mandamus
1143 1272 1314 1313 quatinus,
1331 1282 1409 1303 cum
1433 1273 1672 1304 Procuratores
1687 1282 1747 1304 seu
1762 1273 1834 1304 veri

436 1316 561 1347 Nuucii
577 1316 731 1357 Magistri
747 1319 783 1347 et
802 1316 963 1347 Fratrum
980 1315 1166 1356 Hospitalis
1182 1316 1299 1348 Sancti
1314 1315 1453 1354 Thome,
1474 1316 1634 1355 Martiris,
1650 1316 1693 1348 de
1708 1315 1832 1348 South-

436 1360 557 1399 werke,
574 1359 617 1391 ad
629 1370 688 1391 vos
700 1369 759 1391 scu
774 1359 937 1391 Ecclesias
950 1362 1012 1391 aut
1026 1360 1112 1391 Loca
1124 1363 1236 1390 vestra
1247 1360 1457 1399 accesserint,
1470 1359 1619 1391 fidelium
1637 1359 1833 1391 elemosinas

435 1403 478 1434 ad
494 1403 779 1435 sustentacionem
803 1413 992 1444 pauperum
1008 1405 1043 1434 et
1059 1403 1271 1434 infirmorum
1296 1403 1330 1434 in
1344 1403 1436 1436 dicto
1449 1403 1618 1444 Hospitali
1634 1403 1832 1444 degencium

435 1447 489 1488 pie
505 1447 657 1488 petituri,
671 1447 760 1488 ipsos
775 1447 818 1478 ad
835 1446 897 1478 hoc
912 1446 1144 1478 favorabiliter
1165 1446 1359 1479 admittatis
1372 1455 1379 1482 ς
1407 1447 1583 1488 Privilegia
1598 1450 1634 1479 et
1649 1447 1833 1488 Indulgen-

436 1491 503 1522 cias
526 1491 635 1522 eidem
658 1490 828 1532 Hospitali
850 1490 917 1522 rite
939 1500 1093 1522 concessa
1113 1490 1210 1523 Clero
1225 1494 1262 1522 et
1278 1490 1407 1532 Populo
1423 1491 1516 1522 vobis
1532 1491 1710 1523 commisso
1733 1501 1832 1532 expo-

434 1534 534 1574 natis,
551 1537 587 1566 et
602 1534 737 1566 eosdem
753 1544 919 1575 exponere
931 1534 1149 1575 permittatis,
1162 1534 1243 1566 locis
1258 1537 1294 1566 et
1307 1534 1516 1576 temporibus
1528 1534 1697 1567 consuetis
1714 1545 1722 1574 ;
1737 1534 1831 1575 dum,

436 1581 561 1617 tamen,
577 1578 722 1610 formam
739 1578 985 1610 Predecessoris
1001 1578 1109 1610 nostri
1131 1578 1307 1610 inmediati
1331 1581 1484 1619 tempore
1506 1578 1680 1617 usitatam,
1696 1581 1732 1609 et
1753 1588 1830 1610 con-

435 1625 532 1654 tenta
547 1622 583 1654 in
606 1622 730 1654 Literis
752 1621 955 1663 Apostolicis
978 1621 1025 1653 eis
1047 1621 1209 1653 concessis
1232 1621 1265 1653 in
1289 1622 1402 1663 aliquo
1425 1632 1494 1653 non
1517 1622 1691 1654 excedant.
1738 1622 1831 1653 Man-

436 1666 567 1704 dantes,
585 1668 660 1705 etc„
677 1666 840 1706 quatinus
856 1665 1014 1707 quicquid
1033 1666 1088 1706 pia
1103 1665 1239 1697 devocio
1249 1665 1398 1697 fidelium
1412 1665 1538 1697 eisdem
1555 1665 1834 1704 Procuratoribus

436 1719 496 1741 seu
513 1709 654 1741 Nunciis
677 1709 712 1741 in
735 1709 798 1741 hac
816 1713 914 1750 parte
936 1709 1074 1751 duxerit
1096 1709 1350 1748 conferendum,
1366 1719 1426 1741 seu
1449 1709 1640 1750 legandum,
1656 1709 1737 1750 ipsis
1759 1709 1832 1741 sine

437 1753 664 1785 diminucione
680 1760 892 1794 quacumque
905 1752 1037 1784 faciatis
1050 1753 1204 1784 celeriter
1214 1752 1359 1784 liberari.
1404 1753 1582 1792 Volumus,
1600 1755 1727 1792 autem,
1739 1753 1832 1794 quod

437 1799 612 1838 questores
639 1797 779 1828 Fabrice
806 1796 952 1828 Ecclesie
978 1799 1094 1828 nost-re
1123 1796 1320 1828 Exoniensis
1349 1799 1503 1838 tempore
1533 1796 1831 1837 Quadrageaimali,

438 1840 614 1882 questibus
630 1840 703 1872 aliis
719 1843 804 1872 tunc
818 1840 1036 1879 cessantibus,
1055 1840 1232 1881 Privilegio
1255 1840 1426 1881 gaudeant
1445 1840 1617 1881 singulari.
1664 1840 1831 1872 Presenti·

437 1884 501 1916 bus
518 1894 578 1925 per
593 1894 699 1915 unum
717 1894 844 1915 annum
861 1894 881 1915 a
896 1884 977 1915 data
993 1883 1176 1915 eorundem
1195 1884 1436 1916 tantummodo
1451 1883 1737 1924 duraturis—Et,
1753 1883 1833 1925 quia

439 1927 682 1967 intelleximus,
707 1927 856 1968 factique
878 1927 1086 1968 experiencia
1108 1928 1342 1968 comperimus,
1366 1927 1457 1968 quod
1479 1927 1634 1959 nonnulli
1657 1930 1832 1969 questores

437 1971 647 2013 hujusmodi,
666 1981 744 2003 cum
765 1971 858 2002 falsis
881 1974 917 2003 et
941 1971 1029 2003 fictis
1053 1971 1185 2010 Literis,
1207 1971 1324 2012 sigillis
1346 1971 1519 2003 fabricatis
1534 1981 1600 2012 que
1622 1974 1739 2003 nostra
1761 1981 1833 2002 esse

438 2015 647 2047 mendaciter
661 2018 816 2046 asserunt
828 2014 991 2055 sigillatis,
1007 2014 1134 2046 multas
1148 2014 1324 2049 abusiones
1342 2014 1546 2056 ubicumque
1561 2014 1595 2046 in
1612 2018 1728 2047 nostra
1751 2014 1828 2046 Dio·

437 2059 512 2098 cesi,
528 2059 564 2090 in
579 2059 769 2090 anima-rum
785 2058 1028 2099 decepcionem,
1046 2061 1086 2090 ut
1108 2058 1285 2099 pecuniam
1301 2061 1337 2090 et
1352 2058 1415 2089 alia
1431 2058 1518 2089 bona
1533 2068 1554 2089 a
1568 2058 1694 2099 populo
1714 2054 1829 2090 extor-

437 2113 541 2144 quere
553 2103 697 2142 valeant,
710 2101 887 2143 predicant
898 2104 931 2133 et
946 2104 1141 2143 proponunt
1154 2111 1163 2140 ;
1186 2101 1378 2133 inhibemus
1387 2101 1492 2139 vobis,
1507 2101 1572 2133 sub
1579 2101 1696 2133 debito
1708 2101 1830 2134 Obedi-

436 2146 539 2185 encie,
556 2156 598 2177 ne
616 2146 762 2187 aliquem
786 2146 1012 2186 ad¹questum
1035 2145 1232 2186 hujusmodi
1255 2145 1458 2185 faciendum,
1474 2145 1540 2177 nisi
1561 2155 1656 2177 veros
1678 2145 1830 2177 Nuncios

437 2200 495 2221 seu
525 2190 763 2221 Procuratores
791 2189 1021 2230 Hospitalium
1045 2189 1245 2220 Sanctorum
1271 2188 1428 2229 Spiritus,
1453 2189 1606 2228 Antonii,
1629 2199 1668 2221 ac
1689 2189 1828 2230 Thonie,

437 2233 588 2265 Martiris
603 2232 790 2274 supradicti
805 2243 865 2274 per
880 2243 941 2264 nos
958 2232 1115 2273 primitus
1132 2232 1335 2273 [admissos]‚
1352 2242 1413 2264 nec
1429 2232 1535 2264 eciam
1546 2232 1621 2264 illos
1645 2233 1672 2264 si
1695 2236 1829 2265 nostras

438 2277 578 2316 Lsteras,
595 2287 674 2308 vero
689 2277 797 2317 sigillo
813 2279 929 2308 nostro
945 2276 1104 2315 munitas,
1120 2276 1296 2317 nostrique
1317 2276 1410 2308 anuli
1433 2276 1650 2317 impressione
1672 2276 1707 2308 in
1730 2276 1829 2308 dorso

435 2321 536 2361 sigilli
550 2321 772 2361 consignatas,
790 2320 928 2351 minime
945 2319 1171 2360 exhibuerint,
1187 2330 1375 2361 pauperum
1391 2320 1578 2352 Domorum
1596 2320 1827 2361 Leprosorum,

435 2367 630 2396 nostrarum
646 2364 804 2396 Civitatis
819 2366 855 2395 et
872 2364 1031 2402 Diocesis,
1047 2363 1325 2395 Procuratoribus
1340 2373 1399 2394 seu
1416 2363 1558 2395 Nunciis
1572 2364 1755 2396 dumtaxat
1769 2373 1827 2395 ex-

437 2408 553 2449 eeptis,
570 2408 612 2439 de
634 2410 747 2439 cetero
767 2407 969 2439 admittatis.
1016 2407 1063 2439 Et
1085 2407 1114 2438 si
1135 2407 1247 2448 alique
1271 2407 1384 2439 Litere
1406 2410 1570 2448 suspecte,
1586 2410 1623 2439 et
1645 2407 1762 2439 taliter
1787 2409 1828 2439 ut

436 2451 651 2493 premittitur
666 2461 734 2483 non
750 2451 881 2492 signate
896 2451 948 2482 vel
965 2450 1116 2482 exhibite
1138 2450 1269 2482 fuerint
1283 2453 1319 2482 et
1334 2454 1477 2490 ostense,
1492 2460 1548 2482 eas
1570 2450 1746 2483 retineatis
1762 2461 1770 2489 ;
1792 2453 1830 2483 et

435 2505 496 2536 per
511 2498 702 2536 presentem
720 2495 990 2534 Procuratorem,
1008 2504 1066 2526 seu
1083 2494 1187 2526 alium
1203 2494 1246 2525 de
1262 2504 1330 2535 quo
1345 2494 1523 2535 confiditis,
1539 2494 1583 2526 ad
1598 2505 1659 2526 nos
1674 2494 1828 2527 celeriter

434 2538 852 2571 transmittatis-Dat&
868 2540 905 2570 at
921 2537 1123 2579 Chudleigh,
1139 2538 1180 2569 26
1198 2538 1286 2570 Nov-

397 2599 458 2637 St.
480 2598 641 2637 Mellion
660 2612 670 2646 3
698 2598 924 2648 Assiqnacz'o
947 2597 1269 2646 coadjutoris,—

391 2653 490 2692 Item,
508 2653 766 2684 memorandum
782 2651 883 2693 quod,
901 2650 968 2693 vjto
983 2651 1038 2683 die
1056 2651 1260 2690 Decembris,
1277 2651 1444 2683 Dominus
1460 2651 1630 2684 commisit
1645 2651 1732 2684 vices
1747 2662 1825 2684 suas

280 2697 419 2727 [DECEM-
431 2696 618 2728 literatorie
641 2695 782 2728 Officiali
807 2695 987 2727 Peculiaris
1009 2696 1030 2727 J
1035 2695 1262 2727 urisdiccionis
1277 2695 1312 2726 in
1330 2695 1509 2733 Cornubia,
1532 2705 1594 2736 pro
1617 2695 1825 2737 Coadjutore

280 2731 361 2760 ”ER-1
430 2740 464 2771 in
483 2740 614 2771 Divinis
628 2738 829 2780 assignando
844 2739 989 2770 Domino
1005 2738 1167 2770 Nieholao
1182 2739 1367 2777 Trevosow,
1387 2738 1521 2771 Rectori
1539 2739 1685 2771 Ecclesie
1707 2739 1824 2772 Sancti

431 2783 567 2815 Melanii
584 2783 618 2814 in
638 2783 808 2814 Cornubia
825 2782 984 2823 predicta,
1001 2782 1101 2823 juxta
1122 2782 1389 2813 nominacionem
1404 2782 1558 2824 ejusdem
1575 2783 1725 2815 Rectoris
1749 2792 1821 2824 pre-
1867 2819 1869 2821 ,

431 2827 505 2858 fato
529 2827 670 2858 officiali
693 2826 918 2858 effectualiter
939 2825 1149 2864 faciendam3
1179 2828 1314 2866 recepto
1336 2825 1496 2866 primitus
1518 2826 1624 2867 ipsius
1650 2826 1822 2868 Capellani

429 2870 486 2910 sic,
504 2873 544 2902 ut
560 2870 786 2911 premittitur,
802 2869 999 2901 nominandi
1012 2869 1209 2911 juramento
1224 2869 1259 2901 in
1276 2869 1392 2901 debita
1406 2869 1492 2911 juris
1507 2869 1627 2902 forma.

386 2930 588 2968 Oratories
605 2943 616 2978 ;
645 2930 799 2968 Licence
818 2936 855 2967 to
875 2930 1121 2975 celebrate,—

386 2984 484 3025 Item,
496 2984 631 3024 ibidem,
643 2983 695 3015 ixo
706 2983 761 3016 die
771 2983 895 3017 mensis
907 2983 1110 3023 Decembris,
1123 2982 1289 3016 Dominus
1300 2983 1463 3016 concessit
1474 2983 1661 3016 Licenciam
1673 2983 1819 3016 Domino
