1988 3256
313 336 408 380 562
539 344 641 379 THE
665 343 908 378 REGISTER
931 343 992 376 OF
1014 343 1196 377 BISHOP
1219 342 1629 378 BRANTYNGHAM.

313 453 390 480 AD·
409 488 414 493 ,
466 454 576 485 cionis
597 453 730 485 eisdem
753 462 816 493 pro
840 450 1043 492 hujusmodi
1070 449 1266 481 residencia
1291 452 1327 480 et
1353 449 1489 480 Divinis
1517 449 1648 480 Officiis
1670 449 1708 480 in
1731 447 1855 488 eadem

313 488 408 547 εἴ]
468 498 625 530 Ecclesia
652 497 847 538 antiquitus
878 497 1057 536 deputate.
1102 494 1279 535 Alioquin,
1305 494 1334 525 si
1365 494 1567 535 hujusmodi
1599 493 1856 526 Monicionibus

372 540 379 547 ‘
412 540 418 546 ”
467 543 606 582 vestris,
623 542 753 582 absque
769 542 866 583 justa
882 543 917 571 et
933 539 1140 571 racionabili
1164 549 1270 570 eausa
1291 548 1332 569 ac
1356 538 1516 569 cessante
1531 538 1692 578 legitimo
1707 537 1854 578 impedi-

470 590 600 626 mento,
624 596 747 628 parere
768 585 947 617 rebelliter
967 583 1254 623 contempserint,
1271 592 1332 614 seu
1353 582 1485 614 eisdem
1509 582 1712 614 distulerint
1734 583 1856 613 eontu-

470 632 618 663 maciter
656 631 806 669 obedire,
843 629 1026 670 porciones
1060 637 1141 658 suas
1176 627 1389 668 hujusmodi,
1425 629 1530 667 prout
1565 626 1857 666 Constituciones,

472 676 623 715 Statuta,
641 678 677 707 et
694 674 975 706 Consuetudines
991 682 1032 704 ac
1052 672 1304 703 Ordinaciones
1319 671 1478 712 predicta
1493 671 1649 711 exigunt,
1665 670 1771 712 prout
1785 670 1856 712 juri

470 721 633 760 congruit
656 719 894 756 subtrahatis;
930 728 1009 749 cum
1030 719 1175 757 propter
1194 716 1346 747 officium
1370 715 1474 747 detur
1492 716 1712 751 beneficium,
1729 725 1771 747 ac
1785 724 1857 746 non

473 766 520 796 sit
535 765 703 796 ferendus
724 763 783 805 qui
799 763 936 794 lucrum
957 761 1194 802 amplectitur,
1218 770 1306 791 onus
1327 762 1447 791 autem
1469 770 1645 791 annexum
1666 759 1784 791 subire
1804 769 1858 791 re-

470 811 581 841 cusat.
627 809 683 840 Ad
702 819 768 850 que
795 807 968 848 premissa
991 806 1155 837 facienda
1181 805 1280 836 vobis
1305 806 1427 836 tenore
1451 805 1676 836 Presencium
1698 803 1858 836 commit-

472 855 582 885 timus
598 854 692 884 vices
708 855 858 890 nostras,
877 862 967 890 cum,
984 853 1050 882 etc.
1084 850 1130 881 Et
1146 849 1229 890 quid
1246 849 1403 880 feceritis
1418 849 1455 879 in
1470 849 1662 889 premissis,
1679 858 1753 888 nos,
1769 848 1861 880 citra

472 899 616 930 Festum
642 897 776 928 Pasche
801 896 960 937 proximo
984 895 1157 933 futurum,
1184 894 1301 925 debite
1329 894 1541 932 certificetis,
1565 893 1794 925 etc.—Dated
1819 894 1859 924 at

471 943 673 983 Faringdon
694 939 852 982 (Hunis),
869 942 910 971 31
929 939 1132 971 December.

314 997 391 1058 3¹51).
424 996 713 1036 Non-resident
732 994 996 1033 Incumbents
1013 1007 1023 1041 ;
1053 992 1231 1030 Monieio
1250 998 1388 1030 contra
1407 1006 1489 1030 non
1507 991 1783 1039 residentes,—

424 1054 527 1093 Item,
545 1053 638 1093 apud
656 1052 871 1090 Farendone,
888 1050 982 1081 dicto
1003 1049 1129 1080 ultimo
1148 1049 1204 1080 die
1228 1048 1385 1089 ejusdem
1406 1048 1547 1087 mensis,
1564 1048 1744 1080 emanavit
1760 1047 1858 1080 Man-

472 1098 595 1129 datum
612 1097 785 1128 directum
801 1094 1067 1126 Archidiaconis
1083 1093 1226 1132 Exonie,
1244 1093 1416 1131 Tottonie,
1435 1092 1712 1133 Barnastapolie‚
1723 1094 1760 1124 et
1776 1092 1858 1124 Cor·

470 1142 587 1181 nubie,
616 1152 678 1172 seu
705 1151 826 1172 eorum
856 1139 1080 1177 Officialibus,
1107 1137 1152 1169 ad
1179 1137 1392 1168 monendum
1418 1137 1454 1167 in
1480 1147 1608 1176 genere
1630 1137 1798 1168 Rectores
1823 1138 1860 1168 et

471 1187 630 1218 Vicarios
657 1196 678 1216 a
700 1185 885 1216 Beneficiis
913 1184 995 1222 suis,
1024 1183 1154 1223 absque
1176 1182 1348 1221 Licencia‚
1371 1191 1407 1212 se
1432 1181 1669 1220 absentantes,
1691 1181 1785 1222 quod
1806 1190 1859 1212 re-

471 1231 610 1262 sideant
625 1230 663 1260 in
686 1230 818 1261 eisdem
839 1228 934 1259 infra
954 1237 1112 1258 mensem
1135 1237 1157 1257 a
1177 1228 1335 1266 tempore
1359 1225 1577 1264 Monicionis‚
1594 1227 1671 1264 ete„
1688 1225 1754 1257 sub
1767 1235 1861 1266 pena

469 1276 580 1317 juris;
612 1277 659 1314 et,
691 1274 720 1306 si
753 1272 1009 1304 Monicionibus
1040 1270 1243 1312 hujusmodi
1276 1270 1461 1301 Canonicis
1491 1280 1562 1300 non
1591 1270 1786 1310 paruerint,
1813 1269 1860 1302 ad

471 1319 762 1361 sequestrandum
785 1317 933 1355 fructus,
950 1318 1027 1355 etc.,
1044 1316 1164 1354 donec,
1181 1317 1246 1346 etc.
1294 1314 1340 1345 Et
1355 1314 1439 1354 quid
1454 1313 1604 1345 fecerint
1619 1314 1658 1344 in
1679 1313 1861 1355 premissis

470 1365 603 1395 habent
620 1364 665 1395 ad
681 1362 946 1394 certificandum
964 1360 1164 1398 Dominum,
1179 1369 1241 1390 seu
1254 1359 1496 1390 Presidentem
1515 1358 1721 1390 Consistorii
1734 1358 1860 1390 Exoni-

470 1409 564 1440 ensis
585 1410 622 1439 et
638 1406 927 1439 Commissarium
952 1405 1094 1436 Domini
1117 1403 1334 1442 Generalem,
1352 1403 1442 1434 citra
1459 1403 1603 1434 Festum
1624 1402 1859 1434 Annunciaci-

470 1453 547 1485 onis
563 1452 745 1484 Dominice
761 1451 920 1492 proximo
936 1449 1108 1480 futurum,

315 1508 411 1568 -145812435
423 1508 758 1558 Testamentary3
805 1505 1058 1554 Sequestrum
1100 1501 1379 1552 interpositum
1422 1501 1470 1539 in
1516 1501 1628 1540 bonis
1671 1500 1861 1552 Maqiswi

315 1576 424 1609 Ussu-
476 1561 678 1599 Johannis
701 1559 990 1609 Lanqkarn,-—

317 1610 598 1656 ‘mus-JThomas,
622 1619 699 1656 etc„
725 1615 905 1655 Magistris
930 1613 1072 1654 Hugoni
1098 1613 1318 1654 Hyckelyng,
1336 1612 1538 1643 Precentori
1563 1611 1717 1643 Ecclesie
1740 1613 1861 1643 nostre

471 1662 692 1693 Cathedralis
708 1660 851 1698 Exonie,
877 1661 913 1690 et
935 1658 1122 1689 Edmundo
1144 1657 1398 1695 Malmeshulle,
1416 1656 1556 1687 Rectori
1578 1656 1733 1688 Ecclesie
1755 1655 1860 1687 Paro·

471 1707 594 1738 chialis
607 1706 649 1737 de
666 1705 916 1746 Wytherugge‚
934 1703 1095 1740 salutem,
1112 1701 1314 1733 eta—Cum
1331 1701 1638 1732 Testamentorum
1654 1700 1811 1732 omnium
1823 1702 1861 1731 et

472 1751 691 1791 singulorum
713 1750 750 1779 in
771 1749 923 1780 Civitate
947 1750 983 1778 et
1007 1743 1145 1777 Diocesi
1168 1746 1299 1776 nostris
1319 1745 1617 1783 beneficiatorum,
1641 1755 1682 1776 ac
1703 1744 1861 1776 Advoca-

472 1798 599 1834 torum,
626 1795 909 1831 Procuratorum,
940 1794 976 1822 et
1007 1793 1203 1822 ceterorum
1236 1790 1478 1820 Ministrorum
1511 1789 1718 1820 Consistorii
1748 1788 1862 1820 nostri

473 1839 691 1877 Exoniensis,
708 1838 767 1878 qui
788 1837 911 1868 testati
930 1836 974 1867 ab
997 1835 1063 1866 hac
1083 1835 1160 1865 luce
1184 1834 1427 1874 migraverint,
1445 1834 1646 1865 Insinuacio
1669 1835 1706 1864 et
1726 1833 1861 1874 Appro-

472 1884 582 1923 bacio,
606 1893 677 1922 seu,
701 1883 730 1914 si
758 1882 802 1913 ab
830 1882 1001 1912 intestato
1026 1879 1251 1918 decesserint,
1273 1879 1444 1909 bonorum
1464 1878 1655 1909 eorundem
1678 1877 1862 1909 mobilium

472 1927 757 1965 Administracio,
771 1928 807 1957 et
822 1924 1156 1956 Administracionis
1169 1923 1388 1961 Commissio‚
1400 1923 1444 1953 ad
1460 1932 1534 1961 nos,
1545 1925 1582 1953 et
1595 1921 1864 1954 Commissa-ios

472 1978 611 2004 nostros
622 1971 765 2002 nomine
778 1972 908 2008 nostro,
922 1969 964 2000 de
977 1968 1238 2000 Consuetudine
1250 1967 1417 1998 laudabili
1429 1967 1656 2007 legitimeque
1667 1966 1864 2008 prescripta

473 2017 703 2048 dinoscantur
732 2014 868 2046 notorie
899 2013 1098 2054 pertinere;
1129 2022 1179 2050 ac,
1207 2014 1312 2052 prout
1336 2021 1378 2042 ex
1405 2011 1661 2051 fidedignorum
1688 2011 1862 2042 relacione

473 2061 612 2102 plenius
638 2059 882 2098 informamur,
910 2057 1053 2098 quidam
1083 2057 1104 2087 J
1107 2057 1263 2087 ohannes
1295 2055 1495 2095 Langkarn,
1519 2055 1676 2094 clericus,
1700 2055 1863 2086 Vicarius

475 2105 629 2137 Ecclesie
645 2103 862 2135 Parochialis
885 2102 928 2133 de
953 2101 1102 2132 Suttone
1127 2098 1359 2140 [Plymouth],
1376 2109 1417 2130 ac
1441 2099 1652 2130 Procurator
1671 2099 1758 2130 dicti
1774 2099 1863 2130 Con-

473 2150 604 2181 sistorii
615 2148 739 2187 nostri,
752 2147 857 2178 sortis
867 2146 1020 2177 humane
1037 2145 1194 2176 debitum
1210 2144 1246 2175 in
1265 2144 1417 2175 Civitate
1427 2146 1548 2174 nostra
1556 2143 1717 2184 predicta
1727 2143 1867 2175 noviter

475 2193 718 2236 persolvebat;
746 2192 815 2233 qui,
833 2193 872 2222 ut
891 2189 1100 2230 accepimus,
1118 2189 1202 2219 dum
1218 2188 1317 2227 vixit,
1334 2190 1370 2219 et
1394 2188 1518 2219 mortis
1543 2198 1604 2219 sue
1620 2190 1789 2228 tempore,
1804 2197 1864 2220 ere

476 2239 589 2270 alieno
605 2238 773 2268 extiterat
788 2234 1033 2275 multipliciter
1054 2236 1229 2271 oneratus,
1246 2233 1461 2273 diversisque
1478 2232 1719 2272 creditoribus,
1735 2234 1772 2263 et
1786 2241 1864 2273 pne-

477 2283 599 2315 sertim
611 2281 773 2322 Capitulo
784 2279 939 2311 Ecclesie
955 2281 1075 2309 nostre
1092 2277 1309 2316 Exoniensis‚
1326 2277 1462 2308 necnon
1478 2277 1734 2308 Archidiacono
1743 2278 1865 2308 nostro

478 2327 676 2365 Exoniensi,
690 2327 726 2357 et
741 2324 900 2365 pluribus
916 2323 1004 2362 aliis,
1020 2323 1057 2353 in
1073 2322 1251 2353 nonnullis
1260 2321 1489 2362 pecuniarum
1506 2321 1663 2360 summis,
1675 2323 1716 2352 ut
1725 2321 1864 2360 dicitur,

477 2371 596 2403 fuerat
617 2371 814 2410 obligatus3
841 2379 915 2407 nos,
932 2367 1051 2407 igitur,
1068 2367 1161 2398 bona
1184 2376 1248 2397 sua
1270 2366 1414 2396 mobilia
1435 2365 1553 2397 omnia
1575 2367 1611 2396 et
1633 2365 1780 2406 singula,
1797 2374 1864 2406 que

477 2416 594 2447 obitus
616 2415 670 2445 sui
695 2416 854 2454 tempore
877 2413 914 2443 in
941 2411 1093 2443 Civitate
1119 2413 1155 2442 et
1180 2410 1318 2441 Diocesi
1341 2409 1473 2440 nostris
1495 2409 1662 2450 predictis
1682 2409 1807 2440 habuit
1829 2410 1867 2441 et

478 2459 643 2502 possedit,
661 2459 697 2489 in
713 2466 1010 2499 quorumcumque
1031 2455 1194 2486 manibus
1215 2455 1513 2495 qualitercumque
1536 2453 1738 2492 existencia,
1753 2453 1866 2485 eciam

478 2505 507 2535 si
524 2505 561 2535 in
577 2502 778 2534 nominibus
794 2501 993 2532 debitorum
1010 2499 1224 2537 consistant3
1240 2508 1284 2529 ne
1301 2498 1548 2539 dilapidentur,
1565 2498 1790 2538 dissipentur,
1803 2505 1867 2529 seu

480 2548 735 2580 subtrahantur
754 2546 897 2587 injuste,
914 2547 950 2576 et
974 2554 1018 2575 ne
1046 2543 1237 2575 creditores
1264 2543 1317 2574 sui
1340 2542 1542 2584 hujusmodi
1563 2542 1636 2574 suis
1657 2541 1785 2574 debitis
1807 2541 1866 2573 de·

479 2593 708 2629 fraudentur3
740 2600 781 2621 ac
804 2600 847 2621 ex
878 2589 955 2620 aliis
985 2588 1091 2629 justis
1122 2589 1158 2618 et
1189 2586 1358 2627 legitimis
1388 2586 1503 2618 causis
1526 2596 1591 2617 nos
1613 2586 1651 2616 in
1673 2585 1741 2618 hac
1764 2587 1866 2627 parto

480 2636 714 2674 moventibus,
741 2634 904 2665 duximus
929 2632 1191 2673 sequestranda,
1207 2633 1313 2672 prout
1337 2633 1458 2662 tenore
1482 2630 1708 2661 Presencium
1729 2639 1866 2671 seques-

480 2684 637 2719 tramus3
666 2679 870 2711 Custodiam
892 2676 1094 2718 hujusmodi
1112 2676 1290 2716 Sequestri
1308 2675 1419 2706 nostri
1435 2674 1534 2706 vobis
1555 2674 1594 2705 in
1610 2674 1760 2706 Domino
1775 2684 1867 2706 com-

479 2726 674 2757 mittentes.
714 2723 883 2762 Quocirca
892 2721 1001 2760 vobis,
1017 2719 1233 2761 conjunctim
1250 2722 1285 2750 et
1302 2719 1451 2757 divisim,
1469 2719 1618 2750 fimiter
1631 2718 1868 2760 injungentes,

480 2769 735 2801 committimus
757 2769 794 2798 et
817 2766 1026 2798 mandamus
1047 2764 1214 2805 quatinus
1235 2763 1436 2804 hujusmodi
1461 2763 1687 2803 sequestrum
1707 2764 1869 2794 nostrum

480 2814 517 2844 in
538 2813 639 2844 bonis
659 2811 828 2853 predictis
851 2810 962 2841 fuisse
985 2812 1021 2840 et
1038 2819 1113 2840 esse
1137 2808 1395 2848 interpositum,
1419 2807 1504 2838 locis
1522 2809 1558 2838 et
1581 2806 1799 2847 temporibus
1822 2805 1869 2838 ad

481 2858 546 2889 hec
562 2857 675 2897 magis
691 2855 856 2895 congruis
873 2856 908 2885 et
924 2853 1117 2894 oportunis,
1135 2852 1362 2892 solempniter
1377 2851 1572 2892 publicetis,
1589 2860 1630 2882 ac
1646 2851 1737 2882 bona
1747 2850 1868 2892 hujus-

482 2902 576 2933 modi
594 2901 658 2933 sub
681 2902 760 2931 arto
782 2901 819 2930 et
842 2899 938 2930 salvo
961 2897 1169 2928 custodiatis
1194 2895 1390 2937 Sequestro,
1408 2895 1511 2927 sicuti
1535 2895 1577 2926 de
1600 2895 1733 2926 eisdem
1751 2896 1870 2927 vestro

484 2945 662 2979 volueritis
677 2943 831 2988 periculo
845 2942 1067 2986 respondere.
1113 2940 1308 2972 Inhibendo
1323 2940 1440 2983 palam
1456 2941 1493 2970 et
1508 2948 1680 2983 expresse,
1693 2939 1758 2970 sub
1769 2938 1870 2983 penis
