1988 3256
288 370 384 415 314
492 382 596 416 'rna
631 383 874 418 REGISTER
908 383 971 417 or
1005 382 1184 418 msnor
1218 382 1619 418 BRANTYNGHAM.

285 486 361 513 ΑΛ)-
442 488 655 528 Moniciones,
674 492 711 521 et
727 489 871 521 Decreta
885 488 981 520 firma
997 491 1218 530 permaneant
1232 491 1269 521 et
1283 488 1318 521 in
1333 489 1493 522 futurum
1514 489 1752 523 inviolabiliter
1766 489 1823 522 ob-

283 520 378 582 }-3313'1
442 536 630 572 serventur,
646 543 822 564 monemus
844 543 912 572 vos,
937 532 1122 564 Dominum
1145 532 1314 565 Abbatem
1329 536 1366 565 et
1381 534 1606 574 Conventum,
1625 534 1823 575 singulares-

343 574 350 582 '
381 574 389 581 '
442 587 509 617 que
525 577 686 609 Personas
700 576 854 618 ejusdem
879 577 1082 616 Monasterii,
1106 576 1224 618 primo,
1248 577 1404 617 secundo,
1426 588 1465 610 ac
1487 578 1591 610 tercio
1612 588 1651 609 ac
1673 587 1825 619 peremp·
1874 616 1882 620 l

437 621 533 659 torie,
549 624 586 653 et
600 621 664 652 sub
680 631 767 662 pena
782 620 960 652 Sentencie
983 620 1216 661 Suspensionis
1231 620 1274 652 ab
1289 621 1441 662 ingressu
1465 621 1767 663 Ecclesie,-—quam
1790 620 1826 652 in

437 675 594 706 personas
608 668 737 696 vestras
752 664 947 705 singulares,
965 663 994 695 si
1010 663 1254 696 Monicionibus
1276 665 1409 705 nostris,
1425 665 1524 707 culpa
1538 668 1574 697 et
1591 675 1684 697 mora
1705 663 1828 696 vestris

436 708 705 749 precedentibus»,
721 718 789 739 non
805 707 1078 748 parueritis-cum
1100 707 1235 747 effectu,
1251 718 1394 744 exnunc,
1413 712 1516 750 prout
1530 711 1669 748 extunc,
1685 708 1826 740 ferimus

438 752 473 783 in
488 751 553 783 hiis
569 751 936 792 Scriptis,--quatinus,
952 751 1041 782 infra
1056 751 1184 793 xxiiijor
1194 752 1343 793 spacium
1359 752 1502 791 dierum,
1521 762 1541 784 a
1556 752 1611 784 die
1625 751 1828 793 recepcionis

439 796 654 827 Presencium
676 795 836 827 continue
858 794 1347 837 numerandorum,—quorum
1370 796 1502 828 dierum
1525 799 1601 828 octo
1623 806 1684 837 pro
1706 795 1826 837 primo,

438 842 515 871 octo
531 850 590 880 pro
612 839 769 877 secundo,
786 842 822 871 et
837 838 984 880 reliquos
1006 842 1082 870 octo
1105 849 1166 880 pro
1189 839 1293 871 tercio
1314 844 1348 872 et
1372 839 1598 881 peremptorio
1621 839 1767 871 termino
1789 848 1828 871 ac

438 883 626 915 Monicione
651 882 825 922 Canonica,
841 882 945 922 vobis,
962 885 998 914 et
1013 882 1153 914 cuilibet
1176 885 1338 922 vestrum,
1353 883 1397 914 ad
1412 883 1448 915 id
1462 883 1658 925 prefigimus
1672 886 1709 914 et
1723 882 1827 923 assig-

437 926 730 966 namus,-‹›1nnia
751 929 787 958 et
809 926 941 967 singula
962 926 1198 967 suprascripta,
1222 929 1390 968 quatenus
1413 937 1480 967 vos,
1505 927 1675 958 Abbatem
1691 929 1726 958 et
1743 926 1828 958 con-

437 974 591 1008 ventum,
607 973 644 1002 et
659 970 807 1011 singulos
829 972 993 1009 vestrum,
1016 970 1242 1002 communiter
1264 980 1323 1002 seu
1346 970 1490 1010 divisim,
1507 972 1726 1010 concernunt,
1749 969 1827 1001 dili·

438 1018 558 1056 genter
574 1017 610 1046 et
625 1014 752 1055 absque
767 1013 894 1045 offensa
908 1023 967 1045 seu
985 1013 1261 1053 contradiccione,
1284 1013 1385 1055 juxta
1408 1014 1554 1046 formam
1569 1016 1606 1046 et
1621 1013 1828 1055 exigenciam

438 1058 687 1100 premissorum,
711 1057 747 1088 in
770 1057 927 1088 omnibus
950 1057 1146 1096 observetis,
1171 1060 1207 1089 et
1229 1067 1297 1088 non
1320 1057 1582 1090 contraveniatis
1597 1057 1828 1099 quovismodo,

439 1105 543 1143 prout
558 1102 693 1133 easdem
708 1111 811 1142 penas
825 1100 1014 1132 antedictas
1030 1101 1165 1132 caucius
1180 1101 1354 1132 volueritis
1369 1101 1505 1133 evitare.
1554 1102 1599 1133 Et
1614 1101 1697 1142 quid
1708 1101 1743 1132 in
1756 1110 1828 1142 pre-

438 1146 548 1178 missis
563 1144 724 1182 feceritis,
742 1147 778 1176 et
793 1144 939 1185 qualiter
951 1143 1099 1185 parendo
1114 1144 1149 1175 iu
1165 1154 1203 1175 ea
1216 1147 1314 1185 parte
1325 1144 1541 1176 decreveritis
1555 1144 1758 1185 faciendum,
1769 1154 1830 1176 nos

438 1190 524 1221 citra
555 1189 695 1220 Festum
719 1188 967 1220 Purificacionis
993 1188 1094 1219 Beate
1117 1187 1221 1219 Man-ie
1243 1188 1397 1229 proximo
1427 1188 1597 1228 futurum,
1623 1188 1830 1229 ubicumque

439 1237 523 1265 tunc
538 1232 705 1264 fuerimus
721 1232 755 1263 iu
772 1231 897 1263 nostris
921 1231 1068 1263 Civitate
1091 1231 1144 1262 vel
1167 1231 1299 1263 Diocesi
1324 1231 1461 1270 Exonie,
1486 1231 1647 1263 distinete
1662 1235 1698 1263 et
1712 1233 1830 1273 aperte

437 1276 630 1309 certificetis
645 1286 705 1317 per
720 1275 852 1309 Literas
867 1279 1005 1314 vestras,
1022 1275 1243 1306 etc.—Dated
1259 1278 1296 1307 at
1314 1275 1421 1317 Clyst,
1441 1276 1482 1307 30
1499 1275 1707 1316 September.

395 1330 664 1372 —Injuncciones
673 1329 764 1371 facte
780 1329 895 1361 Abbati
910 1334 939 1361 et
957 1329 1136 1361 Oonventui
1155 1328 1415 1369 Tavystochie‚-

395 1375 550 1413 Thomas,
574 1374 815 1415 etc.,—Nuper
836 1373 870 1404 in
897 1372 1103 1404 Mouasterio
1126 1375 1239 1404 vestro
1262 1372 1503 1405 Visitacionem
1533 1376 1686 1405 nostram
1715 1375 1828 1405 actua-

438 1419 518 1451 liter
541 1421 744 1457 exercentes,
777 1416 1046 1455 Ordinacionem,
1080 1416 1293 1456 Moniciones,
1325 1417 1548 1457 Sentenciam,
1579 1420 1616 1449 et
1647 1417 1832 1449 Decretum

440 1462 630 1503 subscripta
659 1461 803 1493 fecimus
832 1464 869 1492 et
895 1460 1101 1501 protulimus
1122 1471 1131 1498 3
1167 1470 1234 1501 que
1257 1460 1351 1492 vobis
1377 1460 1555 1501 dirigimus
1578 1460 1613 1492 in
1636 1460 1698 1492 hec
1720 1460 1832 1500 verba,

439 1506 525 1538 —In
549 1506 615 1537 Dm
642 1505 795 1543 Nomina,
823 1504 1069 1542 Anam-Nos,
1098 1503 1252 1544 Thomas,
1277 1508 1352 1543 etc„
1379 1504 1546 1536 Diocesim
1569 1506 1720 1536 nostram
1744 1504 1831 1535 Exo-

439 1550 600 1588 niensem,
637 1551 673 1580 et
712 1548 956 1579 Monasterium
992 1547 1215 1588 Tavystochie
1254 1547 1475 1588 personaliter
1508 1548 1686 1580 visitantes
1706 1557 1714 1587 ;
1751 1547 1832 1589 quia
1982 1542 1988 1564 ³

440 1593 631 1625 invenimus
660 1602 721 1633 per
749 1594 933 1632 comperta,
966 1590 1110 1630 detecta,
1141 1594 1178 1622 et
1206 1591 1329 1623 collata
1364 1601 1476 1623 coram
1512 1591 1609 1623 nobis
1645 1591 1681 1623 in
1714 1591 1832 1623 eadem

441 1636 644 1668 Visitacione
659 1639 786 1674 nostra,
805 1635 897 1676 quod
912 1638 963 1674 tu,
977 1634 1158 1675 Stephane,
1171 1634 1285 1666 Abbas
1297 1634 1451 1676 ejusdem
1470 1635 1670 1675 Monasterii,
1682 1634 1835 1667 corrodia

440 1684 476 1713 et
490 1680 716 1719 liberaciones,
733 1679 875 1718 nativos,
891 1678 1055 1716 redditus,
1069 1681 1105 1710 et
1120 1688 1267 1717 nemora,
1283 1682 1319 1710 et
1335 1679 1497 1710 nonnulla
1507 1679 1572 1710 alia
1584 1679 1671 1711 bona
1680 1678 1834 1720 ejusdem

442 1724 647 1762 Monasterfi,
671 1727 785 1764 preter
808 1725 845 1754 et
866 1725 985 1754 contra
1011 1722 1222 1754 voluntatem
1245 1725 1282 1754 et
1304 1723 1540 1754 necessitatem
1563 1724 1759 1754 Conventus
1781 1721 1834 1754 tui

440 1767 594 1809 ejusdem
617 1766 822 1806 Monasterii,
839 1766 979 1798 diversis
1002 1765 1160 1807 personis,
1178 1765 1220 1797 ad
1237 1766 1423 1798 terminum
1439 1766 1507 1798 vite
1523 1769 1559 1798 et
1581 1766 1834 1808 imperpetuum

439 1811 603 1851 alienasti,
620 1821 657 1842 ac
674 1810 853 1842 Pensiones
872 1819 1001 1841 annuas
1016 1809 1060 1840 ad
1075 1809 1260 1841 terminum
1276 1810 1347 1842 vite
1362 1810 1516 1850 pluribus
1533 1810 1691 1851 personis,
1708 1809 1836 1851 absque

439 1865 602 1887 consensu
620 1855 816 1886 Conventus
832 1854 893 1893 tui,
910 1853 1101 1885 concessisti
1119 1864 1127 1892 ;
1142 1855 1272 1884 statum
1288 1853 1394 1885 eciam
1411 1854 1547 1893 Domus,
1560 1857 1596 1886 et
1610 1853 1778 1885 racionem
1793 1853 1837 1885 de

440 1898 686 1931 administratis
701 1898 780 1933 tuis.
802 1907 869 1928 una
883 1907 960 1928 cum
977 1896 1170 1928 nominibus
1185 1896 1378 1929 debitorum
1389 1897 1513 1938 quibus
1527 1897 1696 1938 obligatus
1709 1896 1835 1937 existis,

441 1945 518 1984 post
541 1945 577 1974 et
602 1945 720 1973 contra
742 1940 946 1972 Moniciones
968 1943 1101 1972 nostras
1121 1940 1154 1971 iu
1172 1950 1211 1972 ea
1233 1943 1330 1981 parte
1345 1940 1409 1972 tibi
1424 1941 1541 1980 factas,
1561 1940 1657 1972 nobis
1679 1940 1836 1972 exhibere

441 1985 743 2026 contemptibiliter
758 1984 932 2024 distulisti,
949 1986 984 2016 et
999 1984 1114 2015 diffets
1129 1984 1164 2015 in
1180 1984 1327 2025 presenti
1342 1995 1350 2022 ;
1373 1988 1512 2025 propter
1526 1994 1592 2026 que
1607 1984 1783 2016 informari
1794 1984 1836 2016 de

439 2029 609 2071 premissis
632 2029 675 2060 ad
690 2028 828 2070 plenum
844 2028 1069 2069 nequivimus,
1085 2031 1125 2059 ut
1143 2027 1302 2059 vellemus
1317 2031 1353 2059 et
1368 2027 1576 2068 deberemus,
1592 2027 1636 2059 ad
1649 2027 1836 2060 utilitatem

443 2073 638 2105 Monasterii
665 2071 870 2112 supradicti:
903 2071 976 2110 tibi,
1002 2071 1183 2112 Stephano,
1207 2081 1308 2112 quem
1334 2081 1436 2112 super
1461 2074 1497 2103 et
1527 2072 1570 2103 de
1595 2071 1838 2112 dilapidacione

442 2117 608 2149 bonorum
634 2116 787 2157 ejusdem
811 2114 1007 2146 Monasterii
1029 2118 1224 2155 suspectum
1246 2114 1419 2152 habemus,
1437 2125 1504 2156 quo
1518 2115 1562 2146 ad
1584 2114 1838 2156 suspensionem

442 2159 745 2192 administracionis
756 2159 992 2199 temporalium
1005 2158 1171 2199 parcimus
1187 2158 1252 2190 ista
1266 2158 1335 2190 vice
1350 2168 1357 2196 3
1379 2158 1539 2198 volentes,
1555 2162 1681 2198 tamen,
1691 2158 1838 2200 corporis

440 2204 494 2236 tui
520 2204 612 2235 senio
637 2206 674 2235 et
696 2202 875 2241 debilitati,
894 2205 1063 2243 quantum
1086 2212 1272 2243 possumus,
1294 2202 1479 2243 providere,
1505 2212 1546 2234 ex
1568 2203 1676 2234 causis
1697 2202 1835 2242 eisdem,

443 2247 516 2286 tibi,
533 2247 566 2279 in
584 2247 773 2278 subsidium
788 2245 1025 2278 sollicitudinis
1046 2245 1350 2277 administracionis
1366 2248 1426 2277 tue
1440 2246 1476 2277 in
1492 2246 1744 2287 temporalibus,
1758 2245 1836 2278 Fra-

443 2295 513 2324 tres
536 2291 727 2323 ,Iohannem
753 2291 940 2327 Manetone,
965 2289 1130 2321 'rhomam
1153 2289 1325 2330 Collynge,
1348 2292 1385 2320 et
1410 2289 1588 2321 Ricardum
1613 2289 1737 2330 Bonde,
1754 2299 1839 2330 quos

441 2335 637 2377 juramento
660 2334 693 2365 in
718 2333 780 2365 hac
796 2337 892 2374 parte
907 2333 1022 2364 debito
1037 2332 1179 2373 astringi
1194 2332 1346 2371 fecimus,
1363 2332 1468 2374 Coadj
1474 2337 1586 2365 utores
1601 2333 1722 2365 damus
1736 2335 1773 2365 et
1787 2342 1836 2365 as-

442 2379 614 2420 signamus
629 2388 636 2416 ;
659 2378 709 2409 ita
726 2379 765 2408 ut
781 2377 894 2408 dictus
911 2377 931 2408 J
934 2376 1082 2408 ohannes
1098 2376 1278 2408 Manetone
1300 2376 1454 2408 Officium
1471 2376 1650 2408 Senescalli
1667 2377 1788 2408 habeat
1801 2378 1840 2409 et

443 2425 595 2463 occupet,
619 2422 652 2453 in
678 2420 835 2452 omnibus
862 2420 1007 2461 negociis
1038 2420 1178 2458 Domus,
1202 2419 1292 2451 infra
1313 2424 1349 2451 et
1372 2424 1469 2452 extra
1496 2419 1740 2452 Monasterium
1765 2419 1837 2451 ubi·

442 2475 603 2506 cumque3
618 2465 781 2506 prefatus,
797 2464 912 2503 eciam,
927 2463 1089 2495 Ricardus
1103 2463 1218 2494 Bonde
1231 2463 1386 2495 Officium
1404 2463 1537 2495 Cellarii
1553 2464 1685 2504 habeat,
1702 2466 1738 2496 et
1752 2474 1838 2495 onus

443 2509 596 2551 ejusdem
606 2508 720 2540 debite
737 2508 917 2549 subportet
932 2518 941 2545 ;
957 2507 1079 2545 dictus,
1092 2507 1217 2547 itaque,
1228 2506 1373 2539 Thomas
1391 2507 1551 2548 Collynge
1562 2517 1678 2539 omnes
1687 2507 1840 2539 denarios

443 2553 484 2584 de
507 2552 648 2593 singulis
673 2551 837 2590 Ecclesiis,
856 2551 1023 2589 Maxim—iis,
1039 2553 1076 2582 et
1093 2550 1188 2581 Locis
1210 2550 1480 2592 quibuscumque
1494 2550 1538 2582 ad
1553 2551 1685 2583 dictum
1706 2551 1840 2582 Monas-

445 2596 572 2629 terium
585 2595 844 2637 pertinentibus,
857 2598 953 2626 extra
964 2594 1079 2626 Officia
1091 2596 1126 2625 et
1137 2594 1354 2626 Obediencias
1363 2593 1517 2635 ejusdem
1530 2594 1725 2626 Monasterii
1734 2594 1840 2635 quali·

444 2643 644 2680 tercumque
657 2639 901 2680 provenientes,
914 2640 950 2669 et
961 2637 1005 2669 ad
1016 2637 1106 2669 idem
1122 2637 1365 2669 Monasterium
1381 2637 1634 2678 quomodolibet
1649 2640 1840 2679 spectantes

443 2686 480 2715 et
495 2683 636 2722 debitas,
653 2692 713 2723 per
728 2682 838 2714 tallias
853 2681 905 2712 vel
921 2681 1118 2712 indenturas
1134 2680 1272 2722 recipiat
1287 2683 1323 2712 et
1338 2681 1456 2719 solvat,
1474 2684 1576 2722 prout
1590 2691 1675 2722 opus
1689 2681 1757 2713 erit
1770 2691 1779 2721 ς
1801 2691 1840 2713 ac

444 2727 508 2768 ipsi
531 2726 748 2765 Senescallus,
766 2725 937 2764 Cellarius,
954 2727 990 2756 et
1010 2725 1180 2764 Receptor,
1197 2734 1325 2756 necnon
1342 2724 1611 2764 Elemosinarius,
1628 2724 1785 2764 Sacrista,
1803 2727 1840 2757 et

439 2770 615 2809 Salsarius,
633 2773 668 2801 et
684 2769 808 2810 singuli
823 2767 878 2800 alii
894 2767 1050 2800 Officiarii
1066 2767 1220 2809 ejusdem
1245 2767 1447 2807 Monasterii‚
1464 2771 1500 2800 et
1516 2768 1735 2800 Obediencias
1749 2767 1838 2810 opti-

445 2816 565 2845 nentes
587 2813 622 2844 in
645 2813 772 2852 eodem,
798 2812 840 2843 de
861 2811 1002 2852 singulis
1024 2810 1175 2851 receptis,
1199 2810 1328 2850 solutis,
1354 2811 1472 2850 missis,
1495 2814 1531 2843 et
1560 2811 1724 2852 expensis,
1755 2821 1836 2852 qua-

446 2861 547 2889 tenus
560 2856 675 2888 Officia
686 2866 802 2887 eorum
815 2855 950 2887 divisim
964 2854 1136 2886 concernit
1147 2854 1333 2893 annuatim,
1346 2854 1434 2886 infra
1446 2864 1595 2886 mensem
1610 2857 1687 2896 post
1698 2855 1839 2887 Festum

445 2900 562 2933 Sancti
583 2899 763 2939 Michaelis,
786 2909 898 2931 coram
922 2898 1054 2930 Abbate
1076 2900 1113 2930 et
1135 2897 1313 2930 Conventu
1337 2898 1390 2930 vel
1411 2897 1615 2939 deputandis
1637 2898 1680 2930 ab
1702 2897 1838 2938 eisdem,

445 2944 552 2985 plene,
576 2942 746 2981 distincte,
769 2945 806 2974 et
828 2942 975 2974 fideliter
995 2943 1206 2982 computent,
1225 2945 1262 2973 et
1283 2951 1401 2973 eorum
1424 2941 1568 2983 quilibet
1589 2944 1775 2983 computet,
1799 2944 1842 2974 ut

448 2990 594 3020 tenetur.
643 2987 829 3026 Monemus,
852 2985 998 3027 insuper,
1015 2995 1081 3025 vos,
1099 2984 1285 3016 Dominum
1307 2983 1487 3025 Abbatem,
1503 2987 1539 3017 et
1560 2985 1709 3027 singulos
1726 2985 1838 3017 Mona-
