1988 3256
303 369 397 413 146
505 378 605 412 THE
640 377 886 412 REGISTER
920 377 983 410 or
1014 376 1195 410 BISHOP
1225 375 1642 412 BRANTYNGHAM.

297 485 376 514 A-D·
453 485 625 520 Churches
640 485 815 524 unserved‚
832 484 899 516 and
921 484 1112 526 neglecting
1134 484 1225 516 their
1246 484 1431 526 obligation
1454 484 1490 516 of
1509 483 1735 525 hospitality3
1760 491 1845 514 even

297 520 373 581 ξ’ἔῗ·
452 530 613 570 suffering
630 529 690 561 the
710 529 782 560 said
804 527 977 560 Ohurches
998 532 1036 561 to
1059 529 1195 560 become
1214 528 1366 561 ruinous.
1413 529 1475 568 He,
1498 527 1675 566 therefore,
1692 525 1843 558 directed

302 589 343 615 ῃ,
453 575 513 607 the
529 574 745 606 Archdeacon
762 575 797 604 to
813 572 910 604 make
925 572 1062 614 inquiry
1078 573 1145 604 and
1160 573 1441 614 report.—Dated
1456 574 1493 604 at
1509 572 1615 613 Clyst,
1632 572 1673 603 23
1690 570 1764 603 Oct.

407 629 560 668 69.-Το
575 628 635 660 the
652 627 780 659 Official
796 627 830 658 of
857 627 915 658 the
931 627 1083 659 Peculiar
1098 627 1120 659 J
1124 627 1322 659 urisdiction
1337 627 1373 658 in
1391 625 1686 659 Cornwall.—The
1704 623 1843 656 Church

452 674 487 706 of
503 674 554 706 ST.
574 672 718 704 LADOGK
741 671 841 711 being
856 673 986 710 vacant,
1003 671 1046 702 he
1069 681 1136 702 was
1159 674 1195 703 to
1217 671 1345 703 receive
1368 670 1428 703 the
1451 680 1590 711 moneys
1606 669 1685 710 paid
1700 668 1746 710 by
1762 678 1842 710 pur·

454 718 585 750 chasers
597 716 632 747 of
647 715 707 747 the
717 714 924 754 sheaf-tithe,
942 725 977 746 as
993 715 1059 746 due
1075 717 1111 746 to
1127 714 1186 746 the
1201 714 1327 756 Bishop
1344 714 1417 746 “de
1429 713 1673 746 cousuetudine
1683 711 1846 745 laudabili

455 764 491 793 et
506 758 876 802 prescripta.”—Dated
895 761 931 790 at
947 758 1052 800 Clyst,
1071 759 1111 791 25
1129 758 1203 791 Oct.

412 816 562 854 70.-Το
578 815 637 846 the
653 813 976 854 Official-Principal,
995 824 1043 852 or,
1062 814 1097 845 in
1113 813 1166 846 his
1181 814 1332 854 absence,
1349 813 1409 845 the
1425 812 1602 845 President
1617 812 1653 844 of
1675 811 1735 843 the
1758 810 1845 844 con-

453 861 575 900 sistory
592 857 829 891 Coum-The
845 857 971 898 Bishop
987 857 1054 889 had
1069 858 1264 890 discovered
1279 857 1357 889 that
1371 857 1431 889 the
1448 856 1592 889 Officials
1607 856 1643 888 of
1664 855 1724 888 the
1739 853 1844 887 Arch-

457 905 601 936 deacons
614 903 682 934 had
705 901 879 942 neglected
903 901 1031 943 taking,
1047 901 1280 944 immediately
1302 901 1391 933 after
1412 901 1502 933 their
1525 900 1770 942 appointment,
1787 898 1849 930 the

455 948 537 980 oath
551 950 588 978 to
604 946 741 978 observe
757 945 816 977 the
833 945 988 977 Statutes
1003 946 1071 977 and
1087 946 1247 977 Customs
1263 945 1298 977 of
1313 945 1372 977 the
1387 945 1460 977 said
1477 945 1584 977 Oourt
1599 944 1649 985 (as
1665 943 1747 984 they
1761 952 1848 975 were

453 991 569 1024 bound
586 993 622 1022 to
638 989 705 1029 do),
724 989 836 1021 before
853 989 912 1021 the
928 989 1240 1031 Official-Principal
1256 1000 1293 1021 or
1308 989 1367 1021 the
1383 988 1560 1020 President
1575 988 1610 1020 of
1632 987 1691 1019 the
1715 987 1823 1019 Court
1839 996 1848 1025 ;

455 1046 498 1068 an
514 1035 617 1066 abuse
632 1033 741 1066 which
757 1033 857 1065 could
873 1044 917 1064 no
932 1034 1047 1074 longer
1062 1034 1103 1065 be
1119 1034 1294 1066 tolerated.
1340 1033 1434 1074 They
1451 1043 1536 1064 were
1552 1035 1588 1064 to
1604 1032 1645 1063 be
1660 1030 1847 1072 compelled

454 1083 491 1112 to
506 1079 584 1111 take
599 1077 659 1109 the
675 1077 765 1116 cath,
781 1077 848 1108 and
871 1077 968 1109 those
990 1077 1066 1109 who
1089 1077 1273 1109 continued
1296 1077 1331 1108 in
1354 1076 1515 1108 rebellion
1538 1086 1625 1108 were
1647 1078 1684 1107 to
1708 1075 1750 1106 be
1772 1084 1845 1106 sus-

455 1122 754 1165 pended.—Dated
770 1124 807 1152 at
824 1120 1024 1162 Chudleigh,
1042 1121 1165 1162 (blank)
1182 1121 1249 1162 day
1264 1121 1300 1152 of
1314 1121 1400 1152 Nov.

302 1181 377 1209 A.D.
409 1178 563 1216 ''IL—To
578 1177 722 1208 Masters
745 1176 874 1208 Robert
896 1176 1068 1217 Sumpter,
1092 1176 1152 1208 the
1175 1177 1280 1216 Dean,
1303 1176 1370 1207 and
1393 1175 1485 1207 John
1500 1175 1638 1216 Wyliot,
1655 1173 1715 1205 the
1738 1173 1847 1205 Chan-

302 1216 406 1244 1373-4.
456 1222 566 1260 cellor,
600 1221 742 1252 Masters
772 1220 931 1252 Nicholas
961 1220 1154 1262 Braybroke
1183 1220 1251 1252 and
1280 1219 1409 1251 Walter
1436 1219 1623 1257 Bauntone,
1649 1218 1782 1249 Canons
1811 1216 1848 1248 ot

301 1261 352 1288 ¹0¹·
367 1260 409 1286 22.
457 1267 590 1305 Exeter,
607 1265 675 1296 and
692 1265 818 1299 Master
835 1263 939 1305 Hugh
956 1264 1166 1306 Hykelynge,
1186 1263 1364 1295 President
1379 1263 1415 1294 of
1437 1263 1497 1294 the
1514 1262 1712 1302 Consistory
1728 1260 1845 1293 Court.

455 1309 626 1348 -—“Quia‚
658 1308 799 1340 diversis
829 1310 865 1339 et
895 1308 1009 1339 arduis
1039 1308 1193 1349 occupati
1219 1307 1374 1348 negociis,
1405 1306 1605 1338 discussioni
1631 1304 1847 1338 correccionis

455 1354 644 1386 animarum
661 1352 779 1384 Jacobi
795 1351 1011 1393 Daudeleghe
1027 1354 1063 1383 et
1077 1351 1191 1392 Alicie,
1209 1361 1312 1392 quam
1328 1351 1370 1382 de
1386 1351 1486 1390 facto,
1503 1350 1582 1382 licet
1605 1360 1672 1381 non
1696 1349 1738 1380 de
1760 1348 1847 1391 jure,

455 1400 560 1436 tenet,
578 1399 619 1428 ut
633 1396 802 1435 asseritur,
820 1396 855 1426 in
872 1406 1021 1435 uxorem,
1037 1396 1213 1427 intendere
1229 1406 1296 1426 non
1314 1395 1465 1426 valemus
1481 1405 1489 1434 ;
1513 1394 1555 1426 ad
1579 1393 1787 1426 audiendum
1809 1394 1847 1424 et

454 1442 521 1473 fine
543 1440 659 1472 debito
675 1439 929 1471 terminandum
952 1439 1042 1471 idem
1065 1439 1251 1480 negocium,
1267 1438 1368 1480 juxta
1384 1438 1452 1470 vim
1476 1441 1512 1470 et
1534 1437 1692 1469 effectum
1716 1435 1847 1469 Consti-

456 1484 601 1517 tueionis
618 1483 829 1516 Clementine
845 1483 880 1514 in
896 1483 959 1515 hae
974 1486 1069 1524 parte
1092 1483 1193 1523 edite,
1216 1483 1259 1514 ad
1274 1492 1402 1514 meram
1418 1482 1608 1514 animarum
1624 1490 1763 1513 suarum
1779 1490 1847 1512 cor-

454 1528 648 1566 reccionem,
665 1527 707 1558 de
722 1530 835 1559 vestra
857 1527 1165 1568 circumspeccionis
1187 1526 1354 1558 industria
1378 1526 1562 1567 plurimum
1585 1524 1792 1557 confidentes
1814 1533 1853 1555 ac

455 1573 590 1614 plenam
621 1572 657 1603 in
688 1570 834 1602 Domino
864 1570 1023 1602 fiduciam
1054 1570 1257 1612 optinentes,
1289 1573 1405 1601 tenore
1435 1569 1652 1601 Presencium
1682 1567 1851 1607 omnibus,

455 1619 614 1658 quatuor,
648 1615 768 1654 tribus,
801 1614 853 1646 vel
883 1614 1016 1646 duobus
1038 1617 1191 1646 vestrum
1215 1614 1466 1646 committimus
1488 1613 1576 1645 vices
1606 1614 1748 1651 nostras,
1772 1621 1851 1643 cum

455 1659 640 1701 cujuslibet
655 1658 860 1690 cohercionis
877 1658 1043 1690 canonice
1059 1657 1418 1700 potestate.”——Dated
1435 1660 1472 1690 at
1489 1656 1692 1698 Chudleigh,
1708 1656 1749 1687 12
1761 1655 1851 1695 Jan.,

303 1760 391 1793 [AD.
412 1758 563 1796 72.—To
594 1757 720 1788 Master
750 1755 909 1788 Nicholas
940 1756 982 1788 de
1012 1756 1206 1798 Braybroke
1236 1756 1305 1788 and
1336 1756 1390 1789 Sir
1419 1756 1511 1788 John
1543 1755 1635 1797 Seys,
1661 1754 1794 1787 Canons
1817 1753 1853 1785 of

306 1795 394 1825 1372]
456 1800 659 1834 Exete1·.-“
671 1800 759 1832 Cum
784 1800 970 1840 Collegium
994 1800 1064 1832 sive
1094 1800 1224 1832 Domus
1248 1800 1305 1839 [de
1336 1800 1677 1839 summoueantur,
1702 1796 1853 1838 Oxomn]

458 1844 687 1887 supervisione
718 1846 753 1875 et
782 1843 1022 1875 reformacione
1053 1843 1257 1882 necessariis,
1290 1846 1331 1875 ut
1361 1843 1602 1882 intelleximus,
1632 1842 1784 1883 indigeat
1807 1841 1850 1873 de

457 1888 616 1931 presenti,
632 1897 760 1928 nosque
782 1887 981 1928 hujusmodi
998 1887 1218 1928 supervisioni
1234 1890 1269 1918 et
1284 1887 1518 1919 reformacioni
1535 1886 1697 1918 faciendis
1716 1895 1850 1927 person-

457 1933 555 1964 aliter
569 1931 745 1963 intendere
761 1941 981 1972 nequeamus,
999 1931 1139 1962 diversis
1163 1933 1197 1962 et
1221 1930 1335 1962 arduis
1358 1930 1503 1972 negociis
1525 1929 1701 1971 prepediti,
1718 1929 1761 1960 ad
1783 1928 1851 1960 dic·

457 1979 533 2008 tum
557 1974 745 2016 Collegium
760 1974 830 2006 sive
848 1975 995 2006 Domum
1018 1974 1202 2015 predictam
1228 1985 1265 2005 ac
1289 1974 1438 2006 Scolares
1461 1974 1626 2015 ejusdem,
1652 1975 1851 2014 statumque

459 2019 652 2058 eorundem,
664 2020 705 2049 ut
720 2018 886 2056 convenit,
900 2018 1197 2059 supervidendum,
1210 2028 1248 2049 ac
1260 2018 1302 2049 de
1317 2020 1353 2050 et
1368 2028 1469 2059 super
1484 2017 1685 2049 defectubus
1701 2017 1851 2058 ipsorum

461 2062 600 2103 Collegii
616 2065 652 2093 et
667 2061 852 2094 Scolarium
867 2061 1119 2102 inquirendum,
1135 2071 1269 2103 eosque,
1286 2063 1454 2103 quatenus
1469 2061 1619 2102 ipsorum
1641 2060 1803 2092 correccio
1818 2062 1855 2092 et

458 2105 655 2139 reformacio
670 2105 714 2136 ad
729 2115 790 2136 nos
806 2115 866 2146 per
882 2105 1020 2137 Statuta
1034 2105 1071 2136 in
1086 2115 1125 2137 ea
1140 2108 1235 2146 parte
1256 2104 1372 2146 jurata
1386 2107 1422 2136 et
1437 2104 1675 2136 fundacionem
1699 2103 1853 2145 ejusdem

461 2149 600 2190 Collegii
623 2148 692 2180 sive
710 2149 840 2180 Domus
863 2149 1030 2189 pertinere
1051 2149 1284 2188 dinoscuntur,
1306 2148 1550 2189 corrigendum,
1574 2147 1796 2189 puniendum,
1819 2149 1856 2180 et

458 2193 722 2231 reformandum,
757 2202 887 2223 necnon
911 2192 1077 2224 calculum
1100 2195 1135 2224 et
1157 2192 1332 2224 raciocinia
1354 2202 1456 2233 super
1477 2191 1772 2224 administracione
1795 2191 1852 2222 bo·

460 2247 583 2270 norum
609 2236 763 2278 ejusdem
787 2235 925 2277 Collegii
949 2246 968 2267 a
990 2236 1191 2268 Rectoribus
1214 2238 1249 2267 et
1271 2235 1615 2268 Administratoribus
1637 2235 1753 2276 ipsius,
1779 2245 1852 2276 pre-

460 2281 570 2313 teritis
585 2282 621 2311 et
635 2279 814 2319 modernis,
830 2278 1026 2321 petendum,
1043 2279 1260 2319 audiendum,
1278 2282 1313 2311 et
1328 2279 1570 2320 recipiendum,
1588 2278 1768 2320 omniaque
1783 2278 1849 2310 alia

459 2328 495 2357 et
516 2323 647 2365 singula
673 2323 770 2354 nobis
791 2323 827 2354 in
850 2323 912 2354 hac
939 2325 1034 2364 parte
1059 2323 1293 2355 incumbencia
1314 2322 1508 2355 faciendum
1531 2326 1567 2355 et
1590 2322 1851 2364 expediendum,

461 2368 556 2401 vobis
579 2366 789 2408 conjunctim
813 2369 849 2398 et
871 2366 1016 2406 divisim,
1050 2367 1092 2398 de
1114 2376 1260 2408 quorum
1283 2366 1455 2406 fidelitate,
1479 2366 1788 2408 circumspeccione,
1819 2369 1856 2398 et

461 2411 631 2444 industria
660 2410 794 2452 plenam
824 2410 859 2442 in
891 2410 1037 2442 Domino
1068 2410 1226 2442 fiduciam
1257 2410 1458 2451 optinemus,
1490 2413 1606 2442 tenore
1638 2410 1853 2442 Presencium

461 2454 709 2488 committimus
731 2453 819 2485 vices
841 2454 1162 2486 nostras.'’—Dated
1177 2456 1214 2485 at
1231 2453 1338 2495 Clyst,
1357 2455 1376 2486 3
1394 2454 1478 2494 Oct„
1496 2453 1590 2494 1372,
1615 2453 1635 2470 “
1647 2454 1746 2486 Anno
1763 2453 1849 2486 Con-

462 2498 657 2532 secracionis
672 2500 787 2530 nostre
802 2497 929 2530 tercio.”
975 2497 1020 2538 [A
1036 2498 1218 2539 misplaced
1237 2497 1374 2539 Entry.]

419 2554 569 2592 73.--Το
600 2553 726 2585 Master
756 2552 873 2585 Simon
904 2552 1064 2594 Wythiel,
1097 2552 1211 2585 Canon
1243 2552 1279 2583 of
1312 2551 1554 2584 GLASNEY.-“
1567 2552 1654 2592 Quia
1684 2552 1852 2584 Dominus

463 2597 668 2639 Reginaldus
685 2595 786 2636 Galle,
803 2596 996 2638 Propositus
1011 2596 1047 2628 in
1064 2595 1210 2628 Ecclesia
1225 2596 1383 2637 predicta,
1400 2596 1436 2627 in
1451 2598 1588 2628 tantum
1603 2595 1721 2628 extitit
1742 2599 1779 2628 et
1800 2598 1853 2628 est

462 2642 554 2674 senio
570 2644 605 2672 et
627 2640 817 2682 egritudine
839 2642 1066 2681 pregravatus,
1083 2650 1121 2671 ac
1143 2642 1314 2681 perpetuo,
1332 2642 1373 2671 ut
1394 2639 1563 2680 asseritur,
1580 2640 1754 2672 oculorum
1776 2639 1852 2672 visu.

464 2686 626 2727 privatus,
643 2683 734 2725 quod
750 2694 786 2715 se
801 2686 836 2715 et
850 2694 920 2723 sua,
939 2682 1130 2725 Curamque
1152 2683 1217 2714 sibi
1239 2683 1461 2723 commissam,
1477 2683 1521 2715 ad
1544 2683 1705 2715 honorem
1729 2683 1794 2715 Dei
1815 2686 1851 2716 et

464 2729 652 2761 animarum
674 2727 830 2766 salutem,
854 2737 914 2768 per
935 2727 1083 2768 seipsum
1106 2737 1218 2768 regere
1240 2737 1307 2758 non
1332 2727 1457 2768 poterit
1481 2730 1521 2759 ut
1543 2727 1706 2766 deberet;
1736 2726 1853 2759 habita

463 2782 565 2813 super
580 2771 644 2802 hiis
659 2771 839 2802 sufficienti
861 2781 959 2803 cause
974 2770 1174 2812 cognicione,
1191 2770 1337 2802 eundem
1360 2770 1546 2803 Dominum
1569 2771 1794 2812 Reginaldum
1815 2770 1851 2802 in

464 2814 754 2847 administracione
770 2814 997 2855 spiritualium
1020 2817 1055 2846 et
1078 2813 1315 2855 temporalium
1338 2814 1380 2845 ad
1402 2813 1515 2855 ipsum
1538 2814 1728 2855 aliqualiter
1750 2813 1851 2855 perti·

464 2858 632 2897 nencium,
649 2868 690 2889 ex
713 2868 812 2889 causa
834 2858 1003 2899 premissa,
1021 2858 1140 2890 merito
1163 2860 1412 2898 supportantes,
1428 2857 1535 2889 eidem
1560 2860 1631 2890 tam
1654 2858 1690 2889 in
1713 2867 1854 2899 persona

464 2912 567 2944 quam
590 2901 690 2932 rebus
712 2901 951 2943 Coadjutorem
967 2901 1176 2934 decrevimus
1191 2901 1437 2942 deputandum.
1487 2901 1576 2933 Hinc
1592 2904 1645 2933 est
1660 2902 1751 2943 quod
1774 2924 1783 2934 .
1808 2923 1816 2932 .
1843 2923 1852 2933 .

466 2956 524 2977 vos
540 2945 648 2976 eidem
667 2945 810 2976 Domino
827 2945 1012 2986 Reginaldo
1028 2969 1036 2977 .
1063 2969 1072 2976 .
1099 2969 1107 2978 .
1126 2944 1367 2986 Ooadjutorem
1384 2947 1500 2976 tenore
1516 2945 1731 2977 Presencium
1746 2944 1850 2987 depu-

500 2988 765 3021 mus.’'—-Dated
781 2991 818 3020 at
834 2988 1034 3030 Chudleigh,
1052 2989 1092 3021 16
1109 2988 1187 3021 Feb.
