1988 3256
323 358 419 405 364
524 372 627 405 THE
651 370 895 407 REGISTER
920 373 979 406 OF
1003 370 1186 407 BISHOP
1209 370 1610 408 BRANTYNGHAM.

319 472 397 534 21³3·ss-
431 476 592 525 Iifton3
620 477 683 514 Sir
701 476 852 515 Robert
871 475 1068 523 Raundes,
1092 477 1152 524 R„
1158 501 1210 506 -

319 531 568 568 v01‚1Licence
590 531 625 562 of
655 541 736 562 non·
726 531 907 562 -residence
929 531 982 562 for
1005 542 1024 562 a
1046 541 1135 572 year,
1161 531 1479 573 ‘contemplacione
1506 532 1650 564 Domine
1679 530 1859 565 comitisse

473 574 609 613 Kaneie,
634 574 662 606 si
685 574 819 606 steterit
842 574 876 606 in
905 574 1073 616 obsequiis
1102 575 1255 616 ejusdem
1282 575 1459 607 comitisse
1485 586 1545 617 per
1571 576 1661 607 idem
1688 573 1860 616 tempus?

475 618 662 659 (Crediton,
680 619 722 649 22
740 618 828 658 Oct.)

429 678 893 728 Letters·Dimissory,—

429 733 556 765 Robert
596 733 719 773 Rugge,
751 732 850 771 clerk,
884 732 902 747 “
919 732 960 763 ad
996 742 1111 763 omnes
1148 732 1294 764 Minores
1333 743 1370 764 ac
1400 732 1504 764 eciam
1536 733 1654 765 Sacros
1688 732 1831 766 Ordines
1841 731 1860 745 '¹

473 775 663 816 (Credit-m,
683 777 723 807 24
741 776 843 815 Oct.).

429 819 574 851 Richard
591 819 681 858 Scot,
699 819 844 858 accolite,
864 819 938 850 “ad
954 830 1071 851 omnes
1087 819 1205 852 Sacros
1229 819 1371 851 Ordines
1386 820 1404 833 ‘'
1423 819 1526 859 (same
1543 820 1647 857 date).

429 873 684 924 Grampound
717 873 878 924 Chapel,
909 874 950 911 in
990 874 1058 912 the
1104 874 1241 913 Parish
1270 874 1312 912 of
1354 874 1412 913 St.
1444 874 1570 913 Crced
1586 889 1597 923 3
1638 875 1794 914 Licence
1823 881 1861 913 to

482 929 731 975 celebrate,—

428 983 527 1022 Item,
545 982 670 1013 eisdem
687 982 740 1013 die
756 985 792 1013 et
807 982 889 1021 loco,
916 982 1083 1014 Dominus
1107 982 1272 1014 concessit
1295 982 1483 1014 Licenciam
1507 983 1529 1015 J
1532 982 1657 1014 ohanni
1682 982 1806 1024 Pybow
1823 985 1858 1014 et

470 1026 626 1058 Johanne
650 1025 748 1057 uxori
771 1025 934 1066 ejusdem,
959 1029 994 1056 et
1017 1026 1247 1067 Burgensibus
1278 1026 1321 1057 de
1352 1027 1583 1067 Grantpmde,
1606 1026 1697 1067 quod
1730 1027 1861 1067 possint

470 1070 579 1101 facere
602 1069 760 1100 celebrari
776 1069 900 1100 Divina
915 1070 948 1100 in
967 1069 1102 1110 Capella
1119 1070 1160 1101 de
1178 1070 1398 1110 Grantponde
1415 1070 1574 1110 predicta,
1599 1069 1727 1101 Diebus
1744 1069 1858 1101 Domi-

471 1113 552 1145 nicis
567 1116 603 1144 et
619 1113 762 1144 Festivis
778 1123 786 1152 ;
809 1113 984 1154 quamdiu,
1000 1113 1406 1154 etc.,-—contemplacione
1423 1113 1605 1145 Alexandri
1623 1113 1733 1145 Merle.

428 1174 598 1224 Oratory
613 1186 624 1220 3
653 1172 807 1210 Licence
828 1177 865 1210 to
885 1173 1131 1219 celebrata—-

428 1229 526 1267 Item,
545 1227 635 1268 apud
653 1227 746 1266 Clist,
764 1226 857 1268 xxvij
875 1227 939 1266 die,
956 1227 1123 1258 Dominus
1139 1227 1302 1258 concessit
1327 1227 1516 1259 Licenciam
1540 1226 1686 1259 Domino
1708 1227 1859 1260 Johanni

470 1270 700 1309 Daummaml,
720 1270 830 1308 Militi,
846 1271 938 1312 quod
955 1270 1070 1311 possit,
1088 1273 1166 1308 etc.‚
1184 1271 1218 1302 in
1237 1270 1373 1312 Capella
1389 1281 1448 1302 seu
1473 1271 1628 1303 Oratorio
1644 1281 1715 1310 sun,
1733 1270 1769 1302 in
1785 1281 1857 1312 pre·

471 1314 581 1346 sencia
596 1325 657 1346 sua
672 1318 708 1345 et
724 1314 837 1345 uxoris
853 1325 913 1345 sue
927 1324 934 1353 ;
959 1314 1134 1355 quamdiu,
1152 1317 1214 1346 etc.

427 1374 890 1425 Letters-Dimissory,——

428 1429 451 1461 J
453 1430 519 1461 ⁰11¹]
534 1430 669 1468 ΜΒΒΒΘΓ,
683 1428 822 1467 scholar,
836 1428 855 1444 ‘⁶
868 1428 909 1459 ad
923 1439 1038 1459 omnes
1050 1428 1195 1460 Minores
1208 1431 1242 1459 et
1255 1428 1371 1460 Sacros
1384 1428 1550 1460 Ordines'’
1568 1428 1689 1470 (Clyst,
1702 1429 1744 1460 28
1757 1428 1856 1469 Oct).

319 1486 381 1512 No·
429 1486 750 1535 Drewsteignton
773 1482 1023 1537 [Teyngtone
1044 1484 1170 1531 Drew,
1195 1481 1325 1536 MS.];
1356 1485 1420 1522 Sir
1438 1484 1543 1523 John
1565 1485 1653 1534 (son
1672 1485 1714 1523 of
1730 1484 1856 1537 John)

318 1528 395 1546 VEM-

319 1562 387 1580 usn.
482 1541 531 1578 de
554 1539 799 1590 Hynewylle,
823 1539 864 1576 R.
872 1567 881 1585 ‚
889 1561 939 1566 —

428 1594 568 1627 Licence
587 1594 622 1625 of
645 1593 897 1625 non-residence
912 1592 965 1624 for
979 1603 999 1624 a
1014 1603 1103 1634 year.
1151 1592 1264 1633 (Clyst
1282 1593 1323 1624 14
1340 1592 1450 1633 Now).

428 1648 883 1700 SampfordCourtenay
899 1661 910 1696 3
939 1648 1002 1685 Sir
1022 1647 1197 1685 William
1217 1647 1378 1694 Avenel,
1403 1648 1520 1694 R„—

428 1704 567 1736 Licence.
590 1703 625 1734 of
647 1702 901 1734 non-residence
923 1701 976 1732 for
998 1712 1017 1732 a
1039 1712 1129 1743 year,
1162 1701 1225 1732 “in
1249 1701 1358 1732 forma
1381 1701 1573 1738 communi3
1612 1701 1705 1741 dum,
1729 1707 1854 1741 tamen,

469 1746 611 1788 siugulis
628 1746 798 1777 mensibus
811 1746 912 1777 semel
932 1745 1113 1776 Ecclesiam
1125 1755 1221 1776 suam
1234 1746 1419 1786 predictam
1433 1746 1561 1784 visitet,
1575 1748 1610 1777 et
1621 1746 1766 1787 qualiter
1775 1756 1855 1778 cura

471 1793 685 1822 excerceatur
700 1789 734 1820 in
751 1789 867 1820 eadem
884 1789 1063 1828 diligenter
1086 1789 1301 1830 supervideat
1314 1789 1332 1801 ’'
1350 1789 1471 1831 (Clyst,
1489 1790 1530 1821 20
1546 1789 1579 1821 N
1581 1789 1658 1829 ov.)-

431 1845 597 1884 Withiel
618 1843 875 1898 [Wythyelle,
900 1842 1002 1897 MS.]
1021 1857 1031 1892 3
1061 1844 1237 1882 William
1258 1844 1428 1891 Hendre,
1451 1844 1629 1891 accolite,
1656 1845 1770 1891 R„-

427 1899 886 1984 Lipgptctzleeogattigp-residence
901 1898 954 1929 for
969 1902 1037 1930 two
1053 1908 1159 1940 years,
1176 1901 1212 1930 to
1227 1898 1332 1940 study
1349 1899 1367 1914 “
1382 1898 1510 1930 Oxonie
1523 1899 1571 1930 vel
1591 1898 1824 1940 Cantebriggie
1838 1898 1856 1912 ’¹

426 1998 743 2044 Confessions,—

426 2054 524 2092 Item,
544 2052 670 2083 eisdem
686 2051 741 2082 die
757 2053 793 2082 et
808 2050 889 2090 loco,
907 2050 1074 2082 Dominus
1090 2050 1252 2082 concessit
1268 2050 1378 2082 Fratri
1396 2051 1579 2083 Benedicto
1594 2052 1741 2093 Lugans,
1757 2051 1857 2084 Sacro

470 2096 594 2136 Pagine
622 2094 814 2134 professori,
849 2093 957 2126 Priori
986 2094 1116 2125 Domus
1147 2094 1305 2125 Fratrum
1334 2094 1587 2127 Predicatorum
1611 2096 1654 2126 de
1675 2095 1797 2135 Truru,
1820 2095 1856 2127 in

469 2139 648 2178 Oornubia,
667 2138 855 2170 Licenciam
877 2137 1039 2169 audiendi
1062 2137 1304 2176 Confessiones,
1321 2141 1396 2178 etc„
1419 2138 1520 2180 juxta
1542 2139 1741 2171 facultatem
1756 2138 1855 2171 solite

470 2182 645 2215 Fratribus
661 2181 875 2213 attributam.

427 2243 550 2282 Little
571 2243 810 2292 Torrington
826 2254 837 2289 3
866 2241 929 2279 Sir
948 2240 1055 2279 John
1077 2238 1142 2293 [de
1163 2239 1486 2295 Galmyngtone],
1510 2242 1628 2288 R.,-—

426 2298 565 2330 Liceuce
581 2297 616 2328 of
640 2296 893 2328 non-residence
909 2295 962 2326 for
977 2306 996 2326 a
1010 2306 1098 2337 year,
1116 2295 1136 2310 “
1149 2296 1434 2337 contemplacione
1458 2296 1589 2328 Nobilis
1611 2295 1694 2336 Viri,
1718 2295 1856 2328 Domini

469 2340 635 2373 Johannis
652 2340 693 2371 de
710 2340 960 2381 Wyllyugtone,
978 2339 1107 2377 Militis,
1125 2339 1153 2370 si
1169 2339 1204 2370 in
1227 2340 1396 2381 obsequiis
1419 2340 1488 2371 suis
1510 2340 1732 2372 familiaribus
1745 2342 1783 2372 et
1797 2340 1855 2372 do-

470 2384 617 2416 mesticis
633 2384 768 2415 steterit
785 2394 843 2424 per
859 2382 948 2413 idem
965 2382 1134 2423 tempus”
1159 2383 1263 2422 (same
1279 2383 1380 2423 date).

317 2439 364 2467 s01·
376 2439 417 2466 63·
434 2438 608 2477 Roseash
629 2436 742 2491 [Esse
763 2437 902 2484 Raufe,
925 2434 1056 2489 MS.;]
1085 2436 1238 2475 Walter
1259 2435 1424 2490 [Charly
1427 2435 1474 2490 s],
1496 2438 1555 2485 R.,
1559 2461 1613 2467 -—

428 2492 679 2525 “Consimilem
704 2491 921 2528 Licenciam3
944 2491 1230 2532 contemplacione
1253 2491 1408 2533 ejusdem
1423 2492 1562 2523 Domini
1577 2490 1752 2531 Johannis,
1769 2491 1798 2523 si
1819 2491 1856 2524 in

470 2536 638 2578 obsequiis
654 2535 724 2567 suis
736 2535 851 2566 famili
845 2534 958 2566 tribus
974 2537 1009 2566 et
1025 2534 1217 2567 domesticis
1233 2535 1370 2567 steterit
1386 2545 1445 2576 per
1459 2535 1550 2567 idem
1562 2535 1731 2577 tempus”
1749 2535 1855 2575 (same

471 2581 572 2619 date).

319 2634 378 2660 DE·
429 2634 663 2673 Loddiswell
679 2647 690 2682 ς
719 2633 874 2671 Licence
894 2639 931 2671 to
950 2633 1195 2680 celebrate,—

317 2676 393 2728 ξὲζι
429 2689 581 2730 Septimo
604 2688 658 2719 die
682 2687 804 2719 mensis
828 2687 1031 2726 Decembris,
1055 2687 1145 2728 apud
1170 2687 1264 2726 Clist,
1290 2688 1456 2719 Dominus
1479 2687 1643 2719 concessit
1666 2687 1855 2720 Licenciam

472 2732 617 2764 Domino
632 2731 779 2763 Johanni
794 2730 1053 2769 Hornecastelle,
1068 2730 1200 2762 Rectori
1215 2731 1360 2763 Ecclesie
1374 2731 1573 2763 paroehialis
1584 2731 1626 2762 de
1638 2731 1856 2773 Lodeswylle,

469 2776 561 2817 quod
584 2775 689 2816 possit
713 2785 771 2815 per
787 2784 822 2805 se
845 2777 879 2805 et
903 2774 984 2805 alios
1007 2774 1154 2815 ydoneos
1177 2774 1374 2815 capellanos,
1391 2775 1426 2806 in
1452 2774 1584 2815 Capella
1607 2774 1678 2806 sive
1699 2774 1856 2807 Oratorio

467 2819 556 2850 infra
575 2818 761 2850 Rectoriam
780 2817 926 2849 Ecclesie
941 2827 1000 2848 sue
1017 2817 1167 2858 predicte
1181 2817 1320 2858 situato,
1338 2818 1502 2850 celebrare
1518 2821 1554 2849 et
1568 2817 1676 2850 faeere
1697 2817 1857 2850 celebrari

470 2862 591 2893 Divina
607 2862 641 2893 in
657 2861 827 2903 presencia
844 2871 904 2892 sua
922 2871 930 2900 3
953 2860 1115 2902 quamdiu
1133 2861 1278 2892 Domino
1294 2861 1459 2902 placuerit
1475 2861 1686 2893 duraturam.

424 2917 620 2966 Paignton
637 2928 648 2963 3
676 2915 829 2953 Licence
849 2921 885 2952 to
905 2915 1150 2962 celebrate,—

425 2971 522 3009 Itetn,
539 2969 673 3009 ibidem,
690 2968 818 3000 decimo
834 2968 896 3007 die,
914 2968 1080 3000 Dominus
1095 2968 1258 3000 concessit
1283 2969 1468 3001 Liceuciam
1493 2968 1654 3001 Nicholao
1679 2969 1855 3012 Kyrkham
