1988 3256
315 365 411 409 550
527 377 628 412 THE
663 377 908 413 REGISTER
942 378 1003 413 or
1033 378 1212 413 131sl101>
1246 379 1655 414 BRANTYNGHAM.

316 478 394 541 38¹}-
475 484 617 516 Domini
634 486 841 518 Exoniensis
857 485 1022 528 Episcopi
1037 485 1216 518 Canonica
1230 487 1268 518 et
1289 486 1398 526 licita,
1414 496 1456 519 ac
1478 485 1591 519 eciam
1605 483 1816 518 Jurisdiccio
1829 484 1869 516 et

313 546 382 575 Vol
395 546 421 576 L
475 529 572 561 Juris
599 531 762 562 execucio
787 531 901 563 eidem
927 531 1078 563 Domino
1100 541 1189 571 meo,
1214 531 1404 563 Exoniensi
1427 531 1610 572 Episcopo,
1627 525 1868 571 competentes

475 573 622 606 fuerunt
637 576 673 606 et
684 577 767 606 sunt
776 576 939 616 nequiter
950 575 1130 616 impedite
1178 575 1303 617 Sicque
1315 578 1352 608 et
1363 576 1450 608 alias
1459 576 1611 608 eundem
1620 573 1868 607 Venerabilem

473 619 627 659 Patrem,
655 620 847 651 Dominum
867 631 996 660 meum,
1022 620 1256 653 Exoniensem
1282 621 1505 662 Episcopum,
1531 620 1570 652 in
1590 618 1773 661 premissis
1795 617 1870 650 suis

471 663 620 704 juribus,
648 665 812 696 omnibus
838 667 875 697 et
898 665 1057 706 singulis,
1085 666 1122 696 et
1145 665 1239 697 circa
1261 675 1313 705 ea,
1329 665 1541 704 molestavit,
1558 667 1636 705 etc„
1652 667 1692 696 ut
1707 673 1813 703 swpra
1827 662 1868 694 im

466 707 538 747 ‚fiune
560 709 673 747 quarti
694 709 777 748 folii
799 710 1018 749 precedentis,
1043 719 1149 748 usque
1173 710 1266 742 Acta
1292 712 1376 742 sunt
1402 710 1477 750 hec,
1500 711 1617 751 prout,
1632 711 1720 748 etc.;
1736 709 1869 747 eccepto
1914 725 1917 727 —

472 752 561 791 quod
585 753 646 784 ubi
671 753 710 784 in
738 754 803 784 illa
823 753 1066 793 Appellacione
1081 754 1208 785 ibidem
1223 755 1350 794 scripta
1366 754 1531 786 dicwntwr
1540 754 1642 786 verba
1656 753 1752 785 infra
1767 751 1866 794 quin·

474 807 541 838 que
568 797 652 838 dies,
679 798 837 830 dicentur
860 799 899 830 in
923 799 992 830 ista
1014 798 1258 839 Appellacio‘ne
1281 799 1383 831 verba
1405 798 1501 831 infra
1516 799 1638 831 decem
1653 798 1738 838 dies,
1754 798 1867 830 eto.—

475 841 535 874 See
550 852 639 883 page
655 843 732 875 539.

430 897 547 937 Facta,
572 898 674 938 lecta,
698 900 735 930 et
757 898 969 940 interposita
990 898 1061 930 fuit
1077 899 1318 941 suprascripta
1340 899 1545 941 Appellacio
1567 909 1632 941 per
1654 897 1867 940 Magistrum

474 942 689 974 Willelmum
706 943 863 983 Coltone,
880 944 923 975 de
939 944 1061 983 Ledes,
1086 944 1262 984 clericum,
1287 944 1555 976 Procuratorem
1571 945 1608 976 et
1624 941 1870 976 Procuratorio

475 987 617 1019 nomine
634 988 830 1020 Reverendi
847 988 972 1028 Patris,
989 988 1131 1020 Domini
1155 989 1297 1028 Thome,
1321 990 1388 1021 etc.
1416 987 1476 1030 (de
1499 989 1601 1031 cujus
1623 986 1870 1020 Procurator-io
1980 1008 1988 1031 .‘

475 1032 513 1063 in
536 1032 604 1064 hac
626 1034 737 1073 parte,
763 1033 864 1073 signo
887 1035 924 1065 et
948 1033 1208 1074 subscripcione
1232 1033 1395 1074 Magistri
1418 1033 1597 1065 Edmundi
1613 1031 1869 1071 Malmeshulle,
1982 1031 1988 1079 Ι

475 1076 604 1116 clerici,
620 1077 759 1109 Notarii
782 1077 929 1117 Publici,
953 1077 1226 1110 Herefordensis
1250 1078 1417 1118 Diocesis,
1441 1077 1592 1119 signato,
1616 1077 1802 1110 constabat
1823 1076 1870 1109 ad
1983 1083 1988 1119 ἶ

474 1119 648 1162 plenum),
665 1120 779 1163 xxvth
795 1122 851 1154 die
867 1122 999 1154 mensis
1015 1122 1110 1162 Maii,
1126 1122 1231 1154 Anno
1254 1123 1406 1162 Domini,
1430 1124 1508 1162 etc„
1524 1120 1700 1164 lxxxiiijto,
1717 1121 1868 1153 Indioci·
1981 1123 1988 1163 J

474 1176 541 1198 one
557 1166 718 1207 septima,
736 1167 968 1198 Pontificatus
985 1167 1127 1198 Domini
1143 1167 1280 1199 Urbani
1296 1167 1391 1208 Pape
1409 1166 1505 1199 Sexti
1520 1167 1626 1198 Anno
1649 1166 1809 1208 septimo,
1832 1165 1871 1197 in
1984 1170 1988 1180 ¹

476 1211 644 1251 Hospicio
659 1211 892 1243 habitacionis
915 1211 1137 1243 Venerabilis
1159 1211 1247 1251 Viri,
1272 1212 1435 1252 Magistri
1450 1211 1617 1243 willelmi
1630 1211 1739 1253 Byde,
1757 1210 1868 1243 Cano-

474 1255 544 1286 nici
563 1255 840 1295 Saresbiriensis,
864 1255 960 1287 infra
984 1255 1151 1287 Clausum
1176 1255 1434 1288 Saresbiriense
1457 1256 1599 1289 situato.
1659 1255 1869 1296 Juravitque

473 1299 568 1331 idem
584 1300 796 1332 Procurator
810 1300 856 1332 ad
873 1300 1004 1332 Sancta
1019 1301 1084 1332 Dei
1100 1301 1303 1341 Evangelia,
1326 1311 1391 1341 per
1411 1300 1529 1341 ipsum
1552 1300 1782 1342 corporaliter
1796 1301 1869 1331 tac-

474 1346 521 1383 ta,
538 1346 575 1376 et
590 1345 855 1385 protestabatur
870 1347 975 1386 prout
988 1345 1149 1386 superius
1164 1347 1220 1377 est
1235 1355 1449 1386 expressum.
1496 1345 1725 1377 Presentibus
1740 1344 1868 1376 discre-

473 1389 520 1420 tis
534 1389 630 1429 viris,
647 1389 819 1430 Magistro
833 1390 1008 1421 Willelmo
1023 1389 1132 1429 Piers,
1148 1389 1186 1421 in
1202 1390 1355 1430 Legibus
1371 1389 1575 1429 Bacallario,
1587 1389 1764 1421 Willelmo
1776 1388 1869 1428 Clee,

474 1433 652 1473 scutifero,
669 1434 821 1473 literato,
838 1436 875 1466 et
889 1434 911 1466 J
913 1434 1051 1466 ohanne
1067 1434 1172 1475 Pope,
1189 1434 1326 1474 clerico,
1340 1434 1547 1467 Exoniensis
1563 1435 1600 1466 et
1615 1432 1871 1466 Lincolniensis

473 1478 684 1518 Diocesium,
700 1479 852 1510 testibus
867 1479 913 1510 ad
927 1479 1100 1520 premissa
1113 1479 1249 1511 vocatis
1264 1478 1464 1520 specialiter
1479 1481 1516 1511 et
1530 1478 1676 1520 rogatis.

427 1533 888 1584 Letters-Dimissory,—

316 1585 362 1612 fol.
426 1587 521 1620 John
538 1589 695 1629 Morhay,
712 1588 868 1628 accolito,
884 1588 992 1620 Vicar
1007 1587 1045 1620 of
1060 1588 1226 1620 Padstow
1245 1585 1282 1630 (“
1294 1588 1454 1621 Ecclesia
1474 1587 1691 1620 Parochialis
1706 1587 1750 1620 de
1765 1586 1870 1620 Alde-

317 1620 418 1686 ffssm
475 1635 595 1672 stowe,
627 1633 714 1665 alias
745 1633 841 1665 dicta
867 1632 1123 1675 Padylstowe,''
1153 1630 1256 1675 MS.)‚
1286 1632 1305 1648 “
1319 1633 1365 1666 ad
1388 1643 1512 1666 omnes
1536 1632 1662 1665 Sacros
1689 1631 1839 1665 Ordines
1850 1630 1870 1646 '³

318 1687 378 1718 usq
480 1675 748 1718 (Normantone,
765 1678 786 1708 2
801 1675 924 1719 June).

430 1721 463 1753 N
465 1721 597 1754 icholas
614 1722 817 1763 Tresulgan,
835 1722 1044 1762 subdeacon,
1060 1721 1168 1754 Vicar
1182 1722 1221 1754 of
1238 1721 1288 1754 St.
1303 1722 1391 1754 Kew
1406 1719 1443 1764 (“
1456 1720 1664 1762 Lannowe,”
1678 1718 1783 1763 MS.),
1796 1719 1869 1753 “ad

479 1765 625 1798 Sacrum
642 1767 859 1799 Diaconatus
876 1766 1046 1799 Ordinem
1058 1765 1077 1780 ’'
1095 1764 1208 1808 (same
1224 1764 1336 1808 date).

428 1810 523 1842 John
552 1811 715 1853 Adekyn,
747 1811 905 1852 accolito,
941 1810 1022 1843 “ad
1052 1821 1176 1843 omnes
1216 1810 1342 1844 Sacros
1374 1809 1556 1844 Ordines''
1590 1808 1695 1853 (Now
1733 1809 1870 1850 Sarum,

473 1855 518 1886 20
532 1853 655 1897 June).

379 1948 382 1951 Α
428 1910 489 1948 St.
520 1910 680 1958 Ervan3
714 1910 953 1949 Mandatum
984 1923 1059 1959 pro
1097 1910 1269 1949 Domino
1306 1910 1486 1949 Jolmnne
1523 1909 1673 1957 Marke,
1714 1909 1871 1948 Rectore

466 1964 604 2002 Sancti
622 1965 859 2012 Ermetisffl—

1615 2017 1845 2027 .....

479 2064 665 2104 Cornubia,
678 2066 715 2096 et
730 2064 979 2096 Archidiaconi
995 2064 1108 2096 nostri
1126 2063 1301 2096 Cornubie
1319 2063 1552 2103 Officialibus3
1568 2073 1715 2103 necnon,
1728 2063 1871 2095 Decano

477 2109 521 2140 de
537 2108 663 2150 Pydre,
679 2110 716 2140 et
732 2109 880 2150 singulis
897 2108 1037 2140 Curatis
1046 2108 1205 2150 ejusdem
1215 2109 1427 2148 Decanatus,
1437 2107 1872 2148 salutem,etc.—Pridem,

478 2153 661 2194 siquidem,
678 2153 699 2185 J
701 2153 857 2185 ohannes
874 2152 1006 2192 Marke‚
1024 2153 1154 2185 Rector
1169 2153 1325 2184 Ecclesie
1342 2152 1556 2184 Parochialis
1573 2151 1694 2185 Sancti
1706 2151 1872 2192 Ill-metis,

479 2197 516 2229 in
533 2197 719 2237 Cornubia,
730 2197 768 2229 in
780 2198 957 2229 Beneficio
972 2197 1161 2237 antedicto,
1174 2199 1249 2228 tam
1261 2197 1299 2228 in
1310 2197 1477 2238 petitorio
1489 2207 1594 2238 quam
1609 2196 1648 2228 in
1658 2196 1873 2238 possessorio

478 2244 551 2273 tres
567 2242 767 2274 conformes
783 2241 988 2273 diffinitivas
1005 2241 1220 2281 Sentencias,
1237 2243 1278 2272 ut
1293 2241 1432 2281 dicitur,
1449 2241 1487 2273 in
1503 2242 1662 2273 Romana
1684 2240 1792 2273 Curia
1813 2250 1873 2282 op-

479 2286 588 2318 tinuit
602 2296 666 2327 pro
683 2296 719 2318 se
735 2286 833 2318 ferri.
879 2286 998 2326 Vobis,
1015 2286 1134 2327 igitur,
1151 2286 1387 2318 communiter
1401 2288 1438 2318 et
1453 2286 1605 2325 divisim,
1618 2287 1696 2326 etc„
1713 2285 1873 2317 commit-

479 2331 589 2362 timus
611 2333 648 2363 et
670 2331 880 2362 mandamus
902 2331 1078 2372 quatinus,
1103 2331 1132 2362 si
1156 2332 1210 2362 est
1232 2330 1294 2370 ita,
1317 2332 1436 2362 amoto
1458 2340 1480 2362 a
1503 2330 1680 2362 Beneficio
1694 2329 1876 2362 antedicto

481 2375 638 2416 quolibet
652 2375 776 2407 illicito
800 2375 994 2415 detentore,
1010 2374 1149 2407 fructus
1172 2375 1331 2417 ejusdem
1355 2375 1533 2414 Beneficii,
1549 2385 1591 2406 ac
1606 2374 1718 2406 eciam
1733 2373 1874 2406 Vicarie

483 2419 603 2451 Sancti
620 2420 727 2451 Aluni
746 2418 813 2461 [St.
829 2417 950 2460 Allen]
969 2430 1074 2460 quam
1089 2420 1188 2460 prius
1206 2419 1370 2460 obtinuit,
1387 2429 1623 2461 quoscumque
1646 2418 1714 2451 sibi
1736 2418 1874 2451 debitos

481 2465 596 2496 eidem
613 2465 764 2496 Domino
779 2464 801 2496 J
803 2464 944 2504 ohanni,
960 2464 1016 2495 vel
1032 2464 1256 2496 Procurator-i
1280 2474 1343 2496 suo
1365 2474 1430 2504 pro
1451 2464 1540 2505 ipso,
1563 2462 1798 2495 effectualiter
1818 2472 1872 2495 re-

482 2508 583 2540 stitui
609 2508 761 2548 faciatis,
784 2510 820 2540 et
839 2509 882 2540 de
903 2508 1036 2540 eisdem
1059 2508 1198 2549 integre
1220 2508 1425 2549 responderi
1437 2522 1446 2547 3
1473 2508 1658 2549 ipsumque
1680 2507 1872 2539 Dominum

481 2553 503 2584 J
505 2553 679 2585 ohannem
694 2553 842 2594 pacifica
856 2553 1075 2594 possessione
1091 2552 1229 2594 prefate
1247 2553 1401 2585 Ecclesie
1419 2552 1539 2584 Sancti
1550 2551 1705 2584 Ermetis
1719 2551 1874 2593 gaudere

481 2597 590 2629 libere
606 2598 833 2638 permittatis,
851 2599 897 2637 et,
914 2599 1086 2638 quantum
1109 2597 1146 2628 in
1168 2597 1270 2629 vobis
1292 2599 1357 2636 est,
1381 2597 1426 2628 ab
1448 2597 1528 2629 aliis
1542 2596 1703 2637 permitti
1717 2595 1873 2638 gaudere

481 2641 589 2674 libere
605 2642 756 2674 faciatis.
803 2642 850 2673 Et
873 2641 958 2682 quid
972 2641 1130 2673 feceritis
1145 2641 1183 2673 in
1197 2641 1379 2683 premissis
1394 2651 1468 2681 nos,
1485 2651 1566 2673 cum
1580 2650 1646 2682 pro
1659 2642 1762 2682 parte
1785 2639 1872 2672 dicti

481 2686 623 2717 Domini
638 2687 660 2718 J
662 2686 810 2718 ohannis
825 2685 967 2718 fueritis
982 2695 1135 2727 cong-rue
1151 2686 1322 2727 requisiti,
1339 2685 1543 2718 certificetis
1564 2695 1629 2726 per
1645 2686 1792 2725 vestras,
1808 2693 1873 2717 seu

481 2731 653 2762 certificet
664 2731 723 2762 ille
733 2732 901 2770 vestrum,
913 2733 991 2770 etc„
1003 2740 1068 2771 per
1083 2740 1165 2762 suas
1179 2732 1343 2771 patentes
1354 2730 1500 2769 Literas,
1513 2729 1639 2761 harum
1652 2729 1779 2762 seriem
1791 2738 1871 2768 oon„-

479 2775 644 2815 tinentes,
659 2775 773 2816 sigillo
788 2775 969 2807 autentico
984 2775 1380 2816 consignatas.-Dated
1395 2776 1433 2806 at
1449 2773 1560 2816 Clyst,
1576 2774 1620 2805 30
1634 2773 1737 2806 June.

324 2826 421 2892 ἑξεῖ-Ἰω-
435 2827 690 2867 Confessions
706 2842 718 2877 3
744 2829 812 2868 Ad
827 2828 1079 2867 audiendum
1099 2828 1438 2878 Confhssiones,—

434 2883 538 2924 Item,
554 2884 695 2924 ibidem,
711 2884 826 2925 primo
842 2884 899 2916 die
914 2884 1046 2916 mensis
1061 2884 1157 2923 Julii,
1173 2884 1345 2916 Dominus
1361 2882 1538 2915 commisit
1559 2884 1775 2924 potestatem
1797 2881 1871 2915 Ma-

482 2928 593 2968 gistro
620 2929 796 2960 Willelmo
823 2929 930 2968 Noee,
959 2929 1134 2969 Perpetuo
1158 2928 1300 2960 Vicario
1328 2928 1482 2960 Ecclesie
1514 2927 1728 2960 Parochialis
1752 2925 1872 2958 Sancti

482 2973 597 3013 Probi,
614 2974 651 3004 in
669 2973 855 3013 Cornubia,
872 2974 918 3005 ad
932 2973 1147 3005 audiendum
1164 2972 1201 3004 in
1216 2972 1295 3005 foro
1310 2973 1428 3005 animo
1444 2971 1692 3005 Confessiones
1713 2971 1871 3003 omnium
