1988 3256
122 460 201 489 Aa).

125 496 202 522 1380.

124 529 190 556 Vol.
207 529 233 556 1.

390 347 394 351 ’
430 360 724 396 REGISTRUM
761 361 1229 396 coMthn—ANNO
1269 351 1362 398 11⁰.
1574 356 1668 400 435

280 465 427 498 Ecclesia
450 466 650 499 Parochialis
667 468 709 500 de
724 468 947 508 Lawhittoroe,
970 467 1092 500 babuit
1107 468 1295 500 Licenciam
1319 468 1516 501 dimittendi
1539 470 1672 503 fructus

279 510 427 542 Ecclesie
442 521 502 542 sue
519 512 669 553 predicte
684 513 726 544 ad
745 513 874 544 firmam
889 522 948 553 per
963 512 1149 552 biennium,
1166 522 1243 544 cum
1260 512 1418 545 clausulis
1434 515 1612 548 consuetis.

124 573 184 605 “⁰¹-
234 575 531 627 Impoverished
552 577 774 625 Benefices;
800 578 1128 624 Certificatorium
1141 578 1184 616 in
1202 578 1405 617 Scaccario
1426 580 1543 630 Reqis
1561 594 1675 630 super

125 608 167 634 86.
172 609 181 639 1

287 631 462 670 exilitate
481 639 666 670 certorum
697 632 988 682 Beneficiorum,
1004 646 1081 682 pro
1100 633 1365 671 exoneracione
1388 634 1674 682 collectoris,—

232 685 390 724 Thomas,
426 689 502 723 etc„
532 687 753 718 Thesaurario
783 690 819 718 et
850 685 1038 718 Baronibus
1068 687 1229 719 Seaccarii
1259 688 1398 719 Domini
1428 689 1535 720 nostri
1561 690 1670 731 Regis,

274 729 430 769 salutem,
461 730 759 762 etc.—Prndencie
789 733 900 762 vestre
931 733 1047 762 tenore
1086 731 1302 763 Presencium
1340 731 1538 764 intimamus
1579 735 1672 775 quod

275 773 411 814 Capella
437 774 479 805 de
506 774 593 806 Clist
615 774 810 816 Sechevylle
837 774 872 805 in
900 774 1073 806 Decanatu
1097 775 1139 805 de
1162 774 1374 815 Aillesbeare,
1397 786 1435 807 ac
1457 776 1604 809 Ecclesie
1628 778 1672 810 de

276 817 431 848 Affetone
463 821 499 849 et
529 818 743 850 Crewcombe
766 818 800 849 in
825 818 1000 849 Decanatu
1031 818 1074 849 de
1104 818 1264 858 Moltone,
1295 829 1424 851 necnon
1453 820 1602 852 Ecclesia
1627 822 1670 853 de

276 861 483 892 Trendelsho
499 862 534 893 in
551 862 726 893 Decanatu
743 862 784 893 rie
801 861 1007 903 Schirwylle,
1023 862 1106 893 adeo
1121 865 1204 894 sunt
1220 865 1340 894 tenues
1355 865 1389 894 et
1405 863 1507 895 exiles
1519 865 1609 906 quod
1627 866 1669 897 ad

277 906 549 946 supportandum
565 916 665 937 onera
681 905 806 936 eisdem
822 905 1056 937 incumbencia
1079 905 1227 947 ipsarum
1251 906 1383 948 proprie
1405 917 1472 938 non
1497 908 1670 941 sufficiunt

276 949 466 980 facultates.
514 949 629 988 Vobis,
645 949 792 989 insuper,
817 949 1015 980 intimamus
1036 949 1126 990 quod
1150 959 1218 981 non
1242 949 1387 982 habetur
1408 951 1444 982 in
1467 954 1539 983 tota
1555 956 1670 984 nostra

277 992 410 1023 Diocesi
440 993 571 1024 Vicaria
601 993 643 1024 de
674 993 936 1024 Southmoltone
968 1003 1029 1024 nec
1059 993 1192 1024 vicaria
1216 993 1333 1025 Sancti
1355 994 1535 1034 Paneracii,
1559 1006 1670 1037 neque

276 1036 418 1067 fuerunt
433 1036 518 1068 tales
534 1036 663 1068 Vicarie
678 1036 803 1068 ibidem
820 1047 839 1067 a
854 1039 1006 1077 tempore
1021 1036 1119 1078 cujus
1135 1037 1293 1068 contrarii
1316 1038 1476 1070 memoria
1491 1038 1670 1072 hominum

277 1090 344 1111 non
361 1079 501 1112 existit.¹
548 1080 714 1118 Vestram,
730 1080 844 1120 igitur,
862 1080 1082 1111 Prudeuciam
1099 1090 1255 1120 rogamus
1271 1081 1433 1122 quatinus
1450 1082 1670 1115 Collectorem

277 1123 428 1155 Subsidii
443 1123 478 1155 in
495 1124 654 1155 Partibus
671 1123 820 1155 Devonie
835 1134 893 1163 per
906 1123 1044 1155 clerum
1056 1124 1201 1155 Domino
1211 1128 1327 1156 nostro
1341 1125 1422 1164 Regi
1435 1127 1589 1165 concessi,
1602 1137 1670 1168 quo

278 1168 320 1198 ad
337 1178 487 1199 summas
502 1167 610 1199 dictas
635 1167 816 1208 Capellam,
841 1167 1013 1206 Ecclesias,
1030 1171 1066 1199 et
1080 1167 1230 1199 Vicarias
1251 1168 1496 1210 contingentes,
1520 1171 1671 1203 totaliter

276 1221 456 1243 exonerare
471 1211 754 1254 velitis—Dated
772 1211 922 1251 London,
941 1212 981 1243 18
999 1211 1152 1244 October.

122 1268 183 1300 [s⁰¹·
232 1271 450 1323 Ottery-St.
474 1271 620 1322 Mary;
653 1271 892 1309 Mandatum
923 1270 1132 1310 Canom'cis
1150 1272 1195 1310 de
1217 1271 1335 1322 Otery
1363 1280 1406 1311 ut
1435 1274 1672 1324 reinteqrcmt

122 1304 180 1334 86.]

286 1326 372 1376 (sic)
393 1327 592 1376 quandam
604 1326 848 1375 particulam
864 1326 1039 1376 yardini,
1061 1326 1254 1377 assiqnati
1272 1328 1327 1365 ad
1343 1341 1453 1366 usum
1480 1329 1672 1380 Magistri

285 1382 487 1419 Scolarwm
505 1381 715 1426 ibidem‚-
1649 1397 1657 1405 ·

233 1438 333 1476 Item,
349 1435 476 1467 eisdem
493 1435 557 1474 die,
574 1435 655 1474 loeo,
672 1437 707 1466 et
722 1445 820 1472 ann0,
837 1434 927 1466 faeta
942 1434 1012 1466 fuit
1036 1434 1236 1466 Commissio
1260 1436 1450 1468 Presidenti
1473 1437 1671 1470 Consistorii

120 1881 163 1906 85.

278 1479 478 1512 Exoniensis
508 1482 544 1510 et
576 1478 716 1510 Officiali
740 1478 974 1509 Archidiuconi
997 1478 1136 1518 Exonie,
1161 1479 1215 1511 vel
1246 1479 1320 1521 ejus
1346 1480 1600 1521 locumtenenti,
1628 1483 1671 1514 ad

276 1523 485 1556 monendum
516 1525 551 1554 et
582 1522 760 1553 efficaciter
793 1522 1024 1553 inducendum
1049 1522 1234 1554 Custodem
1257 1526 1293 1554 et
1316 1523 1501 1556 Canonicos
1524 1526 1670 1558 Ecclesia

278 1566 460 1607 Collegiate.
488 1566 530 1597 de
561 1566 680 1607 Otery,
716 1569 756 1597 ut
785 1570 943 1596 revocent
969 1568 1004 1597 et
1030 1566 1239 1607 reintegrent
1269 1567 1440 1608 quandam
1471 1569 1671 1610 particulam

277 1610 409 1652 gardini
435 1610 477 1641 ad
508 1619 609 1640 usum
637 1609 790 1648 Magistri
813 1609 984 1640 Scolarum
1013 1610 1281 1650 gramaticalium
1304 1610 1430 1643 ibidem
1454 1622 1513 1653 per
1536 1613 1669 1645 Fundu-

277 1659 385 1686 torem
402 1653 507 1694 ipsius
525 1652 663 1693 Collegii
680 1652 840 1693 assignati
857 1664 865 1692 ;
889 1662 990 1694 quam
1008 1653 1207 1693 particulam
1224 1654 1307 1685 dicti
1324 1655 1446 1686 Custos
1461 1658 1497 1687 et
1513 1657 1672 1689 Cunonici

277 1699 410 1730 cuidam
428 1697 512 1728 laico
528 1697 570 1727 ad
586 1696 717 1727 firmam
734 1696 799 1727 sub
815 1707 917 1727 censu
941 1706 1054 1727 annuo
1070 1697 1274 1729 dimiserunt
1291 1708 1299 1736 ;
1321 1701 1358 1729 et
1379 1699 1565 1731 certificent
1587 1701 1671 1733 citra

278 1743 418 1774 Festum
435 1740 567 1772 Natalis
583 1739 730 1771 Domini.
777 1739 836 1779 [In
853 1739 904 1772 the
919 1740 1128 1780 marqm,—“
1139 1750 1178 1771 ac
1193 1741 1235 1772 (le
1250 1741 1321 1781 xla,
1338 1752 1398 1783 pro
1414 1753 1452 1774 eo
1468 1744 1559 1785 quod
1576 1744 1672 1776 Scole

274 1788 438 1818 vacarunt
455 1795 513 1826 per
528 1794 656 1815 annum
672 1786 707 1815 et
724 1783 842 1823 ultra]

122 1845 169 1872 ‘⁰¹·
234 1846 503 1885 Convocat-,ion
523 1849 567 1882 at
587 1844 884 1895 Northampton
902 1857 913 1893 3
941 1843 1066 1893 Super
1088 1844 1366 1884 Convocat-ione
1396 1846 1504 1886 Cleri
1521 1855 1555 1887 et
1576 1848 1672 1887 Con·

286 1901 372 1939 cilii
390 1900 437 1939 N
433 1899 783 1947 orthamptom'e‚—

232 1954 432 1994 Venerabili,
449 1957 524 1992 etc.,
541 1953 678 1992 Thome,
692 1956 765 1992 etc„
778 1952 967 1984 Willelmus
980 1951 1036 1994 [de
1048 1952 1268 1996 Com-tenayJ,
1280 1955 1521 1988 Londoniensis
1535 1957 1668 1998 Episco-

122 2349 170 2376 sol.
181 2349 243 2376 85b.

276 2010 349 2041 pus,
381 1999 536 2036 salutem,
567 1996 818 2035 etc.-Literas,
844 2000 919 2036 ete„
948 1997 1094 2028 Simonis
1120 1998 1176 2038 [de
1203 1998 1389 2040 Sudbury],
1418 2000 1670 2033 cantuariensis

276 2041 536 2083 Archiepiscopi,
554 2044 628 2079 etc.,
644 2050 753 2081 nuper
775 2042 972 2081 recepimus,
989 2041 1023 2071 in
1041 2040 1102 2072 hec
1125 2041 1408 2083 ver-ba‚——Simon,
1433 2045 1669 2086 ete—Ingens

275 2091 311 2118 et
326 2085 574 2118 indissimulata
589 2085 802 2125 negociorum
825 2084 1011 2116 auctoritas
1026 2085 1220 2124 arduorum,
1237 2086 1362 2117 nedum
1387 2088 1568 2128 Anglicane
1591 2099 1666 2120 con-

276 2129 487 2161 cernencium
510 2128 695 2159 utilitatem
721 2127 866 2159 Ecclesia
889 2128 1020 2167 Sancte,
1046 2126 1128 2169 [set]
1151 2129 1254 2160 eciam
1278 2130 1416 2162 Domini
1438 2133 1544 2163 nostri
1568 2133 1667 2174 Regis

277 2174 398 2210 Anglie
425 2176 460 2203 et
488 2172 594 2212 Regni
621 2175 761 2210 statum,
786 2174 821 2202 et
847 2171 1132 2212 tranquillitatem
1159 2172 1313 2213 ejusdem
1342 2174 1447 2215 Regni
1474 2186 1512 2207 ac
1538 2175 1665 2208 bonum

276 2211 461 2259 publicum,
474 2218 516 2247 ut
527 2225 710 2256 speramus,
724 2215 960 2256 multipliciter
975 2225 1036 2246 nos
1052 2219 1160 2257 urget,
1171 2216 1249 2247 licet
1261 2227 1338 2248 eum
1353 2218 1500 2257 fastidio,
1516 2219 1666 2252 Prelatos

275 2265 311 2292 et
338 2260 474 2292 Clernm
502 2262 615 2290 nostre
647 2258 898 2290 cantuariensis
921 2259 1095 2290 Provincia
1127 2270 1306 2291 convocare
1319 2272 1329 2299 ς
1353 2265 1388 2292 et
1410 2262 1452 2293 ad
1476 2262 1539 2294 hoo
1559 2264 1664 2295 eciam

274 2304 465 2336 faciendum
483 2303 588 2334 Breve
604 2302 745 2343 Regium
763 2302 959 2343 recepimus,
975 2302 1008 2333 in
1027 2302 1087 2334 hec
1101 2303 1428 2345 verba‚—Ricardus,
1441 2307 1663 2346 etc.—Quali-

274 2352 328 2380 ter
343 2347 469 2379 inimici
485 2346 592 2378 nostri
607 2348 643 2377 et
657 2346 712 2376 ulii
728 2345 792 2376 sibi
813 2345 1021 2385 adherentes,
1038 2346 1127 2378 inter
1141 2357 1177 2378 se
1193 2347 1319 2388 alligati
1335 2351 1370 2380 et
1387 2350 1536 2391 undique
1558 2351 1662 2382 hosti-

274 2392 352 2423 liter
367 2389 567 2431 congregati,
585 2389 739 2430 Regnum
762 2392 916 2420 nostrum
940 2389 1060 2429 Anglie
1083 2400 1142 2430 per
1165 2393 1287 2422 terram
1305 2394 1340 2423 et
1355 2402 1414 2433 per
1437 2403 1528 2424 mare
1550 2395 1663 2435 sepius

275 2436 481 2473 invaserunt,
515 2432 602 2464 mala
632 2432 882 2474 quamplurima
908 2435 944 2465 et
970 2433 1206 2465 intollerabilia
1232 2434 1328 2466 nobis
1355 2439 1390 2467 et
1416 2435 1510 2477 ligeis
1539 2439 1663 2469 nostris

274 2478 460 2517 inferendo,
487 2480 524 2508 et
548 2486 616 2507 non
643 2476 752 2507 solum
780 2476 822 2507 de
848 2476 911 2507 hoc
937 2477 1088 2508 contenti
1111 2477 1241 2509 dictum
1268 2478 1422 2520 Regnum
1450 2484 1604 2512 nostrum
1629 2485 1664 2514 et

275 2522 458 2554 Ecclesiam
474 2520 642 2558 Sanctam,
660 2529 787 2560 nosque
804 2522 839 2550 et
854 2522 962 2551 totam
979 2520 1144 2561 Linguam
1168 2521 1386 2562 Anglicanam
1410 2523 1605 2556 subvertere
1627 2529 1663 2558 et

274 2566 457 2604 destruere,
474 2564 516 2595 de
538 2563 593 2594 die
615 2563 650 2594 in
673 2563 774 2602 diem,
798 2563 880 2594 totis
903 2563 1032 2595 viribus
1047 2574 1082 2595 se
1097 2568 1272 2604 conantur,
1296 2566 1361 2597 nisi
1383 2577 1499 2599 eorum
1523 2568 1662 2609 malicie,

273 2608 458 2650 adjuvante
481 2607 563 2644 Deo,
586 2606 710 2638 forcius
733 2606 921 2646 resistatur,
940 2616 998 2638 vos
1021 2617 1088 2639 non
1111 2608 1278 2640 credimus
1294 2609 1458 2650 ignorare.
1507 2611 1604 2644 Unde
1626 2613 1661 2645 in

275 2652 495 2684 salvacionem
511 2653 622 2682 status
638 2650 785 2681 Ecclesie
801 2650 932 2690 Sancte,
944 2653 979 2682 et
996 2651 1101 2692 Regni
1117 2662 1154 2683 ac
1170 2652 1290 2693 Populi
1306 2657 1498 2686 nostrorum
1514 2665 1661 2687 necessa-

273 2697 357 2728 riam
375 2695 614 2732 defensionem,
630 2697 788 2734 sumptus
803 2704 841 2725 ac
856 2704 974 2725 census
990 2698 1025 2726 et
1045 2705 1206 2735 expensas
1225 2697 1466 2729 inestimabiles
1488 2698 1662 2731 effundere

273 2750 334 2772 nos
349 2741 491 2780 oportet.
536 2737 674 2776 Verum,
697 2737 777 2778 qnia
793 2737 834 2768 ad
850 2737 999 2778 ipsorum
1022 2748 1162 2770 onerum
1179 2741 1215 2770 et
1229 2743 1429 2780 sumptuum
1452 2743 1660 2783 supportaci-

272 2793 371 2814 onem
402 2782 528 2822 absque
549 2781 723 2822 juvamine
745 2780 895 2812 fidelium
918 2784 1111 2813 nostrorum
1135 2792 1202 2813 non
1225 2783 1422 2823 sufficimus,
1446 2785 1535 2817 sicut
1557 2786 1661 2827 scitis,
1690 2824 1694 2827 =

119 2879 131 2899 ¹
155 2879 246 2912 Both
269 2878 438 2910 Benefices
460 2887 547 2910 were
570 2875 652 2908 then
677 2876 856 2916 Rectories,
969 2878 1045 2908 ders
1055 2877 1248 2920 frequently
1264 2879 1374 2919 made,
1392 2880 1426 2912 in
1443 2880 1502 2913 the
1517 2882 1660 2925 descrip-

163 2923 228 2955 and

255 2923 305 2955 St.
334 2923 476 2954 Pancras
502 2922 531 2953 is
556 2919 626 2952 still
656 2930 676 2951 a
702 2920 855 2961 Rectory.
969 2921 1042 2952 tion
1053 2921 1088 2952 of
1098 2922 1326 2964 Benefices,by
1336 2923 1432 2956 those
1442 2924 1517 2957 who
1526 2926 1661 2960 drafted

163 2966 235 2999 The
250 2965 376 3007 Bishop
391 2966 419 2998 is
435 2965 599 3005 referring
613 2966 650 2996 to
677 2963 736 2995 the
759 2963 856 2995 blun·
969 2964 1075 3006 Royal
1092 2964 1204 2998 Writs.

254 3015 283 3059 2
310 3009 359 3057 E²
