1988 3256
350 321 446 364 482
578 332 680 366 THE
703 332 948 366 REGISTER
972 332 1037 366 os
1059 331 1240 365 BISHOP
1264 331 1670 366 BRANTYNGHAM.
1722 357 1727 361 .

349 435 424 462 AJ).
506 439 643 469 trorum
656 438 805 470 Suorum
821 438 980 478 personis
996 438 1132 469 solebat
1145 437 1365 469 oblacionum
1376 438 1544 470 libamine
1555 434 1774 479 populariter
1789 438 1896 470 hono-

351 471 423 529 {5⁹:51²
437 503 458 530 Ι.
506 483 588 522 rari,
613 483 830 514 oblacionem
854 483 973 523 populi
997 492 1038 514 ac-
1062 482 1287 513 devocicnem
1312 483 1357 514 ad
1380 483 1485 514 unius
1509 483 1643 514 denarii
1671 483 1727 514 vel
1750 483 1898 514 alterius

507 528 642 558 modice
670 528 881 568 quantitatis
905 528 1062 558 valorem
1087 527 1302 566 restringere
1328 530 1411 558 sunt
1436 527 1564 566 conati,
1585 537 1649 567 per
1672 537 1820 568 quorum
1838 537 1896 559 ne-

507 572 669 612 phandas
684 572 971 612 ymaginaciones
988 571 1153 602 Ecclesiis
1169 571 1224 602 vel
1241 572 1398 612 ipsarum
1422 572 1631 603 Rector'ibus
1646 574 1709 603 aut
1726 571 1898 603 Ministris

509 617 694 657 quicquam
712 616 856 656 dampni
871 615 1026 647 infertur
1042 616 1097 646 vel
1121 616 1344 647 subtrahitur
1367 616 1509 647 honoris
1533 618 1595 647 aut
1619 615 1793 647 commodi
1817 626 1896 648 con-

509 661 610 699 sueti,
629 661 773 702 Majoris
790 660 1174 691 Excommunicacionis
1191 660 1379 692 Sentencia
1394 661 1468 692 lata
1490 661 1528 691 in
1550 661 1702 701 quadam
1720 660 1898 692 Constitu-

509 705 608 735 cione
625 705 834 736 Provinciali
852 705 1033 736 Provincie
1058 705 1268 745 supradicte,
1285 715 1352 745 que
1375 701 1499 745 incipit
1521 705 1616 744 Item,
1633 705 1773 743 quidam
1795 705 1898 736 male·

510 749 673 780 diceiom's
691 749 773 788 filii,
794 759 858 789 per
878 749 967 780 bone
989 749 1157 780 memorie
1182 749 1371 779 Dominum
1394 749 1572 780 Simonem
1597 747 1660 790 [de
1682 747 1899 790 Mepeham],

509 804 622 834 nuper
639 794 930 824 Cantuariensem
943 793 1264 834 Archiepiscopum,
1277 794 1346 824 rite
1361 796 1398 824 et
1414 793 1588 825 Canonice
1598 794 1695 825 edita
1710 796 1746 825 et
1761 793 1900 834 publice

509 838 744 878 promulgata,
767 838 844 879 ipso
867 838 963 869 facto
987 840 1070 869 sunt
1094 838 1367 878 dampnabiliter
1388 838 1559 876 involuti;
1589 838 1742 879 quidam,
1766 840 1898 878 tamen,

510 883 707 923 iniquitatis
723 883 796 921 filii,
813 893 960 923 quorum
977 882 1120 913 nomina
1143 885 1180 913 et
1202 892 1351 922 persone
1374 882 1509 922 pariter
1530 883 1750 922 ignorantur,
1767 882 1900 914 Diebus

511 927 703 958 Dominicis
726 929 763 958 et
788 927 948 966 Festivis,
965 937 1006 958 ac
1029 927 1117 966 aliis,
1134 937 1254 958 mense
1277 927 1429 966 Augusti
1453 927 1518 958 sub
1533 927 1637 958 Anno
1661 927 1802 958 Domini
1823 927 1898 968 jam

509 971 666 1002 instante
691 971 987 1011 contingentibus,
1004 971 1229 1002 devocionem
1245 971 1364 1011 populi
1381 981 1422 1002 ac
1443 972 1660 1002 oblaeionem
1683 971 1721 1002 in
1743 971 1900 1012 exequiis

510 1018 730 1046 mortuorum
746 1016 783 1046 in
799 1015 940 1056 prefata
957 1016 1113 1046 Ecclesia
1128 1015 1325 1046 Parochiali
1342 1016 1384 1047 de
1409 1015 1608 1056 Tavystoke
1624 1016 1756 1047 Diebus
1778 1015 1899 1057 hujus-

511 1060 605 1090 modi
623 1060 818 1099 celebratis,
834 1060 936 1101 juxta
952 1070 1086 1091 morem
1103 1060 1288 1100 antiquum
1311 1060 1438 1091 offerre
1455 1060 1616 1099 volentis,
1633 1060 1678 1091 ad
1694 1059 1898 1102 hujusmodi

510 1105 684 1135 modicam
700 1105 937 1145 quantitatem
951 1105 1148 1144 predictam
1163 1104 1377 1145 restringere
1393 1105 1555 1145 nequiter
1570 1105 1766 1144 molientes,
1778 1114 1898 1146 quam-

509 1148 628 1189 plures
656 1149 788 1180 Christi
814 1149 935 1180 fideles
959 1149 996 1179 in
1021 1149 1223 1190 hujusmodi
1253 1149 1408 1189 exequiis
1434 1159 1498 1189 pro
1521 1151 1608 1180 tunc
1633 1149 1836 1188 existentes,
1861 1151 1898 1180 et

509 1194 640 1224 ibidem
655 1193 758 1234 juxta
773 1203 907 1224 morem
924 1193 1050 1224 offerre
1066 1193 1234 1232 volentes,
1251 1193 1437 1233 quominus
1460 1193 1586 1224 offerre
1601 1193 1768 1225 valebant
1789 1193 1899 1234 impe-

510 1238 584 1269 dire
601 1240 735 1269 temere
758 1240 1059 1278 presumpserunt,
1077 1239 1114 1268 et
1136 1237 1222 1278 ipsis
1245 1238 1295 1268 sic
1310 1237 1436 1268 offerre
1455 1237 1655 1269 volentibus
1670 1247 1714 1269 ne
1730 1238 1900 1269 offerrent

509 1282 627 1323 palam
650 1284 686 1313 et
709 1282 847 1322 publice
870 1284 1081 1320 vetuerunt3
1105 1292 1168 1322 per
1190 1292 1349 1322 quorum,
1373 1281 1525 1322 quidem,
1548 1282 1818 1313 malefactorum
1840 1292 1900 1313 ne-

509 1327 670 1366 phandas
685 1326 983 1367 ymaginaciones,
999 1326 1266 1367 prohibiciones,
1283 1328 1320 1357 et
1335 1326 1596 1366 instigaciones,
1613 1326 1727 1358 eidem
1745 1326 1900 1358 Ecclesia

511 1371 708 1402 Parochiali
731 1371 774 1402 de
791 1371 1000 1412 Tavystoke‚
1017 1371 1188 1411 dictisque
1211 1370 1395 1410 Religiosis
1410 1370 1506 1402 Viris
1528 1370 1638 1411 ipsius
1662 1370 1817 1402 Ecclesie
1839 1380 1900 1402 no—

510 1416 615 1454 mine,
643 1425 750 1455 grave
776 1415 969 1455 dampnum
996 1418 1051 1446 est
1075 1415 1213 1446 illatum
1237 1417 1274 1446 et
1296 1415 1487 1455 plurimum
1512 1415 1734 1446 subtrahitur
1756 1415 1900 1446 honoris
1938 1419 1942 1423 ”

511 1470 552 1491 ac
567 1460 752 1499 commodi,
762 1460 906 1500 ipsaque
924 1460 1081 1491 Ecclesia
1092 1459 1246 1499 dampna
1262 1459 1425 1499 graviora
1439 1469 1587 1500 passura
1597 1462 1652 1491 est
1662 1459 1901 1491 verisimiliter

510 1504 546 1535 in
563 1504 735 1543 futurum,
751 1504 819 1535 nisi
837 1504 903 1535 sibi
919 1504 1150 1535 subtrahatur
1165 1504 1208 1534 de
1224 1503 1380 1535 remedio
1395 1506 1579 1544 oportuno.
1626 1504 1729 1535 Unde
1750 1514 1821 1535 non
1844 1505 1900 1535 est

511 1549 656 1579 dubium
683 1548 886 1590 hujusmodi
910 1548 1168 1587 malefactores,
1196 1558 1318 1579 omnes
1345 1550 1381 1579 et
1408 1548 1574 1588 singulos,
1599 1546 1731 1580 dictam
1755 1545 1901 1590 Maioris

512 1593 896 1624 Excommunicacionis
910 1593 1144 1631 Sentenciam,
1157 1593 1338 1624 occasione
1353 1593 1615 1633 premissorum,
1629 1593 1903 1633 dampnabiliter

511 1638 720 1675 incurrisse;
751 1647 820 1678 qua
850 1639 1037 1668 remanent
1067 1637 1238 1668 hactenus
1269 1637 1440 1676 innodati,
1471 1637 1508 1667 in
1533 1637 1731 1668 animarum
1757 1644 1900 1668 suarum

512 1682 646 1722 grande
669 1682 875 1722 periculum,
899 1682 1117 1722 aliorumque
1140 1681 1401 1722 quamplurium
1424 1681 1659 1722 perniciosum
1690 1681 1901 1722 exemplum,

511 1727 755 1767 dictorumque
780 1726 1035 1766 Religiosorum
1054 1726 1220 1757 Virorum
1244 1728 1280 1756 et
1305 1726 1458 1757 Ecclesie
1483 1735 1544 1757 sue
1567 1726 1724 1766 predicte
1747 1725 1900 1767 prejudi-

513 1771 606 1802 cium
637 1773 673 1802 et
706 1781 910 1811 gravamen.
958 1770 1128 1809 Quocirca
1157 1770 1266 1809 vobis,
1292 1770 1527 1801 communiter
1559 1773 1595 1801 et
1625 1770 1775 1810 divisim,
1808 1780 1901 1801 com-

512 1815 698 1854 mittimus,
722 1817 800 1854 etc.‚
824 1815 990 1855 quatinus
1020 1815 1222 1855 hujusmodi
1246 1814 1504 1853 malefactores,
1529 1824 1651 1846 omnes
1674 1817 1710 1846 et
1734 1815 1901 1855 singulos,

512 1860 550 1890 in
572 1859 714 1899 prefata
745 1859 902 1890 Ecclesia
933 1859 1131 1890 Parochiali
1163 1859 1206 1890 de
1237 1859 1447 1900 Tavystoke,
1479 1859 1610 1890 Diebus
1642 1859 1836 1891 Dominicis
1865 1861 1902 1890 et

514 1904 674 1943 Festivis,
707 1903 803 1935 intra
840 1904 1030 1934 Missarum
1069 1903 1272 1943 solempnia,
1306 1913 1386 1934 cum
1425 1902 1539 1944 major
1578 1903 1670 1934 Cleri
1707 1906 1744 1934 et
1781 1902 1902 1944 populi

483 1987 486 1990 Δ
513 1948 628 1979 aderit
653 1948 855 1987 multitudo,
879 1948 1028 1988 pulsatis
1052 1947 1243 1988 campanis,
1267 1947 1423 1978 candelis
1446 1947 1602 1979 accensis
1629 1957 1670 1979 ac
1700 1947 1738 1978 in
1768 1950 1900 1979 terram

512 1992 680 2033 projectis
707 1995 743 2023 et
771 1992 947 2031 extinctis,
976 1991 1087 2023 Cruce
1112 1992 1149 2022 in
1179 1991 1343 2023 manibus
1373 1994 1500 2031 erecta,
1524 1991 1663 2032 publice
1693 1995 1730 2023 et
1753 1992 1900 2032 solemp-
1950 2022 1953 2026 ,

514 2037 608 2068 niter
638 2037 675 2067 in
706 2046 835 2076 genere
870 2036 1055 2075 nuncietis,
1087 2039 1124 2067 et
1159 2035 1301 2067 faciatis
1331 2046 1394 2076 per
1426 2036 1513 2067 alios
1542 2036 1647 2067 modo
1677 2035 1782 2067 simili
1804 2034 1900 2068 *nnn-

514 2081 618 2119 ciari3
641 2081 860 2121 inquirentes
876 2080 919 2111 de
942 2080 1143 2111 nominibus
1161 2083 1198 2111 et
1221 2080 1487 2120 cognominibus
1510 2080 1712 2121 hujusmodi
1735 2080 1901 2112 malefac-

514 2127 642 2156 torum.
690 2125 735 2155 Et
757 2134 843 2165 quos
861 2134 925 2165 per
948 2124 1220 2165 Inquisicionem
1244 2124 1445 2165 hujusmodi
1466 2124 1657 2164 culpabiles
1673 2134 1735 2156 seu
1750 2125 1788 2156 in
1803 2124 1902 2156 fama

514 2179 692 2209 respersos
716 2169 918 2210 repereritis
942 2169 979 2199 in
1001 2169 1068 2200 hac
1089 2171 1201 2209 parte,
1230 2169 1347 2199 citetis
1376 2169 1517 2200 eosdem
1547 2169 1784 2209 peremptorie
1808 2169 1902 2210 quod

514 2215 742 2254 compareant
765 2223 883 2244 coram
904 2212 1051 2244 Officiali
1071 2216 1193 2244 nostro
1216 2213 1415 2253 Principali,
1433 2223 1494 2244 seu
1515 2213 1584 2244 alio
1601 2213 1807 2244 Consistorii
1823 2223 1901 2245 nos-

515 2258 562 2289 tri
585 2258 791 2289 Exoniensis
811 2257 1017 2288 Presidente
1040 2267 1268 2298 quocumque,
1292 2257 1329 2287 in
1355 2257 1519 2288 Ecclesia:
1533 2257 1736 2289 Cathedrali
1758 2257 1901 2297 Exonie,

515 2302 571 2334 die
603 2302 727 2333 Martis
756 2302 915 2342 proximo
945 2304 1026 2342 post
1057 2302 1201 2333 Festum
1233 2301 1353 2332 Sancti
1379 2302 1523 2340 Mat-hei,
1548 2302 1719 2342 Apostoli,
1742 2302 1902 2342 proximo

515 2346 687 2386 futurum,
713 2356 818 2386 super
841 2346 1022 2386 premissis
1047 2348 1083 2377 et
1109 2356 1152 2377 ea
1176 2346 1462 2385 contingentibus
1486 2356 1529 2377 ex
1554 2345 1674 2377 Officio
1700 2349 1832 2387 nostrp,
1856 2346 1903 2377 ad

514 2391 774 2431 promocionem
798 2390 990 2422 eorundem
1014 2390 1268 2430 Religiosorum
1292 2390 1458 2422 Virorum
1482 2391 1510 2421 si
1534 2390 1697 2431 prosequi
1714 2390 1902 2430 voluerint,

515 2436 669 2476 alioquin
685 2445 727 2466 ex
744 2435 865 2466 Officio
880 2437 1002 2466 nostro
1018 2445 1124 2474 mero,
1142 2435 1274 2466 eisdem
1291 2437 1376 2465 tunc
1391 2434 1436 2465 ad
1452 2435 1651 2465 animarum
1667 2444 1811 2466 suarum
1827 2444 1901 2466 cor-

514 2480 710 2511 reccionem
738 2479 928 2511 obiciendis
953 2481 989 2510 et
1017 2479 1133 2510 debite
1160 2479 1375 2519 exponendis
1400 2479 1539 2509 divisim
1562 2477 1775 2519 responsuri,¹
1797 2481 1834 2510 et
1857 2479 1902 2510 de

514 2524 665 2555 veritate
681 2523 839 2563 dicenda,
857 2524 885 2554 si
902 2526 1073 2563 oporteat,
1090 2523 1323 2563 personaliter
1336 2523 1500 2564 juraturi,
1520 2523 1737 2564 ulteriusque
1760 2523 1902 2563 facturi,

513 2570 580 2600 etc.
628 2568 674 2598 Et
690 2568 774 2608 quid
788 2568 825 2598 in
840 2568 1021 2608 premissis
1036 2567 1202 2606 feceritis,
1218 2570 1285 2598 etc.
1305 2565 1471 2607 (without
1486 2565 1599 2608 date).

468 2621 666 2672 Ludgvan
682 2634 693 2668 3
721 2621 804 2658 Pro
822 2621 1146 2670 reparacione‚—

470 2678 574 2716 Item,
598 2677 691 2717 apud
716 2676 906 2715 Criditone,
931 2676 1023 2717 xxvij
1050 2676 1105 2707 die
1122 2676 1285 2716 Augusti,
1302 2675 1481 2707 emanavit
1498 2675 1706 2707 Mandatum
1728 2676 1901 2708 directum

357 2720 406 2748 sol.
418 2721 476 2746 ΠΥΖ-
513 2721 770 2752 Archidiacono
787 2720 972 2759 Cornubie,
986 2730 1047 2751 seu
1063 2720 1140 2761 ejus
1157 2719 1313 2758 Officiali‚
1324 2720 1369 2750 ad
1385 2720 1596 2751 instanciam
1612 2720 1752 2751 Domini
1769 2720 1901 2752 'rhome

458 2798 462 2803 ,
515 2766 683 2806 Gervays,
712 2764 871 2796 Rectoris
895 2764 1048 2796 Ecclesie
1073 2764 1288 2795 Parochialis
1311 2763 1354 2795 de
1378 2764 1554 2803 Ludvone,
1579 2764 1624 2795 ad
1654 2764 1901 2806 inquirendum

514 2819 620 2849 super
634 2809 860 2849 reparacione
877 2809 1036 2850 ejusdem
1055 2808 1219 2847 Ecclesie,
1236 2810 1272 2839 et
1288 2808 1416 2839 ceteris
1432 2809 1620 2840 consuetis

467 2863 716 2901 Parliament
730 2875 740 2909 ς
768 2863 851 2900 Pro
869 2862 1208 2908 Parliamento,—

470 2919 573 2957 Item,
598 2918 691 2960 apud
716 2917 976 2958 Chuddeleghe,
993 2917 1119 2948 ultimo
1143 2917 1199 2948 die
1222 2917 1386 2958 Augusti,
1402 2917 1583 2950 emanavit
1607 2917 1813 2949 Mandatum
1836 2927 1901 2962 pro
