<?xml version="1.0" encoding="UTF-8"?>
<!DOCTYPE html PUBLIC "-//W3C//DTD XHTML 1.0 Transitional//EN"
    "http://www.w3.org/TR/xhtml1/DTD/xhtml1-transitional.dtd">
<html xmlns="http://www.w3.org/1999/xhtml" xml:lang="en" lang="en">
 <head>
  <title>
</title>
<meta http-equiv="Content-Type" content="text/html;charset=utf-8" />
  <meta name='ocr-system' content='tesseract 3.04.00' />
  <meta name='ocr-capabilities' content='ocr_page ocr_carea ocr_par ocr_line ocrx_word'/>
</head>
<body>
  <div class='ocr_page' id='page_1' title='image "./registerofthomas01hinguoft_0281.png"; bbox 0 0 1988 3256; ppageno 0'>
   <div class='ocr_carea' id='block_1_1' title="bbox 0 0 30 131">
    <p class='ocr_par' dir='ltr' id='par_1_1' title="bbox 0 0 30 131">
     <span class='ocr_line' id='line_1_1' title="bbox 0 0 30 131; textangle 90"><span class='ocrx_word' id='word_1_1' title='bbox 0 0 30 131; x_wconf 53' lang='lat' dir='ltr'><strong>&#39;rer‘</strong></span> 
     </span>
    </p>
   </div>
   <div class='ocr_carea' id='block_1_2' title="bbox 469 345 1679 392">
    <p class='ocr_par' dir='ltr' id='par_1_2' title="bbox 469 345 1679 392">
     <span class='ocr_line' id='line_1_2' title="bbox 469 345 1679 392; baseline -0.002 -2"><span class='ocrx_word' id='word_1_2' title='bbox 469 357 761 392; x_wconf 75' lang='lat' dir='ltr'>REGISTRUM</span> <span class='ocrx_word' id='word_1_3' title='bbox 797 356 1255 392; x_wconf 78' lang='lat' dir='ltr'>COMMUNE—ANNO</span> <span class='ocrx_word' id='word_1_4' title='bbox 1292 346 1351 390; x_wconf 84' lang='lat'><strong>2⁰.</strong></span> <span class='ocrx_word' id='word_1_5' title='bbox 1583 345 1679 389; x_wconf 81' lang='lat'><strong>263</strong></span> 
     </span>
    </p>
   </div>
   <div class='ocr_carea' id='block_1_3' title="bbox 135 459 1687 1137">
    <p class='ocr_par' dir='ltr' id='par_1_3' title="bbox 135 459 1685 898">
     <span class='ocr_line' id='line_1_3' title="bbox 138 459 1679 505; baseline -0.001 -11"><span class='ocrx_word' id='word_1_6' title='bbox 138 459 216 489; x_wconf 76' lang='lat' dir='ltr'><strong>A·D·</strong></span> <span class='ocrx_word' id='word_1_7' title='bbox 290 463 345 494; x_wconf 86' lang='lat' dir='ltr'><strong>die</strong></span> <span class='ocrx_word' id='word_1_8' title='bbox 368 463 492 495; x_wconf 83' lang='lat' dir='ltr'>mensis</span> <span class='ocrx_word' id='word_1_9' title='bbox 516 463 698 504; x_wconf 83' lang='lat' dir='ltr'><strong>Februarii,</strong></span> <span class='ocrx_word' id='word_1_10' title='bbox 716 464 814 496; x_wconf 89' lang='lat' dir='ltr'><strong>Anno</strong></span> <span class='ocrx_word' id='word_1_11' title='bbox 839 464 976 495; x_wconf 91' lang='lat' dir='ltr'><strong>Domini</strong></span> <span class='ocrx_word' id='word_1_12' title='bbox 998 462 1201 505; x_wconf 86' lang='lat' dir='ltr'><strong>supradicto.</strong></span> <span class='ocrx_word' id='word_1_13' title='bbox 1247 462 1348 494; x_wconf 83' lang='lat' dir='ltr'>Unde</span> <span class='ocrx_word' id='word_1_14' title='bbox 1370 462 1482 493; x_wconf 89' lang='lat' dir='ltr'><strong>dictus</strong></span> <span class='ocrx_word' id='word_1_15' title='bbox 1501 462 1679 500; x_wconf 85' lang='lat' dir='ltr'><strong>Walterus,</strong></span> 
     </span>
     <span class='ocr_line' id='line_1_4' title="bbox 135 494 1683 554; baseline -0.001 -16"><span class='ocrx_word' id='word_1_16' title='bbox 135 494 233 554; x_wconf 64' lang='lat' dir='ltr'>¹v³gl²·1</span> <span class='ocrx_word' id='word_1_17' title='bbox 291 517 381 538; x_wconf 89' lang='lat' dir='ltr'><strong>nunc</strong></span> <span class='ocrx_word' id='word_1_18' title='bbox 397 507 520 538; x_wconf 90' lang='lat' dir='ltr'><strong>Rector</strong></span> <span class='ocrx_word' id='word_1_19' title='bbox 536 507 665 549; x_wconf 76' lang='lat' dir='ltr'><strong>prefate</strong></span> <span class='ocrx_word' id='word_1_20' title='bbox 681 508 826 539; x_wconf 88' lang='lat' dir='ltr'><strong>Ecclesie</strong></span> <span class='ocrx_word' id='word_1_21' title='bbox 836 508 878 539; x_wconf 88' lang='lat' dir='ltr'><strong>de</strong></span> <span class='ocrx_word' id='word_1_22' title='bbox 895 507 1166 546; x_wconf 81' lang='lat' dir='ltr'><strong>Northmoltone,</strong></span> <span class='ocrx_word' id='word_1_23' title='bbox 1182 507 1225 538; x_wconf 80' lang='lat' dir='ltr'><strong>ad</strong></span> <span class='ocrx_word' id='word_1_24' title='bbox 1238 516 1298 537; x_wconf 91' lang='lat' dir='ltr'><strong>nos</strong></span> <span class='ocrx_word' id='word_1_25' title='bbox 1313 506 1482 541; x_wconf 75' lang='lat' dir='ltr'><strong>accedens,</strong></span> <span class='ocrx_word' id='word_1_26' title='bbox 1500 505 1565 536; x_wconf 85' lang='lat' dir='ltr'>sibi</span> <span class='ocrx_word' id='word_1_27' title='bbox 1582 505 1683 547; x_wconf 89' lang='lat' dir='ltr'><strong>petiit</strong></span> 
     </span>
     <span class='ocr_line' id='line_1_5' title="bbox 196 548 1681 593; baseline -0.001 -12"><span class='ocrx_word' id='word_1_28' title='bbox 196 548 203 555; x_wconf 85' lang='lat'>&#39;</span> <span class='ocrx_word' id='word_1_29' title='bbox 237 548 244 555; x_wconf 87' lang='lat'>’</span> <span class='ocrx_word' id='word_1_30' title='bbox 291 560 392 591; x_wconf 86' lang='lat' dir='ltr'><strong>super</strong></span> <span class='ocrx_word' id='word_1_31' title='bbox 418 551 518 582; x_wconf 90' lang='lat' dir='ltr'><strong>dictis</strong></span> <span class='ocrx_word' id='word_1_32' title='bbox 544 551 747 583; x_wconf 82' lang='lat' dir='ltr'><strong>defectubus</strong></span> <span class='ocrx_word' id='word_1_33' title='bbox 774 552 844 583; x_wconf 89' lang='lat' dir='ltr'><strong>fieri</strong></span> <span class='ocrx_word' id='word_1_34' title='bbox 869 551 1004 593; x_wconf 84' lang='lat' dir='ltr'><strong>justicie</strong></span> <span class='ocrx_word' id='word_1_35' title='bbox 1031 550 1327 591; x_wconf 77' lang='lat' dir='ltr'><strong>complementum.</strong></span> <span class='ocrx_word' id='word_1_36' title='bbox 1371 550 1538 588; x_wconf 77' lang='lat' dir='ltr'><strong>Vestram,</strong></span> <span class='ocrx_word' id='word_1_37' title='bbox 1566 549 1681 589; x_wconf 68' lang='lat' dir='ltr'><strong>igitur,</strong></span> 
     </span>
     <span class='ocr_line' id='line_1_6' title="bbox 294 592 1683 634; baseline 0 -10"><span class='ocrx_word' id='word_1_38' title='bbox 294 594 538 626; x_wconf 69' lang='lat' dir='ltr'><strong>paternitatem</strong></span> <span class='ocrx_word' id='word_1_39' title='bbox 565 595 793 634; x_wconf 88' lang='lat' dir='ltr'><strong>reverendam,</strong></span> <span class='ocrx_word' id='word_1_40' title='bbox 821 596 886 626; x_wconf 92' lang='lat' dir='ltr'><strong>sub</strong></span> <span class='ocrx_word' id='word_1_41' title='bbox 910 598 1030 626; x_wconf 91' lang='lat' dir='ltr'><strong>mutue</strong></span> <span class='ocrx_word' id='word_1_42' title='bbox 1052 594 1291 625; x_wconf 78' lang='lat' dir='ltr'><strong>vicissitudinis</strong></span> <span class='ocrx_word' id='word_1_43' title='bbox 1314 593 1458 625; x_wconf 90' lang='lat' dir='ltr'><strong>obtentu</strong></span> <span class='ocrx_word' id='word_1_44' title='bbox 1481 600 1518 624; x_wconf 79' lang='lat' dir='ltr'><strong>et</strong></span> <span class='ocrx_word' id='word_1_45' title='bbox 1540 593 1576 624; x_wconf 89' lang='lat' dir='ltr'><strong>in</strong></span> <span class='ocrx_word' id='word_1_46' title='bbox 1594 592 1683 634; x_wconf 87' lang='lat' dir='ltr'><strong>juris</strong></span> 
     </span>
     <span class='ocr_line' id='line_1_7' title="bbox 292 637 1682 680; baseline -0.001 -12"><span class='ocrx_word' id='word_1_47' title='bbox 292 637 493 675; x_wconf 89' lang='lat' dir='ltr'><strong>subsidium,</strong></span> <span class='ocrx_word' id='word_1_48' title='bbox 510 638 714 679; x_wconf 81' lang='lat' dir='ltr'><strong>requirimus</strong></span> <span class='ocrx_word' id='word_1_49' title='bbox 737 643 773 670; x_wconf 87' lang='lat' dir='ltr'><strong>et</strong></span> <span class='ocrx_word' id='word_1_50' title='bbox 795 649 951 680; x_wconf 80' lang='lat' dir='ltr'><strong>rogamus</strong></span> <span class='ocrx_word' id='word_1_51' title='bbox 967 638 1127 679; x_wconf 84' lang='lat' dir='ltr'><strong>quatinus</strong></span> <span class='ocrx_word' id='word_1_52' title='bbox 1143 637 1239 669; x_wconf 88' lang='lat' dir='ltr'><strong>citari</strong></span> <span class='ocrx_word' id='word_1_53' title='bbox 1261 637 1484 678; x_wconf 75' lang='lat' dir='ltr'><strong>peremptorie</strong></span> <span class='ocrx_word' id='word_1_54' title='bbox 1505 637 1613 668; x_wconf 78' lang='lat' dir='ltr'><strong>facere</strong></span> <span class='ocrx_word' id='word_1_55' title='bbox 1628 647 1682 667; x_wconf 89' lang='lat' dir='ltr'><strong>ve-</strong></span> 
     </span>
     <span class='ocr_line' id='line_1_8' title="bbox 291 680 1681 722; baseline 0 -11"><span class='ocrx_word' id='word_1_56' title='bbox 291 681 362 712; x_wconf 88' lang='lat' dir='ltr'><strong>litis</strong></span> <span class='ocrx_word' id='word_1_57' title='bbox 390 681 538 722; x_wconf 77' lang='lat' dir='ltr'><strong>prefatos</strong></span> <span class='ocrx_word' id='word_1_58' title='bbox 562 682 728 714; x_wconf 83' lang='lat' dir='ltr'><strong>Abbatem</strong></span> <span class='ocrx_word' id='word_1_59' title='bbox 760 686 795 714; x_wconf 89' lang='lat' dir='ltr'><strong>et</strong></span> <span class='ocrx_word' id='word_1_60' title='bbox 826 683 1050 721; x_wconf 76' lang='lat' dir='ltr'><strong>Conventum,</strong></span> <span class='ocrx_word' id='word_1_61' title='bbox 1079 682 1170 722; x_wconf 86' lang='lat' dir='ltr'><strong>quod</strong></span> <span class='ocrx_word' id='word_1_62' title='bbox 1197 684 1413 722; x_wconf 75' lang='lat' dir='ltr'><strong>compareant</strong></span> <span class='ocrx_word' id='word_1_63' title='bbox 1437 690 1549 712; x_wconf 75' lang='lat' dir='ltr'><strong>coram</strong></span> <span class='ocrx_word' id='word_1_64' title='bbox 1575 680 1681 719; x_wconf 87' lang='lat' dir='ltr'><strong>nobis,</strong></span> 
     </span>
     <span class='ocr_line' id='line_1_9' title="bbox 293 723 1683 766; baseline -0.001 -11"><span class='ocrx_word' id='word_1_65' title='bbox 293 728 450 756; x_wconf 84' lang='lat' dir='ltr'><strong>nostrove</strong></span> <span class='ocrx_word' id='word_1_66' title='bbox 476 725 722 765; x_wconf 85' lang='lat' dir='ltr'><strong>Commissario,</strong></span> <span class='ocrx_word' id='word_1_67' title='bbox 746 737 814 757; x_wconf 92' lang='lat' dir='ltr'><strong>uno</strong></span> <span class='ocrx_word' id='word_1_68' title='bbox 838 736 898 757; x_wconf 89' lang='lat' dir='ltr'><strong>seu</strong></span> <span class='ocrx_word' id='word_1_69' title='bbox 925 726 1088 766; x_wconf 87' lang='lat' dir='ltr'><strong>pluribus,</strong></span> <span class='ocrx_word' id='word_1_70' title='bbox 1111 726 1146 756; x_wconf 92' lang='lat' dir='ltr'><strong>iu</strong></span> <span class='ocrx_word' id='word_1_71' title='bbox 1178 724 1323 756; x_wconf 80' lang='lat' dir='ltr'><strong>Ecclesia</strong></span> <span class='ocrx_word' id='word_1_72' title='bbox 1348 726 1462 755; x_wconf 90' lang='lat' dir='ltr'><strong>nostra</strong></span> <span class='ocrx_word' id='word_1_73' title='bbox 1490 723 1683 756; x_wconf 74' lang='lat' dir='ltr'><strong>Cathedrali</strong></span> 
     </span>
     <span class='ocr_line' id='line_1_10' title="bbox 294 767 1684 810; baseline -0.001 -11"><span class='ocrx_word' id='word_1_74' title='bbox 294 768 432 808; x_wconf 84' lang='lat' dir='ltr'><strong>Exonie,</strong></span> <span class='ocrx_word' id='word_1_75' title='bbox 461 769 612 810; x_wconf 87' lang='lat' dir='ltr'><strong>proximo</strong></span> <span class='ocrx_word' id='word_1_76' title='bbox 642 769 697 801; x_wconf 90' lang='lat' dir='ltr'><strong>die</strong></span> <span class='ocrx_word' id='word_1_77' title='bbox 727 770 878 801; x_wconf 82' lang='lat' dir='ltr'><strong>Juridico</strong></span> <span class='ocrx_word' id='word_1_78' title='bbox 910 773 986 810; x_wconf 89' lang='lat' dir='ltr'><strong>post</strong></span> <span class='ocrx_word' id='word_1_79' title='bbox 1016 769 1156 800; x_wconf 88' lang='lat' dir='ltr'><strong>Festum</strong></span> <span class='ocrx_word' id='word_1_80' title='bbox 1187 768 1303 800; x_wconf 78' lang='lat' dir='ltr'><strong>Sancti</strong></span> <span class='ocrx_word' id='word_1_81' title='bbox 1330 768 1490 806; x_wconf 83' lang='lat' dir='ltr'><strong>Barnabe,</strong></span> <span class='ocrx_word' id='word_1_82' title='bbox 1519 767 1684 808; x_wconf 80' lang='lat' dir='ltr'><strong>Apostoli,</strong></span> 
     </span>
     <span class='ocr_line' id='line_1_11' title="bbox 297 811 1685 854; baseline 0 -12"><span class='ocrx_word' id='word_1_83' title='bbox 297 811 446 851; x_wconf 88' lang='lat' dir='ltr'><strong>proximo</strong></span> <span class='ocrx_word' id='word_1_84' title='bbox 462 812 630 852; x_wconf 82' lang='lat' dir='ltr'><strong>futurum,</strong></span> <span class='ocrx_word' id='word_1_85' title='bbox 647 824 750 854; x_wconf 90' lang='lat' dir='ltr'><strong>super</strong></span> <span class='ocrx_word' id='word_1_86' title='bbox 764 813 863 845; x_wconf 87' lang='lat' dir='ltr'><strong>dictis</strong></span> <span class='ocrx_word' id='word_1_87' title='bbox 884 813 1085 844; x_wconf 79' lang='lat' dir='ltr'><strong>defectubus</strong></span> <span class='ocrx_word' id='word_1_88' title='bbox 1101 823 1138 843; x_wconf 80' lang='lat' dir='ltr'><strong>ac</strong></span> <span class='ocrx_word' id='word_1_89' title='bbox 1154 812 1311 843; x_wconf 89' lang='lat' dir='ltr'><strong>omnibus</strong></span> <span class='ocrx_word' id='word_1_90' title='bbox 1331 814 1367 843; x_wconf 86' lang='lat' dir='ltr'><strong>et</strong></span> <span class='ocrx_word' id='word_1_91' title='bbox 1386 811 1528 852; x_wconf 84' lang='lat' dir='ltr'><strong>singulis</strong></span> <span class='ocrx_word' id='word_1_92' title='bbox 1542 812 1578 843; x_wconf 84' lang='lat' dir='ltr'><strong>in</strong></span> <span class='ocrx_word' id='word_1_93' title='bbox 1593 811 1685 842; x_wconf 74' lang='lat' dir='ltr'><strong>dicta</strong></span> 
     </span>
     <span class='ocr_line' id='line_1_12' title="bbox 294 855 1685 898; baseline 0 -12"><span class='ocrx_word' id='word_1_94' title='bbox 294 855 520 896; x_wconf 88' lang='lat' dir='ltr'><strong>Inquisicione</strong></span> <span class='ocrx_word' id='word_1_95' title='bbox 550 856 682 897; x_wconf 87' lang='lat' dir='ltr'><strong>plenius</strong></span> <span class='ocrx_word' id='word_1_96' title='bbox 705 857 914 898; x_wconf 79' lang='lat' dir='ltr'><strong>expressatis,</strong></span> <span class='ocrx_word' id='word_1_97' title='bbox 938 856 1130 897; x_wconf 87' lang='lat' dir='ltr'><strong>responsuri</strong></span> <span class='ocrx_word' id='word_1_98' title='bbox 1152 856 1244 886; x_wconf 89' lang='lat' dir='ltr'><strong>dicto</strong></span> <span class='ocrx_word' id='word_1_99' title='bbox 1267 855 1401 886; x_wconf 85' lang='lat' dir='ltr'><strong>Rectori</strong></span> <span class='ocrx_word' id='word_1_100' title='bbox 1423 855 1465 886; x_wconf 88' lang='lat' dir='ltr'><strong>de</strong></span> <span class='ocrx_word' id='word_1_101' title='bbox 1486 855 1632 896; x_wconf 76' lang='lat' dir='ltr'><strong>justicia,</strong></span> <span class='ocrx_word' id='word_1_102' title='bbox 1649 857 1685 886; x_wconf 85' lang='lat' dir='ltr'><strong>et</strong></span> 
     </span>
    </p>

    <p class='ocr_par' dir='ltr' id='par_1_4' title="bbox 293 898 1638 941">
     <span class='ocr_line' id='line_1_13' title="bbox 293 898 1638 941; baseline 0 -11"><span class='ocrx_word' id='word_1_103' title='bbox 293 898 362 940; x_wconf 84' lang='lat' dir='ltr'><strong>juri</strong></span> <span class='ocrx_word' id='word_1_104' title='bbox 378 899 412 930; x_wconf 91' lang='lat' dir='ltr'><strong>in</strong></span> <span class='ocrx_word' id='word_1_105' title='bbox 428 900 584 931; x_wconf 89' lang='lat' dir='ltr'><strong>omnibus</strong></span> <span class='ocrx_word' id='word_1_106' title='bbox 601 900 753 941; x_wconf 83' lang='lat' dir='ltr'><strong>parituri,</strong></span> <span class='ocrx_word' id='word_1_107' title='bbox 767 900 891 932; x_wconf 79' lang='lat' dir='ltr'><strong>facturi</strong></span> <span class='ocrx_word' id='word_1_108' title='bbox 903 900 1056 938; x_wconf 37' lang='lat' dir='ltr'><strong>ulterius</strong></span> <span class='ocrx_word' id='word_1_109' title='bbox 1069 899 1289 931; x_wconf 83' lang='lat' dir='ltr'><strong>etc.—Dated</strong></span> <span class='ocrx_word' id='word_1_110' title='bbox 1306 899 1457 938; x_wconf 87' lang='lat' dir='ltr'><strong>London,</strong></span> <span class='ocrx_word' id='word_1_111' title='bbox 1475 899 1516 930; x_wconf 88' lang='grc'><strong>13</strong></span> <span class='ocrx_word' id='word_1_112' title='bbox 1533 899 1638 940; x_wconf 89' lang='lat' dir='ltr'><strong>April.</strong></span> 
     </span>
    </p>

    <p class='ocr_par' dir='ltr' id='par_1_5' title="bbox 251 953 779 1003">
     <span class='ocr_line' id='line_1_14' title="bbox 251 953 779 1003; baseline 0.006 -13"><span class='ocrx_word' id='word_1_113' title='bbox 251 953 438 1003; x_wconf 83' lang='lat' dir='ltr'><strong>Diptford</strong></span> <span class='ocrx_word' id='word_1_114' title='bbox 455 967 466 1002; x_wconf 81' lang='lat'>3</span> <span class='ocrx_word' id='word_1_115' title='bbox 498 954 779 1002; x_wconf 54' lang='lat' dir='ltr'><strong>&amp;par-acio,—</strong></span> 
     </span>
    </p>

    <p class='ocr_par' dir='ltr' id='par_1_6' title="bbox 297 1051 1687 1093">
     <span class='ocr_line' id='line_1_15' title="bbox 297 1051 1687 1093; baseline 0 -11"><span class='ocrx_word' id='word_1_116' title='bbox 297 1051 442 1082; x_wconf 87' lang='lat' dir='ltr'><strong>Ecclesie</strong></span> <span class='ocrx_word' id='word_1_117' title='bbox 468 1052 511 1083; x_wconf 88' lang='lat' dir='ltr'><strong>de</strong></span> <span class='ocrx_word' id='word_1_118' title='bbox 534 1052 761 1093; x_wconf 73' lang='lat' dir='ltr'><strong>Duppeforde‚</strong></span> <span class='ocrx_word' id='word_1_119' title='bbox 788 1052 910 1084; x_wconf 80' lang='lat' dir='ltr'><strong>habuit</strong></span> <span class='ocrx_word' id='word_1_120' title='bbox 934 1052 1081 1084; x_wconf 85' lang='lat' dir='ltr'><strong>Literam</strong></span> <span class='ocrx_word' id='word_1_121' title='bbox 1105 1052 1268 1083; x_wconf 81' lang='lat' dir='ltr'><strong>directam</strong></span> <span class='ocrx_word' id='word_1_122' title='bbox 1299 1051 1541 1083; x_wconf 81' lang='lat' dir='ltr'><strong>Archidiacono</strong></span> <span class='ocrx_word' id='word_1_123' title='bbox 1571 1055 1687 1082; x_wconf 90' lang='lat' dir='ltr'><strong>nostro</strong></span> 
     </span>
    </p>

    <p class='ocr_par' dir='ltr' id='par_1_7' title="bbox 297 1094 1630 1137">
     <span class='ocr_line' id='line_1_16' title="bbox 297 1094 1630 1137; baseline 0 -11"><span class='ocrx_word' id='word_1_124' title='bbox 297 1094 464 1134; x_wconf 88' lang='lat' dir='ltr'><strong>Tottonie,</strong></span> <span class='ocrx_word' id='word_1_125' title='bbox 480 1095 533 1127; x_wconf 86' lang='lat' dir='ltr'><strong>vel</strong></span> <span class='ocrx_word' id='word_1_126' title='bbox 556 1095 630 1137; x_wconf 88' lang='lat' dir='ltr'><strong>ejus</strong></span> <span class='ocrx_word' id='word_1_127' title='bbox 653 1096 802 1135; x_wconf 91' lang='lat' dir='ltr'><strong>Officiali,</strong></span> <span class='ocrx_word' id='word_1_128' title='bbox 826 1097 868 1127; x_wconf 83' lang='lat' dir='ltr'><strong>ad</strong></span> <span class='ocrx_word' id='word_1_129' title='bbox 891 1096 1131 1137; x_wconf 88' lang='lat' dir='ltr'><strong>inquirendum</strong></span> <span class='ocrx_word' id='word_1_130' title='bbox 1154 1106 1213 1137; x_wconf 88' lang='lat' dir='ltr'><strong>pro</strong></span> <span class='ocrx_word' id='word_1_131' title='bbox 1235 1095 1445 1136; x_wconf 77' lang='lat' dir='ltr'><strong>reparacione</strong></span> <span class='ocrx_word' id='word_1_132' title='bbox 1468 1094 1630 1127; x_wconf 78' lang='lat' dir='ltr'><strong>habenda.</strong></span> 
     </span>
    </p>
   </div>
   <div class='ocr_carea' id='block_1_4' title="bbox 254 1149 1034 1201">
    <p class='ocr_par' dir='ltr' id='par_1_8' title="bbox 254 1149 1034 1201">
     <span class='ocr_line' id='line_1_17' title="bbox 254 1149 1034 1201; baseline 0.004 -15"><span class='ocrx_word' id='word_1_133' title='bbox 254 1149 486 1199; x_wconf 86' lang='lat' dir='ltr'><strong>Stoodleigh</strong></span> <span class='ocrx_word' id='word_1_134' title='bbox 502 1163 513 1198; x_wconf 83' lang='lat'>3</span> <span class='ocrx_word' id='word_1_135' title='bbox 543 1150 605 1188; x_wconf 87' lang='lat' dir='ltr'><strong>Sir</strong></span> <span class='ocrx_word' id='word_1_136' title='bbox 622 1151 728 1189; x_wconf 87' lang='lat' dir='ltr'><strong>John</strong></span> <span class='ocrx_word' id='word_1_137' title='bbox 749 1151 894 1201; x_wconf 84' lang='lat' dir='ltr'><strong>Tonge,</strong></span> <span class='ocrx_word' id='word_1_138' title='bbox 916 1151 1034 1196; x_wconf 76' lang='lat' dir='ltr'><strong>R,—</strong></span> 
     </span>
    </p>
   </div>
   <div class='ocr_carea' id='block_1_5' title="bbox 256 1203 1687 1290">
    <p class='ocr_par' dir='ltr' id='par_1_9' title="bbox 256 1203 1687 1290">
     <span class='ocr_line' id='line_1_18' title="bbox 256 1203 1687 1245; baseline 0 -11"><span class='ocrx_word' id='word_1_139' title='bbox 256 1203 394 1235; x_wconf 85' lang='lat' dir='ltr'><strong>Licence</strong></span> <span class='ocrx_word' id='word_1_140' title='bbox 409 1204 445 1235; x_wconf 71' lang='lat' dir='ltr'><strong>of</strong></span> <span class='ocrx_word' id='word_1_141' title='bbox 467 1205 719 1236; x_wconf 86' lang='lat' dir='ltr'><strong>non-residence</strong></span> <span class='ocrx_word' id='word_1_142' title='bbox 735 1205 786 1236; x_wconf 90' lang='lat' dir='ltr'><strong>till</strong></span> <span class='ocrx_word' id='word_1_143' title='bbox 811 1205 874 1237; x_wconf 86' lang='lat' dir='ltr'><strong>the</strong></span> <span class='ocrx_word' id='word_1_144' title='bbox 895 1205 921 1236; x_wconf 83' lang='lat' dir='ltr'>F</span> <span class='ocrx_word' id='word_1_145' title='bbox 923 1207 995 1236; x_wconf 86' lang='lat' dir='ltr'><strong>east</strong></span> <span class='ocrx_word' id='word_1_146' title='bbox 1009 1204 1045 1235; x_wconf 81' lang='lat' dir='ltr'><strong>of</strong></span> <span class='ocrx_word' id='word_1_147' title='bbox 1067 1204 1116 1236; x_wconf 89' lang='lat' dir='ltr'><strong>St.</strong></span> <span class='ocrx_word' id='word_1_148' title='bbox 1136 1205 1236 1236; x_wconf 86' lang='lat' dir='ltr'><strong>Peter</strong></span> <span class='ocrx_word' id='word_1_149' title='bbox 1250 1204 1296 1236; x_wconf 83' lang='lat' dir='ltr'><strong>ad</strong></span> <span class='ocrx_word' id='word_1_150' title='bbox 1321 1203 1466 1243; x_wconf 78' lang='lat' dir='ltr'><strong>Vincula,</strong></span> <span class='ocrx_word' id='word_1_151' title='bbox 1483 1203 1503 1219; x_wconf 93' lang='lat'><strong>“</strong></span> <span class='ocrx_word' id='word_1_152' title='bbox 1515 1206 1687 1245; x_wconf 87' lang='lat' dir='ltr'><strong>contemp-</strong></span> 
     </span>
     <span class='ocr_line' id='line_1_19' title="bbox 298 1247 1498 1290; baseline 0.001 -12"><span class='ocrx_word' id='word_1_153' title='bbox 298 1247 426 1278; x_wconf 83' lang='lat' dir='ltr'><strong>lacione</strong></span> <span class='ocrx_word' id='word_1_154' title='bbox 442 1248 578 1279; x_wconf 90' lang='lat' dir='ltr'><strong>Domini</strong></span> <span class='ocrx_word' id='word_1_155' title='bbox 595 1249 759 1280; x_wconf 86' lang='lat' dir='ltr'><strong>Johannis</strong></span> <span class='ocrx_word' id='word_1_156' title='bbox 776 1249 950 1290; x_wconf 83' lang='lat' dir='ltr'><strong>Fitzpayn,</strong></span> <span class='ocrx_word' id='word_1_157' title='bbox 969 1248 1087 1280; x_wconf 84' lang='lat' dir='ltr'><strong>Militis</strong></span> <span class='ocrx_word' id='word_1_158' title='bbox 1101 1248 1119 1261; x_wconf 80' lang='lat'><strong>’¹</strong></span> <span class='ocrx_word' id='word_1_159' title='bbox 1137 1248 1302 1288; x_wconf 88' lang='lat' dir='ltr'><strong>(London,</strong></span> <span class='ocrx_word' id='word_1_160' title='bbox 1320 1247 1361 1281; x_wconf 92' lang='grc'><strong>17</strong></span> <span class='ocrx_word' id='word_1_161' title='bbox 1378 1247 1498 1289; x_wconf 81' lang='lat' dir='ltr'><strong>April).</strong></span> 
     </span>
    </p>
   </div>
   <div class='ocr_carea' id='block_1_6' title="bbox 256 1300 916 1352">
    <p class='ocr_par' dir='ltr' id='par_1_10' title="bbox 256 1300 916 1352">
     <span class='ocr_line' id='line_1_20' title="bbox 256 1300 916 1352; baseline 0.006 -14"><span class='ocrx_word' id='word_1_162' title='bbox 256 1300 604 1350; x_wconf 84' lang='lat' dir='ltr'><strong>Churchstanton3</strong></span> <span class='ocrx_word' id='word_1_163' title='bbox 631 1303 916 1352; x_wconf 84' lang='lat' dir='ltr'><strong>Reparacio,—</strong></span> 
     </span>
    </p>
   </div>
   <div class='ocr_carea' id='block_1_7' title="bbox 258 1355 1691 1486">
    <p class='ocr_par' dir='ltr' id='par_1_11' title="bbox 258 1355 1691 1486">
     <span class='ocr_line' id='line_1_21' title="bbox 258 1355 1691 1397; baseline 0.001 -11"><span class='ocrx_word' id='word_1_164' title='bbox 258 1355 358 1395; x_wconf 88' lang='lat' dir='ltr'><strong>Item,</strong></span> <span class='ocrx_word' id='word_1_165' title='bbox 390 1356 526 1396; x_wconf 87' lang='lat' dir='ltr'><strong>ibidem,</strong></span> <span class='ocrx_word' id='word_1_166' title='bbox 549 1357 631 1389; x_wconf 85' lang='lat' dir='ltr'><strong>xxix</strong></span> <span class='ocrx_word' id='word_1_167' title='bbox 653 1358 708 1388; x_wconf 85' lang='lat' dir='ltr'><strong>die</strong></span> <span class='ocrx_word' id='word_1_168' title='bbox 730 1358 812 1389; x_wconf 89' lang='lat' dir='ltr'><strong>dicti</strong></span> <span class='ocrx_word' id='word_1_169' title='bbox 834 1357 970 1397; x_wconf 87' lang='lat' dir='ltr'><strong>mensis,</strong></span> <span class='ocrx_word' id='word_1_170' title='bbox 1001 1357 1173 1389; x_wconf 82' lang='lat' dir='ltr'><strong>Johannes</strong></span> <span class='ocrx_word' id='word_1_171' title='bbox 1204 1357 1370 1396; x_wconf 79' lang='lat' dir='ltr'><strong>Stawelle,</strong></span> <span class='ocrx_word' id='word_1_172' title='bbox 1393 1356 1542 1396; x_wconf 89' lang='lat' dir='ltr'><strong>clericus,</strong></span> <span class='ocrx_word' id='word_1_173' title='bbox 1567 1357 1691 1388; x_wconf 87' lang='lat' dir='ltr'><strong>Rector</strong></span> 
     </span>
     <span class='ocr_line' id='line_1_22' title="bbox 302 1400 1691 1441; baseline 0.001 -11"><span class='ocrx_word' id='word_1_174' title='bbox 302 1400 447 1431; x_wconf 88' lang='lat' dir='ltr'><strong>Ecclesie</strong></span> <span class='ocrx_word' id='word_1_175' title='bbox 470 1401 512 1431; x_wconf 89' lang='lat' dir='ltr'><strong>de</strong></span> <span class='ocrx_word' id='word_1_176' title='bbox 536 1401 834 1441; x_wconf 83' lang='lat' dir='ltr'><strong>Churistauntone,</strong></span> <span class='ocrx_word' id='word_1_177' title='bbox 854 1401 975 1432; x_wconf 82' lang='lat' dir='ltr'><strong>habuit</strong></span> <span class='ocrx_word' id='word_1_178' title='bbox 1001 1401 1147 1432; x_wconf 82' lang='lat' dir='ltr'><strong>Literam</strong></span> <span class='ocrx_word' id='word_1_179' title='bbox 1172 1401 1333 1432; x_wconf 79' lang='lat' dir='ltr'><strong>directam</strong></span> <span class='ocrx_word' id='word_1_180' title='bbox 1358 1400 1519 1441; x_wconf 74' lang='lat' dir='ltr'><strong>Magistro</strong></span> <span class='ocrx_word' id='word_1_181' title='bbox 1541 1400 1691 1432; x_wconf 74' lang='lat' dir='ltr'><strong>,Iohanni</strong></span> 
     </span>
     <span class='ocr_line' id='line_1_23' title="bbox 302 1443 1689 1486; baseline 0.001 -12"><span class='ocrx_word' id='word_1_182' title='bbox 302 1443 519 1483; x_wconf 72' lang='lat' dir='ltr'><strong>Northwmie,</strong></span> <span class='ocrx_word' id='word_1_183' title='bbox 533 1444 671 1476; x_wconf 87' lang='lat' dir='ltr'><strong>Officiali</strong></span> <span class='ocrx_word' id='word_1_184' title='bbox 684 1445 846 1476; x_wconf 84' lang='lat' dir='ltr'><strong>Peculiari</strong></span> <span class='ocrx_word' id='word_1_185' title='bbox 863 1445 899 1476; x_wconf 92' lang='lat' dir='ltr'><strong>in</strong></span> <span class='ocrx_word' id='word_1_186' title='bbox 911 1445 1073 1483; x_wconf 82' lang='lat' dir='ltr'><strong>Devonia,</strong></span> <span class='ocrx_word' id='word_1_187' title='bbox 1087 1445 1131 1476; x_wconf 83' lang='lat' dir='ltr'><strong>ad</strong></span> <span class='ocrx_word' id='word_1_188' title='bbox 1146 1445 1385 1486; x_wconf 86' lang='lat' dir='ltr'><strong>inquirendum</strong></span> <span class='ocrx_word' id='word_1_189' title='bbox 1398 1455 1458 1486; x_wconf 90' lang='lat' dir='ltr'><strong>pro</strong></span> <span class='ocrx_word' id='word_1_190' title='bbox 1470 1444 1689 1485; x_wconf 73' lang='lat' dir='ltr'><strong>repar-acione.</strong></span> 
     </span>
    </p>
   </div>
   <div class='ocr_carea' id='block_1_8' title="bbox 149 1494 1131 1560">
    <p class='ocr_par' dir='ltr' id='par_1_12' title="bbox 149 1494 1131 1560">
     <span class='ocr_line' id='line_1_24' title="bbox 149 1494 1131 1560; baseline 0.009 -30"><span class='ocrx_word' id='word_1_191' title='bbox 149 1494 242 1560; x_wconf 39' lang='lat'><strong>2²51?-</strong></span> <span class='ocrx_word' id='word_1_192' title='bbox 262 1496 518 1546; x_wconf 79' lang='lat' dir='ltr'><strong>Menheniot3</strong></span> <span class='ocrx_word' id='word_1_193' title='bbox 540 1499 604 1536; x_wconf 90' lang='lat' dir='ltr'><strong>Sir</strong></span> <span class='ocrx_word' id='word_1_194' title='bbox 622 1499 731 1537; x_wconf 84' lang='lat' dir='ltr'><strong>John</strong></span> <span class='ocrx_word' id='word_1_195' title='bbox 752 1500 990 1550; x_wconf 81' lang='lat' dir='ltr'><strong>Campeden‚</strong></span> <span class='ocrx_word' id='word_1_196' title='bbox 1013 1499 1131 1546; x_wconf 65' lang='lat' dir='ltr'><strong>R„—</strong></span> 
     </span>
    </p>
   </div>
   <div class='ocr_carea' id='block_1_9' title="bbox 237 1551 1693 1639">
    <p class='ocr_par' dir='ltr' id='par_1_13' title="bbox 237 1551 1693 1639">
     <span class='ocr_line' id='line_1_25' title="bbox 261 1551 1693 1595; baseline 0.001 -13"><span class='ocrx_word' id='word_1_197' title='bbox 261 1551 400 1583; x_wconf 85' lang='lat' dir='ltr'><strong>Licence</strong></span> <span class='ocrx_word' id='word_1_198' title='bbox 427 1553 462 1583; x_wconf 79' lang='lat' dir='ltr'><strong>of</strong></span> <span class='ocrx_word' id='word_1_199' title='bbox 489 1554 741 1585; x_wconf 88' lang='lat' dir='ltr'><strong>non-residence</strong></span> <span class='ocrx_word' id='word_1_200' title='bbox 765 1554 819 1585; x_wconf 79' lang='lat' dir='ltr'><strong>for</strong></span> <span class='ocrx_word' id='word_1_201' title='bbox 838 1557 906 1586; x_wconf 87' lang='lat' dir='ltr'><strong>two</strong></span> <span class='ocrx_word' id='word_1_202' title='bbox 928 1564 1032 1595; x_wconf 79' lang='lat' dir='ltr'><strong>years,</strong></span> <span class='ocrx_word' id='word_1_203' title='bbox 1062 1554 1129 1585; x_wconf 87' lang='lat' dir='ltr'><strong>“et</strong></span> <span class='ocrx_word' id='word_1_204' title='bbox 1151 1554 1193 1585; x_wconf 86' lang='lat' dir='ltr'><strong>de</strong></span> <span class='ocrx_word' id='word_1_205' title='bbox 1216 1553 1421 1585; x_wconf 78' lang='lat' dir='ltr'><strong>dimittendo</strong></span> <span class='ocrx_word' id='word_1_206' title='bbox 1446 1553 1627 1585; x_wconf 84' lang='lat' dir='ltr'><strong>Ecclesiam</strong></span> <span class='ocrx_word' id='word_1_207' title='bbox 1649 1553 1693 1584; x_wconf 81' lang='lat' dir='ltr'><strong>ad</strong></span> 
     </span>
     <span class='ocr_line' id='line_1_26' title="bbox 237 1595 1459 1639; baseline 0.001 -13"><span class='ocrx_word' id='word_1_208' title='bbox 237 1629 244 1630; x_wconf 19' lang='grc' dir='ltr'><strong><em>ἶ</em></strong></span> <span class='ocrx_word' id='word_1_209' title='bbox 302 1595 434 1627; x_wconf 78' lang='lat' dir='ltr'><strong>firmam</strong></span> <span class='ocrx_word' id='word_1_210' title='bbox 450 1597 599 1637; x_wconf 86' lang='lat' dir='ltr'><strong>personis</strong></span> <span class='ocrx_word' id='word_1_211' title='bbox 613 1597 752 1636; x_wconf 87' lang='lat' dir='ltr'><strong>idoneis,</strong></span> <span class='ocrx_word' id='word_1_212' title='bbox 772 1601 874 1639; x_wconf 90' lang='lat' dir='ltr'><strong>prout</strong></span> <span class='ocrx_word' id='word_1_213' title='bbox 889 1597 987 1629; x_wconf 89' lang='lat' dir='ltr'><strong>decet</strong></span> <span class='ocrx_word' id='word_1_214' title='bbox 999 1597 1018 1610; x_wconf 90' lang='lat'><strong><em>”</em></strong></span> <span class='ocrx_word' id='word_1_215' title='bbox 1034 1596 1133 1637; x_wconf 82' lang='lat' dir='ltr'><strong>(East</strong></span> <span class='ocrx_word' id='word_1_216' title='bbox 1150 1597 1301 1639; x_wconf 87' lang='lat' dir='ltr'><strong>Horsley,</strong></span> <span class='ocrx_word' id='word_1_217' title='bbox 1319 1598 1338 1629; x_wconf 88' lang='lat'><strong>3</strong></span> <span class='ocrx_word' id='word_1_218' title='bbox 1356 1597 1459 1639; x_wconf 81' lang='lat' dir='ltr'><strong>May).</strong></span> 
     </span>
    </p>
   </div>
   <div class='ocr_carea' id='block_1_10' title="bbox 150 1647 700 1702">
    <p class='ocr_par' dir='ltr' id='par_1_14' title="bbox 150 1647 700 1702">
     <span class='ocr_line' id='line_1_27' title="bbox 150 1647 700 1702; baseline 0.042 -29"><span class='ocrx_word' id='word_1_219' title='bbox 150 1647 210 1680; x_wconf 81' lang='lat' dir='ltr'><strong>[fol.</strong></span> <span class='ocrx_word' id='word_1_220' title='bbox 258 1649 473 1701; x_wconf 81' lang='lat' dir='ltr'><strong>Plympton</strong></span> <span class='ocrx_word' id='word_1_221' title='bbox 494 1652 700 1702; x_wconf 83' lang='lat' dir='ltr'><strong>Priory‚—·</strong></span> 
     </span>
    </p>
   </div>
   <div class='ocr_carea' id='block_1_11' title="bbox 151 1682 1701 2661">
    <p class='ocr_par' dir='ltr' id='par_1_15' title="bbox 151 1682 1701 2661">
     <span class='ocr_line' id='line_1_28' title="bbox 151 1682 1692 1744; baseline 0.002 -10"><span class='ocrx_word' id='word_1_222' title='bbox 151 1682 229 1713; x_wconf 65' lang='lat' dir='ltr'>⁴3b&#39;]</span> <span class='ocrx_word' id='word_1_223' title='bbox 261 1704 388 1744; x_wconf 88' lang='lat' dir='ltr'><strong>Simon,</strong></span> <span class='ocrx_word' id='word_1_224' title='bbox 405 1705 619 1737; x_wconf 74' lang='lat' dir='ltr'><strong>miseracione</strong></span> <span class='ocrx_word' id='word_1_225' title='bbox 635 1706 758 1738; x_wconf 79' lang='lat' dir='ltr'><strong>Divina</strong></span> <span class='ocrx_word' id='word_1_226' title='bbox 773 1706 880 1738; x_wconf 84' lang='lat' dir='ltr'><strong>Tituli</strong></span> <span class='ocrx_word' id='word_1_227' title='bbox 896 1708 1011 1740; x_wconf 82' lang='lat' dir='ltr'><strong>Sancti</strong></span> <span class='ocrx_word' id='word_1_228' title='bbox 1027 1706 1116 1740; x_wconf 83' lang='lat' dir='ltr'><strong>Sixti</strong></span> <span class='ocrx_word' id='word_1_229' title='bbox 1132 1707 1255 1738; x_wconf 82' lang='lat' dir='ltr'><strong>Sancte</strong></span> <span class='ocrx_word' id='word_1_230' title='bbox 1271 1707 1421 1738; x_wconf 86' lang='lat' dir='ltr'><strong>Romane</strong></span> <span class='ocrx_word' id='word_1_231' title='bbox 1437 1706 1583 1738; x_wconf 85' lang='lat' dir='ltr'><strong>Ecclesie</strong></span> <span class='ocrx_word' id='word_1_232' title='bbox 1600 1706 1692 1737; x_wconf 83' lang='lat' dir='ltr'><strong>Pres-</strong></span> 
     </span>
     <span class='ocr_line' id='line_1_29' title="bbox 306 1748 1695 1791; baseline 0.001 -13"><span class='ocrx_word' id='word_1_233' title='bbox 306 1748 395 1779; x_wconf 87' lang='lat' dir='ltr'><strong>biter</strong></span> <span class='ocrx_word' id='word_1_234' title='bbox 426 1749 624 1788; x_wconf 73' lang='lat' dir='ltr'><strong>Carfflnalis,</strong></span> <span class='ocrx_word' id='word_1_235' title='bbox 655 1753 730 1789; x_wconf 71' lang='lat' dir='ltr'><strong>etc„</strong></span> <span class='ocrx_word' id='word_1_236' title='bbox 758 1750 904 1782; x_wconf 87' lang='lat' dir='ltr'><strong>Johanni</strong></span> <span class='ocrx_word' id='word_1_237' title='bbox 933 1752 1122 1783; x_wconf 83' lang='lat' dir='ltr'><strong>Schaldone</strong></span> <span class='ocrx_word' id='word_1_238' title='bbox 1149 1754 1184 1781; x_wconf 84' lang='lat' dir='ltr'><strong>et</strong></span> <span class='ocrx_word' id='word_1_239' title='bbox 1209 1751 1337 1791; x_wconf 80' lang='lat' dir='ltr'><strong>Rogero</strong></span> <span class='ocrx_word' id='word_1_240' title='bbox 1363 1750 1486 1790; x_wconf 84' lang='lat' dir='ltr'><strong>Roche,</strong></span> <span class='ocrx_word' id='word_1_241' title='bbox 1518 1749 1695 1781; x_wconf 87' lang='lat' dir='ltr'><strong>Canonicis</strong></span> 
     </span>
     <span class='ocr_line' id='line_1_30' title="bbox 306 1791 1696 1835; baseline 0.001 -13"><span class='ocrx_word' id='word_1_242' title='bbox 306 1791 530 1832; x_wconf 83' lang='lat' dir='ltr'><strong>Regularibus</strong></span> <span class='ocrx_word' id='word_1_243' title='bbox 555 1793 726 1825; x_wconf 87' lang='lat' dir='ltr'><strong>Prioratus</strong></span> <span class='ocrx_word' id='word_1_244' title='bbox 741 1794 783 1825; x_wconf 87' lang='lat' dir='ltr'><strong>de</strong></span> <span class='ocrx_word' id='word_1_245' title='bbox 800 1794 1012 1835; x_wconf 89' lang='lat' dir='ltr'><strong>Plymptoue,</strong></span> <span class='ocrx_word' id='word_1_246' title='bbox 1038 1794 1174 1826; x_wconf 86' lang='lat' dir='ltr'><strong>Ordinis</strong></span> <span class='ocrx_word' id='word_1_247' title='bbox 1197 1794 1313 1825; x_wconf 83' lang='lat' dir='ltr'><strong>Sancti</strong></span> <span class='ocrx_word' id='word_1_248' title='bbox 1335 1794 1529 1835; x_wconf 83' lang='lat' dir='ltr'><strong>Augustini,</strong></span> <span class='ocrx_word' id='word_1_249' title='bbox 1546 1793 1580 1824; x_wconf 89' lang='lat' dir='ltr'><strong>in</strong></span> <span class='ocrx_word' id='word_1_250' title='bbox 1604 1794 1696 1824; x_wconf 85' lang='lat' dir='ltr'><strong>dicto</strong></span> 
     </span>
     <span class='ocr_line' id='line_1_31' title="bbox 308 1835 1697 1878; baseline 0.001 -11"><span class='ocrx_word' id='word_1_251' title='bbox 308 1835 433 1867; x_wconf 84' lang='lat' dir='ltr'><strong>Ordine</strong></span> <span class='ocrx_word' id='word_1_252' title='bbox 449 1847 602 1876; x_wconf 84' lang='lat' dir='ltr'><strong>expresse</strong></span> <span class='ocrx_word' id='word_1_253' title='bbox 626 1837 794 1878; x_wconf 81' lang='lat' dir='ltr'><strong>professis,</strong></span> <span class='ocrx_word' id='word_1_254' title='bbox 813 1838 968 1877; x_wconf 85' lang='lat' dir='ltr'><strong>salutem,</strong></span> <span class='ocrx_word' id='word_1_255' title='bbox 984 1837 1255 1870; x_wconf 79' lang='lat' dir='ltr'><strong>etc.—-Exhibita</strong></span> <span class='ocrx_word' id='word_1_256' title='bbox 1278 1838 1374 1868; x_wconf 86' lang='lat' dir='ltr'><strong>nobis</strong></span> <span class='ocrx_word' id='word_1_257' title='bbox 1390 1848 1451 1878; x_wconf 93' lang='lat' dir='ltr'><strong>pro</strong></span> <span class='ocrx_word' id='word_1_258' title='bbox 1467 1840 1562 1878; x_wconf 84' lang='lat' dir='ltr'><strong>parte</strong></span> <span class='ocrx_word' id='word_1_259' title='bbox 1586 1841 1697 1868; x_wconf 84' lang='lat' dir='ltr'><strong>vestra</strong></span> 
     </span>
     <span class='ocr_line' id='line_1_32' title="bbox 308 1879 1695 1922; baseline 0.001 -13"><span class='ocrx_word' id='word_1_260' title='bbox 308 1879 434 1910; x_wconf 90' lang='lat' dir='ltr'><strong>Peticio</strong></span> <span class='ocrx_word' id='word_1_261' title='bbox 457 1880 652 1912; x_wconf 79' lang='lat' dir='ltr'><strong>continebat</strong></span> <span class='ocrx_word' id='word_1_262' title='bbox 667 1882 769 1922; x_wconf 88' lang='lat' dir='ltr'><strong>quod,</strong></span> <span class='ocrx_word' id='word_1_263' title='bbox 793 1882 922 1913; x_wconf 90' lang='lat' dir='ltr'><strong>cumin</strong></span> <span class='ocrx_word' id='word_1_264' title='bbox 939 1883 1093 1914; x_wconf 71' lang='lat' dir='ltr'><strong>Prion-atu</strong></span> <span class='ocrx_word' id='word_1_265' title='bbox 1118 1881 1280 1922; x_wconf 86' lang='lat' dir='ltr'><strong>predicto,</strong></span> <span class='ocrx_word' id='word_1_266' title='bbox 1307 1885 1442 1922; x_wconf 86' lang='lat' dir='ltr'><strong>propter</strong></span> <span class='ocrx_word' id='word_1_267' title='bbox 1465 1881 1695 1922; x_wconf 81' lang='lat' dir='ltr'><strong>pestilenciam</strong></span> 
     </span>
     <span class='ocr_line' id='line_1_33' title="bbox 307 1923 1695 1966; baseline 0.001 -13"><span class='ocrx_word' id='word_1_268' title='bbox 307 1925 343 1954; x_wconf 87' lang='lat' dir='ltr'><strong>et</strong></span> <span class='ocrx_word' id='word_1_269' title='bbox 358 1923 602 1955; x_wconf 82' lang='lat' dir='ltr'><strong>mortalitatem</strong></span> <span class='ocrx_word' id='word_1_270' title='bbox 618 1934 684 1965; x_wconf 88' lang='lat' dir='ltr'><strong>que</strong></span> <span class='ocrx_word' id='word_1_271' title='bbox 708 1924 840 1956; x_wconf 88' lang='lat' dir='ltr'><strong>dudum</strong></span> <span class='ocrx_word' id='word_1_272' title='bbox 855 1925 889 1956; x_wconf 91' lang='lat' dir='ltr'><strong>in</strong></span> <span class='ocrx_word' id='word_1_273' title='bbox 906 1926 973 1957; x_wconf 89' lang='lat' dir='ltr'><strong>illis</strong></span> <span class='ocrx_word' id='word_1_274' title='bbox 1001 1925 1160 1957; x_wconf 85' lang='lat' dir='ltr'><strong>Partibus</strong></span> <span class='ocrx_word' id='word_1_275' title='bbox 1183 1924 1339 1965; x_wconf 80' lang='lat' dir='ltr'><strong>viguerit,</strong></span> <span class='ocrx_word' id='word_1_276' title='bbox 1364 1935 1485 1966; x_wconf 85' lang='lat' dir='ltr'><strong>magna</strong></span> <span class='ocrx_word' id='word_1_277' title='bbox 1507 1925 1553 1955; x_wconf 87' lang='lat' dir='ltr'><strong>sit</strong></span> <span class='ocrx_word' id='word_1_278' title='bbox 1575 1924 1695 1956; x_wconf 80' lang='lat' dir='ltr'><strong>raritas</strong></span> 
     </span>
     <span class='ocr_line' id='line_1_34' title="bbox 308 1967 1694 2009; baseline 0.002 -13"><span class='ocrx_word' id='word_1_279' title='bbox 308 1967 533 2006; x_wconf 84' lang='lat' dir='ltr'><strong>sacerdotum,</strong></span> <span class='ocrx_word' id='word_1_280' title='bbox 551 1978 597 2006; x_wconf 77' lang='lat' dir='ltr'><strong>ac,</strong></span> <span class='ocrx_word' id='word_1_281' title='bbox 621 1968 679 1999; x_wconf 83' lang='lat' dir='ltr'><strong>illa</strong></span> <span class='ocrx_word' id='word_1_282' title='bbox 702 1968 882 2008; x_wconf 86' lang='lat' dir='ltr'><strong>occasione,</strong></span> <span class='ocrx_word' id='word_1_283' title='bbox 908 1969 1032 2001; x_wconf 87' lang='lat' dir='ltr'><strong>Cultus</strong></span> <span class='ocrx_word' id='word_1_284' title='bbox 1055 1968 1200 2000; x_wconf 89' lang='lat' dir='ltr'><strong>Divinus</strong></span> <span class='ocrx_word' id='word_1_285' title='bbox 1223 1968 1270 1999; x_wconf 87' lang='lat' dir='ltr'><strong>sic</strong></span> <span class='ocrx_word' id='word_1_286' title='bbox 1285 1968 1410 1999; x_wconf 86' lang='lat' dir='ltr'><strong>ibidem</strong></span> <span class='ocrx_word' id='word_1_287' title='bbox 1434 1968 1620 2009; x_wconf 88' lang='lat' dir='ltr'><strong>plurimum</strong></span> <span class='ocrx_word' id='word_1_288' title='bbox 1645 1968 1694 1999; x_wconf 91' lang='lat' dir='ltr'><strong>di-</strong></span> 
     </span>
     <span class='ocr_line' id='line_1_35' title="bbox 308 2009 1697 2053; baseline 0.001 -13"><span class='ocrx_word' id='word_1_289' title='bbox 308 2009 473 2050; x_wconf 79' lang='lat' dir='ltr'><strong>minutus,</strong></span> <span class='ocrx_word' id='word_1_290' title='bbox 498 2014 538 2042; x_wconf 88' lang='lat' dir='ltr'><strong>ut</strong></span> <span class='ocrx_word' id='word_1_291' title='bbox 562 2011 595 2042; x_wconf 92' lang='lat' dir='ltr'><strong>in</strong></span> <span class='ocrx_word' id='word_1_292' title='bbox 623 2011 779 2042; x_wconf 84' lang='lat' dir='ltr'><strong>vicesimo</strong></span> <span class='ocrx_word' id='word_1_293' title='bbox 802 2012 902 2043; x_wconf 78' lang='lat' dir='ltr'><strong>etatis</strong></span> <span class='ocrx_word' id='word_1_294' title='bbox 929 2016 1039 2044; x_wconf 88' lang='lat' dir='ltr'><strong>vestre</strong></span> <span class='ocrx_word' id='word_1_295' title='bbox 1060 2023 1148 2043; x_wconf 89' lang='lat' dir='ltr'><strong>anno</strong></span> <span class='ocrx_word' id='word_1_296' title='bbox 1172 2011 1318 2052; x_wconf 85' lang='lat' dir='ltr'><strong>possitis,</strong></span> <span class='ocrx_word' id='word_1_297' title='bbox 1347 2015 1383 2043; x_wconf 91' lang='lat' dir='ltr'><strong>et</strong></span> <span class='ocrx_word' id='word_1_298' title='bbox 1405 2012 1531 2053; x_wconf 87' lang='lat' dir='ltr'><strong>poterit</strong></span> <span class='ocrx_word' id='word_1_299' title='bbox 1553 2011 1697 2053; x_wconf 89' lang='lat' dir='ltr'><strong>quilibet</strong></span> 
     </span>
     <span class='ocr_line' id='line_1_36' title="bbox 308 2054 1697 2097; baseline 0.001 -13"><span class='ocrx_word' id='word_1_300' title='bbox 308 2057 470 2093; x_wconf 85' lang='lat' dir='ltr'><strong>vestrum,</strong></span> <span class='ocrx_word' id='word_1_301' title='bbox 486 2054 529 2085; x_wconf 83' lang='lat' dir='ltr'><strong>ad</strong></span> <span class='ocrx_word' id='word_1_302' title='bbox 546 2055 689 2087; x_wconf 88' lang='lat' dir='ltr'><strong>Ordines</strong></span> <span class='ocrx_word' id='word_1_303' title='bbox 706 2055 952 2088; x_wconf 77' lang='lat' dir='ltr'><strong>Presbiteratus</strong></span> <span class='ocrx_word' id='word_1_304' title='bbox 975 2056 1172 2097; x_wconf 87' lang='lat' dir='ltr'><strong>promoveri,</strong></span> <span class='ocrx_word' id='word_1_305' title='bbox 1189 2059 1225 2086; x_wconf 87' lang='lat' dir='ltr'><strong>et</strong></span> <span class='ocrx_word' id='word_1_306' title='bbox 1240 2055 1274 2086; x_wconf 90' lang='lat' dir='ltr'><strong>in</strong></span> <span class='ocrx_word' id='word_1_307' title='bbox 1291 2055 1476 2087; x_wconf 87' lang='lat' dir='ltr'><strong>Ordinibus</strong></span> <span class='ocrx_word' id='word_1_308' title='bbox 1498 2055 1697 2096; x_wconf 88' lang='lat' dir='ltr'><strong>hujusmodi</strong></span> 
     </span>
     <span class='ocr_line' id='line_1_37' title="bbox 308 2097 1696 2141; baseline 0.002 -14"><span class='ocrx_word' id='word_1_309' title='bbox 308 2097 473 2138; x_wconf 83' lang='lat' dir='ltr'><strong>susceptis</strong></span> <span class='ocrx_word' id='word_1_310' title='bbox 489 2097 579 2129; x_wconf 87' lang='lat' dir='ltr'><strong>licite</strong></span> <span class='ocrx_word' id='word_1_311' title='bbox 589 2098 789 2138; x_wconf 85' lang='lat' dir='ltr'><strong>ministrare,</strong></span> <span class='ocrx_word' id='word_1_312' title='bbox 805 2100 977 2131; x_wconf 89' lang='lat' dir='ltr'><strong>vobiscum</strong></span> <span class='ocrx_word' id='word_1_313' title='bbox 990 2100 1183 2141; x_wconf 80' lang='lat' dir='ltr'><strong>dispensare</strong></span> <span class='ocrx_word' id='word_1_314' title='bbox 1196 2099 1454 2130; x_wconf 86' lang='lat' dir='ltr'><strong>misericorditer</strong></span> <span class='ocrx_word' id='word_1_315' title='bbox 1469 2099 1696 2139; x_wconf 84' lang='lat' dir='ltr'><strong>dignaremur.</strong></span> 
     </span>
     <span class='ocr_line' id='line_1_38' title="bbox 310 2140 1698 2183; baseline 0.001 -12"><span class='ocrx_word' id='word_1_316' title='bbox 310 2140 390 2179; x_wconf 86' lang='lat' dir='ltr'><strong>Nos,</strong></span> <span class='ocrx_word' id='word_1_317' title='bbox 408 2141 570 2172; x_wconf 86' lang='lat' dir='ltr'><strong>habentes</strong></span> <span class='ocrx_word' id='word_1_318' title='bbox 592 2152 612 2172; x_wconf 84' lang='lat' dir='ltr'><strong>a</strong></span> <span class='ocrx_word' id='word_1_319' title='bbox 635 2142 862 2182; x_wconf 78' lang='lat' dir='ltr'><strong>Sanctissimo,</strong></span> <span class='ocrx_word' id='word_1_320' title='bbox 879 2147 953 2183; x_wconf 88' lang='lat' dir='ltr'><strong>etc.‚</strong></span> <span class='ocrx_word' id='word_1_321' title='bbox 970 2143 1116 2175; x_wconf 92' lang='lat' dir='ltr'><strong>Domino</strong></span> <span class='ocrx_word' id='word_1_322' title='bbox 1140 2143 1308 2183; x_wconf 83' lang='lat' dir='ltr'><strong>Gregorio,</strong></span> <span class='ocrx_word' id='word_1_323' title='bbox 1333 2142 1456 2174; x_wconf 87' lang='lat' dir='ltr'><strong>Divina</strong></span> <span class='ocrx_word' id='word_1_324' title='bbox 1480 2142 1698 2174; x_wconf 81' lang='lat' dir='ltr'><strong>Providencia</strong></span> 
     </span>
     <span class='ocr_line' id='line_1_39' title="bbox 311 2184 1696 2228; baseline 0.002 -14"><span class='ocrx_word' id='word_1_325' title='bbox 311 2184 401 2224; x_wconf 81' lang='lat' dir='ltr'><strong>Papa</strong></span> <span class='ocrx_word' id='word_1_326' title='bbox 426 2184 502 2224; x_wconf 85' lang='lat' dir='ltr'>X10‚</span> <span class='ocrx_word' id='word_1_327' title='bbox 520 2185 736 2226; x_wconf 86' lang='lat' dir='ltr'><strong>dispensandi</strong></span> <span class='ocrx_word' id='word_1_328' title='bbox 760 2196 837 2217; x_wconf 91' lang='lat' dir='ltr'><strong>cum</strong></span> <span class='ocrx_word' id='word_1_329' title='bbox 863 2186 1062 2228; x_wconf 87' lang='lat' dir='ltr'><strong>hujusmodi</strong></span> <span class='ocrx_word' id='word_1_330' title='bbox 1085 2189 1299 2227; x_wconf 79' lang='lat' dir='ltr'><strong>potestatem,</strong></span> <span class='ocrx_word' id='word_1_331' title='bbox 1318 2197 1355 2217; x_wconf 80' lang='lat' dir='ltr'><strong>ac</strong></span> <span class='ocrx_word' id='word_1_332' title='bbox 1380 2186 1530 2217; x_wconf 82' lang='lat' dir='ltr'><strong>volentes</strong></span> <span class='ocrx_word' id='word_1_333' title='bbox 1553 2186 1696 2218; x_wconf 87' lang='lat' dir='ltr'><strong>Cultum</strong></span> 
     </span>
     <span class='ocr_line' id='line_1_40' title="bbox 310 2227 1698 2271; baseline 0.001 -13"><span class='ocrx_word' id='word_1_334' title='bbox 310 2227 470 2258; x_wconf 89' lang='lat' dir='ltr'><strong>Divinum</strong></span> <span class='ocrx_word' id='word_1_335' title='bbox 501 2229 723 2269; x_wconf 84' lang='lat' dir='ltr'><strong>augmentari,</strong></span> <span class='ocrx_word' id='word_1_336' title='bbox 747 2230 1031 2271; x_wconf 80' lang='lat' dir='ltr'><strong>consideratisque</strong></span> <span class='ocrx_word' id='word_1_337' title='bbox 1053 2230 1210 2261; x_wconf 89' lang='lat' dir='ltr'><strong>omnibus</strong></span> <span class='ocrx_word' id='word_1_338' title='bbox 1237 2229 1500 2261; x_wconf 84' lang='lat' dir='ltr'><strong>circumstanciis</strong></span> <span class='ocrx_word' id='word_1_339' title='bbox 1523 2240 1590 2270; x_wconf 91' lang='lat' dir='ltr'><strong>que</strong></span> <span class='ocrx_word' id='word_1_340' title='bbox 1612 2229 1698 2261; x_wconf 86' lang='lat' dir='ltr'><strong>circa</strong></span> 
     </span>
     <span class='ocr_line' id='line_1_41' title="bbox 308 2270 1697 2313; baseline 0.002 -12"><span class='ocrx_word' id='word_1_341' title='bbox 308 2270 527 2302; x_wconf 78' lang='lat' dir='ltr'><strong>idoneitatem</strong></span> <span class='ocrx_word' id='word_1_342' title='bbox 545 2283 762 2313; x_wconf 84' lang='lat' dir='ltr'><strong>personarum</strong></span> <span class='ocrx_word' id='word_1_343' title='bbox 779 2276 968 2305; x_wconf 79' lang='lat' dir='ltr'><strong>vestrarum</strong></span> <span class='ocrx_word' id='word_1_344' title='bbox 990 2274 1120 2305; x_wconf 83' lang='lat' dir='ltr'><strong>fuerint</strong></span> <span class='ocrx_word' id='word_1_345' title='bbox 1143 2274 1351 2312; x_wconf 75' lang='lat' dir='ltr'><strong>attentende,</strong></span> <span class='ocrx_word' id='word_1_346' title='bbox 1369 2273 1553 2313; x_wconf 87' lang='lat' dir='ltr'><strong>vobiscum,</strong></span> <span class='ocrx_word' id='word_1_347' title='bbox 1570 2276 1605 2304; x_wconf 87' lang='lat' dir='ltr'><strong>et</strong></span> <span class='ocrx_word' id='word_1_348' title='bbox 1619 2283 1697 2304; x_wconf 90' lang='lat' dir='ltr'><strong>cum</strong></span> 
     </span>
     <span class='ocr_line' id='line_1_42' title="bbox 308 2314 1700 2358; baseline 0.001 -13"><span class='ocrx_word' id='word_1_349' title='bbox 308 2314 461 2355; x_wconf 88' lang='lat' dir='ltr'><strong>quolibet</strong></span> <span class='ocrx_word' id='word_1_350' title='bbox 482 2319 642 2354; x_wconf 87' lang='lat' dir='ltr'><strong>vestrum,</strong></span> <span class='ocrx_word' id='word_1_351' title='bbox 660 2320 710 2355; x_wconf 88' lang='lat' dir='ltr'><strong>ut,</strong></span> <span class='ocrx_word' id='word_1_352' title='bbox 728 2316 925 2358; x_wconf 80' lang='lat' dir='ltr'><strong>hujusmodi</strong></span> <span class='ocrx_word' id='word_1_353' title='bbox 948 2318 1082 2349; x_wconf 80' lang='lat' dir='ltr'><strong>defectu</strong></span> <span class='ocrx_word' id='word_1_354' title='bbox 1106 2317 1206 2348; x_wconf 82' lang='lat' dir='ltr'><strong>etatis</strong></span> <span class='ocrx_word' id='word_1_355' title='bbox 1222 2327 1288 2348; x_wconf 86' lang='lat' dir='ltr'><strong>non</strong></span> <span class='ocrx_word' id='word_1_356' title='bbox 1313 2317 1480 2356; x_wconf 85' lang='lat' dir='ltr'><strong>obstante,</strong></span> <span class='ocrx_word' id='word_1_357' title='bbox 1497 2317 1640 2357; x_wconf 88' lang='lat' dir='ltr'><strong>possitis,</strong></span> <span class='ocrx_word' id='word_1_358' title='bbox 1663 2319 1700 2348; x_wconf 92' lang='lat' dir='ltr'><strong>et</strong></span> 
     </span>
     <span class='ocr_line' id='line_1_43' title="bbox 310 2358 1697 2399; baseline 0.001 -10"><span class='ocrx_word' id='word_1_359' title='bbox 310 2358 416 2399; x_wconf 88' lang='lat' dir='ltr'><strong>possit</strong></span> <span class='ocrx_word' id='word_1_360' title='bbox 431 2358 578 2398; x_wconf 86' lang='lat' dir='ltr'><strong>quilibet</strong></span> <span class='ocrx_word' id='word_1_361' title='bbox 593 2363 754 2399; x_wconf 89' lang='lat' dir='ltr'><strong>vestrum,</strong></span> <span class='ocrx_word' id='word_1_362' title='bbox 772 2360 806 2391; x_wconf 92' lang='lat' dir='ltr'><strong>in</strong></span> <span class='ocrx_word' id='word_1_363' title='bbox 823 2359 893 2391; x_wconf 66' lang='lat' dir='ltr'><strong>xxti</strong></span> <span class='ocrx_word' id='word_1_364' title='bbox 909 2361 1009 2392; x_wconf 86' lang='lat' dir='ltr'><strong>etatis</strong></span> <span class='ocrx_word' id='word_1_365' title='bbox 1033 2363 1142 2392; x_wconf 91' lang='lat' dir='ltr'><strong>vestre</strong></span> <span class='ocrx_word' id='word_1_366' title='bbox 1164 2371 1253 2391; x_wconf 82' lang='lat' dir='ltr'><strong>anno</strong></span> <span class='ocrx_word' id='word_1_367' title='bbox 1269 2361 1311 2391; x_wconf 86' lang='lat' dir='ltr'><strong>ad</strong></span> <span class='ocrx_word' id='word_1_368' title='bbox 1329 2360 1471 2392; x_wconf 91' lang='lat' dir='ltr'><strong>Ordines</strong></span> <span class='ocrx_word' id='word_1_369' title='bbox 1494 2360 1697 2391; x_wconf 79' lang='lat' dir='ltr'><strong>Presbitera-</strong></span> 
     </span>
     <span class='ocr_line' id='line_1_44' title="bbox 310 2403 1700 2444; baseline 0.001 -12"><span class='ocrx_word' id='word_1_370' title='bbox 310 2405 368 2432; x_wconf 88' lang='lat' dir='ltr'><strong>tus</strong></span> <span class='ocrx_word' id='word_1_371' title='bbox 385 2403 571 2442; x_wconf 89' lang='lat' dir='ltr'><strong>promoveri</strong></span> <span class='ocrx_word' id='word_1_372' title='bbox 595 2406 630 2434; x_wconf 93' lang='lat' dir='ltr'><strong>et</strong></span> <span class='ocrx_word' id='word_1_373' title='bbox 652 2403 686 2434; x_wconf 93' lang='lat' dir='ltr'><strong>in</strong></span> <span class='ocrx_word' id='word_1_374' title='bbox 710 2403 835 2435; x_wconf 87' lang='lat' dir='ltr'><strong>eisdem</strong></span> <span class='ocrx_word' id='word_1_375' title='bbox 858 2404 949 2435; x_wconf 88' lang='lat' dir='ltr'><strong>licite</strong></span> <span class='ocrx_word' id='word_1_376' title='bbox 974 2404 1172 2442; x_wconf 77' lang='lat' dir='ltr'><strong>ministrare,</strong></span> <span class='ocrx_word' id='word_1_377' title='bbox 1197 2404 1410 2435; x_wconf 85' lang='lat' dir='ltr'><strong>Auctoritate</strong></span> <span class='ocrx_word' id='word_1_378' title='bbox 1433 2413 1500 2444; x_wconf 81' lang='lat' dir='ltr'><strong>qua</strong></span> <span class='ocrx_word' id='word_1_379' title='bbox 1522 2403 1700 2444; x_wconf 77' lang='lat' dir='ltr'><strong>fungimur</strong></span> 
     </span>
     <span class='ocr_line' id='line_1_45' title="bbox 311 2444 1698 2488; baseline 0.002 -13"><span class='ocrx_word' id='word_1_380' title='bbox 311 2444 515 2485; x_wconf 86' lang='lat' dir='ltr'><strong>Apostolica,</strong></span> <span class='ocrx_word' id='word_1_381' title='bbox 532 2446 628 2478; x_wconf 88' lang='lat' dir='ltr'><strong>nobis</strong></span> <span class='ocrx_word' id='word_1_382' title='bbox 644 2446 678 2478; x_wconf 90' lang='lat' dir='ltr'><strong>in</strong></span> <span class='ocrx_word' id='word_1_383' title='bbox 703 2446 765 2478; x_wconf 85' lang='lat' dir='ltr'><strong>hac</strong></span> <span class='ocrx_word' id='word_1_384' title='bbox 788 2450 883 2487; x_wconf 87' lang='lat' dir='ltr'><strong>parte</strong></span> <span class='ocrx_word' id='word_1_385' title='bbox 906 2458 1068 2487; x_wconf 85' lang='lat' dir='ltr'><strong>concessa,</strong></span> <span class='ocrx_word' id='word_1_386' title='bbox 1085 2448 1128 2479; x_wconf 89' lang='lat' dir='ltr'><strong>de</strong></span> <span class='ocrx_word' id='word_1_387' title='bbox 1150 2447 1286 2488; x_wconf 84' lang='lat' dir='ltr'><strong>speciali</strong></span> <span class='ocrx_word' id='word_1_388' title='bbox 1307 2447 1418 2488; x_wconf 80' lang='lat' dir='ltr'><strong>gracia</strong></span> <span class='ocrx_word' id='word_1_389' title='bbox 1439 2447 1673 2487; x_wconf 85' lang='lat' dir='ltr'><strong>dispensamus</strong></span> <span class='ocrx_word' id='word_1_390' title='bbox 1690 2458 1698 2486; x_wconf 81' lang='lat'><em>3</em></span> 
     </span>
     <span class='ocr_line' id='line_1_46' title="bbox 313 2488 1699 2531; baseline 0.001 -11"><span class='ocrx_word' id='word_1_391' title='bbox 313 2488 627 2521; x_wconf 86' lang='lat' dir='ltr'><strong>Constitucionibus</strong></span> <span class='ocrx_word' id='word_1_392' title='bbox 644 2490 854 2531; x_wconf 88' lang='lat' dir='ltr'><strong>Apostolicis,</strong></span> <span class='ocrx_word' id='word_1_393' title='bbox 871 2492 1019 2522; x_wconf 81' lang='lat' dir='ltr'><strong>Statutis</strong></span> <span class='ocrx_word' id='word_1_394' title='bbox 1032 2490 1167 2524; x_wconf 91' lang='lat' dir='ltr'><strong>Ordinis</strong></span> <span class='ocrx_word' id='word_1_395' title='bbox 1180 2491 1293 2530; x_wconf 91' lang='lat' dir='ltr'><strong>vestri,</strong></span> <span class='ocrx_word' id='word_1_396' title='bbox 1304 2493 1341 2522; x_wconf 88' lang='lat' dir='ltr'><strong>et</strong></span> <span class='ocrx_word' id='word_1_397' title='bbox 1355 2491 1428 2522; x_wconf 82' lang='lat' dir='ltr'><strong>aliis</strong></span> <span class='ocrx_word' id='word_1_398' title='bbox 1439 2490 1615 2522; x_wconf 89' lang='lat' dir='ltr'><strong>contrariis</strong></span> <span class='ocrx_word' id='word_1_399' title='bbox 1630 2501 1699 2521; x_wconf 91' lang='lat' dir='ltr'><strong>non</strong></span> 
     </span>
     <span class='ocr_line' id='line_1_47' title="bbox 313 2532 1700 2575; baseline 0.002 -13"><span class='ocrx_word' id='word_1_400' title='bbox 313 2532 529 2563; x_wconf 81' lang='lat' dir='ltr'><strong>obstantibus</strong></span> <span class='ocrx_word' id='word_1_401' title='bbox 544 2533 966 2574; x_wconf 86' lang='lat' dir='ltr'><strong>quibuscumque.—Data</strong></span> <span class='ocrx_word' id='word_1_402' title='bbox 980 2534 1172 2571; x_wconf 89' lang='lat' dir='ltr'><strong>Londoniis,</strong></span> <span class='ocrx_word' id='word_1_403' title='bbox 1189 2533 1254 2575; x_wconf 63' lang='lat' dir='ltr'><strong>vj⁶⁰</strong></span> <span class='ocrx_word' id='word_1_404' title='bbox 1270 2534 1352 2565; x_wconf 89' lang='lat' dir='ltr'><strong>Idus</strong></span> <span class='ocrx_word' id='word_1_405' title='bbox 1369 2534 1460 2573; x_wconf 83' lang='lat' dir='ltr'><strong>Maii,</strong></span> <span class='ocrx_word' id='word_1_406' title='bbox 1478 2534 1700 2565; x_wconf 84' lang='lat' dir='ltr'><strong>Pontificatus</strong></span> 
     </span>
     <span class='ocr_line' id='line_1_48' title="bbox 314 2575 1701 2619; baseline 0.003 -14"><span class='ocrx_word' id='word_1_407' title='bbox 314 2575 535 2615; x_wconf 84' lang='lat' dir='ltr'><strong>Sanctissimi,</strong></span> <span class='ocrx_word' id='word_1_408' title='bbox 559 2579 633 2616; x_wconf 70' lang='lat' dir='ltr'><strong>etc„</strong></span> <span class='ocrx_word' id='word_1_409' title='bbox 651 2577 788 2608; x_wconf 89' lang='lat' dir='ltr'><strong>Domini</strong></span> <span class='ocrx_word' id='word_1_410' title='bbox 811 2578 971 2619; x_wconf 87' lang='lat' dir='ltr'><strong>Gregorii,</strong></span> <span class='ocrx_word' id='word_1_411' title='bbox 996 2578 1118 2609; x_wconf 83' lang='lat' dir='ltr'><strong>Divina</strong></span> <span class='ocrx_word' id='word_1_412' title='bbox 1140 2577 1352 2618; x_wconf 85' lang='lat' dir='ltr'><strong>providencia</strong></span> <span class='ocrx_word' id='word_1_413' title='bbox 1374 2578 1464 2618; x_wconf 84' lang='lat' dir='ltr'><strong>Pape</strong></span> <span class='ocrx_word' id='word_1_414' title='bbox 1479 2575 1582 2617; x_wconf 65' lang='lat' dir='ltr'><strong>XImi,</strong></span> <span class='ocrx_word' id='word_1_415' title='bbox 1601 2577 1701 2609; x_wconf 86' lang='lat' dir='ltr'><strong>Anno</strong></span> 
     </span>
     <span class='ocr_line' id='line_1_49' title="bbox 314 2618 766 2661; baseline 0.004 -12"><span class='ocrx_word' id='word_1_416' title='bbox 314 2619 461 2650; x_wconf 86' lang='lat' dir='ltr'><strong>secundo</strong></span> <span class='ocrx_word' id='word_1_417' title='bbox 477 2618 534 2658; x_wconf 91' lang='lat'><strong>[10</strong></span> <span class='ocrx_word' id='word_1_418' title='bbox 550 2619 638 2661; x_wconf 83' lang='lat' dir='ltr'><strong>May,</strong></span> <span class='ocrx_word' id='word_1_419' title='bbox 658 2619 766 2660; x_wconf 79' lang='lat'><strong>13721.</strong></span> 
     </span>
    </p>
   </div>
   <div class='ocr_carea' id='block_1_12' title="bbox 156 2137 220 2203">
    <p class='ocr_par' dir='ltr' id='par_1_16' title="bbox 156 2137 220 2203">
     <span class='ocr_line' id='line_1_50' title="bbox 156 2137 220 2169; baseline 0.016 -5"><span class='ocrx_word' id='word_1_420' title='bbox 156 2137 220 2169; x_wconf 73' lang='lat' dir='ltr'><strong>[fol.</strong></span> 
     </span>
     <span class='ocr_line' id='line_1_51' title="bbox 156 2173 213 2203; baseline 0 -5"><span class='ocrx_word' id='word_1_421' title='bbox 156 2173 213 2203; x_wconf 77' lang='lat'>44.]</span> 
     </span>
    </p>
   </div>
   <div class='ocr_carea' id='block_1_13' title="bbox 163 2731 1704 2862">
    <p class='ocr_par' dir='ltr' id='par_1_17' title="bbox 163 2731 1704 2862">
     <span class='ocr_line' id='line_1_52' title="bbox 163 2731 1439 2802; baseline -0.004 -11"><span class='ocrx_word' id='word_1_422' title='bbox 163 2731 241 2797; x_wconf 59' lang='lat' dir='ltr'><strong>‘2‘le</strong></span> <span class='ocrx_word' id='word_1_423' title='bbox 433 2733 548 2799; x_wconf 48' lang='lat' dir='ltr'><strong>[wit</strong></span> <span class='ocrx_word' id='word_1_424' title='bbox 587 2742 796 2789; x_wconf 71' lang='lat' dir='ltr'><strong>mutatur</strong></span> <span class='ocrx_word' id='word_1_425' title='bbox 839 2739 1150 2802; x_wconf 67' lang='lat' dir='ltr'><strong>OEunszcraciu</strong></span> <span class='ocrx_word' id='word_1_426' title='bbox 1196 2735 1439 2800; x_wconf 56' lang='lat' dir='ltr'><strong>Bonum]</strong></span> 
     </span>
     <span class='ocr_line' id='line_1_53' title="bbox 276 2811 1704 2862; baseline 0.003 -13"><span class='ocrx_word' id='word_1_427' title='bbox 276 2811 488 2851; x_wconf 84' lang='lat' dir='ltr'><strong>Visitation</strong></span> <span class='ocrx_word' id='word_1_428' title='bbox 508 2814 550 2851; x_wconf 82' lang='lat' dir='ltr'><strong>of</strong></span> <span class='ocrx_word' id='word_1_429' title='bbox 577 2814 646 2852; x_wconf 89' lang='lat' dir='ltr'><strong>the</strong></span> <span class='ocrx_word' id='word_1_430' title='bbox 665 2814 877 2853; x_wconf 78' lang='lat' dir='ltr'><strong>Cathedral</strong></span> <span class='ocrx_word' id='word_1_431' title='bbox 894 2828 905 2862; x_wconf 91' lang='lat'>;</span> <span class='ocrx_word' id='word_1_432' title='bbox 933 2815 1171 2853; x_wconf 79' lang='lat' dir='ltr'><strong>Mandatum</strong></span> <span class='ocrx_word' id='word_1_433' title='bbox 1189 2815 1243 2853; x_wconf 82' lang='lat' dir='ltr'><strong>ad</strong></span> <span class='ocrx_word' id='word_1_434' title='bbox 1261 2814 1461 2853; x_wconf 76' lang='lat' dir='ltr'><strong>citandum</strong></span> <span class='ocrx_word' id='word_1_435' title='bbox 1491 2815 1704 2854; x_wconf 78' lang='lat' dir='ltr'><strong>Ganonicos</strong></span> 
     </span>
    </p>
   </div>
   <div class='ocr_carea' id='block_1_14' title="bbox 273 2866 1704 3007">
    <p class='ocr_par' dir='ltr' id='par_1_18' title="bbox 273 2866 1704 3007">
     <span class='ocr_line' id='line_1_54' title="bbox 328 2866 1703 2921; baseline 0.002 -17"><span class='ocrx_word' id='word_1_436' title='bbox 328 2867 492 2905; x_wconf 80' lang='lat' dir='ltr'><strong>Ecclesie</strong></span> <span class='ocrx_word' id='word_1_437' title='bbox 510 2869 738 2906; x_wconf 72' lang='lat' dir='ltr'><strong>Exont‘ensis</strong></span> <span class='ocrx_word' id='word_1_438' title='bbox 757 2869 802 2906; x_wconf 83' lang='lat' dir='ltr'><strong>in</strong></span> <span class='ocrx_word' id='word_1_439' title='bbox 823 2869 1051 2907; x_wconf 80' lang='lat' dir='ltr'><strong>Visitacione</strong></span> <span class='ocrx_word' id='word_1_440' title='bbox 1069 2869 1235 2907; x_wconf 83' lang='lat' dir='ltr'><strong>Domini</strong></span> <span class='ocrx_word' id='word_1_441' title='bbox 1255 2866 1364 2921; x_wconf 78' lang='lat' dir='ltr'><strong>[non]</strong></span> <span class='ocrx_word' id='word_1_442' title='bbox 1380 2876 1703 2918; x_wconf 74' lang='lat' dir='ltr'><strong>comparentes,—</strong></span> 
     </span>
     <span class='ocr_line' id='line_1_55' title="bbox 273 2920 1702 2962; baseline 0.002 -11"><span class='ocrx_word' id='word_1_443' title='bbox 273 2920 430 2958; x_wconf 74' lang='lat' dir='ltr'><strong>Thomas,</strong></span> <span class='ocrx_word' id='word_1_444' title='bbox 446 2926 523 2960; x_wconf 66' lang='lat' dir='ltr'><strong>etc„</strong></span> <span class='ocrx_word' id='word_1_445' title='bbox 541 2922 676 2954; x_wconf 88' lang='lat' dir='ltr'><strong>Decano</strong></span> <span class='ocrx_word' id='word_1_446' title='bbox 692 2922 838 2954; x_wconf 82' lang='lat' dir='ltr'><strong>Ecclesie</strong></span> <span class='ocrx_word' id='word_1_447' title='bbox 853 2926 967 2954; x_wconf 86' lang='lat' dir='ltr'><strong>nostre</strong></span> <span class='ocrx_word' id='word_1_448' title='bbox 983 2923 1190 2961; x_wconf 86' lang='lat' dir='ltr'><strong>Exoniensis,</strong></span> <span class='ocrx_word' id='word_1_449' title='bbox 1214 2922 1370 2962; x_wconf 83' lang='lat' dir='ltr'><strong>salutem,</strong></span> <span class='ocrx_word' id='word_1_450' title='bbox 1385 2923 1592 2955; x_wconf 55' lang='lat' dir='ltr'><strong>ete-Licet.</strong></span> <span class='ocrx_word' id='word_1_451' title='bbox 1608 2921 1702 2955; x_wconf 89' lang='lat' dir='ltr'><strong>vobis</strong></span> 
     </span>
     <span class='ocr_line' id='line_1_56' title="bbox 319 2963 1704 3007; baseline 0.002 -12"><span class='ocrx_word' id='word_1_452' title='bbox 319 2963 399 2995; x_wconf 80' lang='lat' dir='ltr'><strong>alias</strong></span> <span class='ocrx_word' id='word_1_453' title='bbox 416 2964 608 2997; x_wconf 85' lang='lat' dir='ltr'><strong>dederimus</strong></span> <span class='ocrx_word' id='word_1_454' title='bbox 623 2965 658 2996; x_wconf 90' lang='lat' dir='ltr'><strong>in</strong></span> <span class='ocrx_word' id='word_1_455' title='bbox 676 2966 845 2998; x_wconf 83' lang='lat' dir='ltr'><strong>mandatis</strong></span> <span class='ocrx_word' id='word_1_456' title='bbox 860 2967 903 2998; x_wconf 85' lang='lat' dir='ltr'><strong>ad</strong></span> <span class='ocrx_word' id='word_1_457' title='bbox 919 2966 1093 2997; x_wconf 88' lang='lat' dir='ltr'><strong>citandum</strong></span> <span class='ocrx_word' id='word_1_458' title='bbox 1109 2977 1224 2997; x_wconf 88' lang='lat' dir='ltr'><strong>omnes</strong></span> <span class='ocrx_word' id='word_1_459' title='bbox 1240 2969 1275 2998; x_wconf 87' lang='lat' dir='ltr'><strong>et</strong></span> <span class='ocrx_word' id='word_1_460' title='bbox 1290 2965 1439 3007; x_wconf 73' lang='lat' dir='ltr'><strong>singulos</strong></span> <span class='ocrx_word' id='word_1_461' title='bbox 1463 2966 1647 2999; x_wconf 83' lang='lat' dir='ltr'><strong>Canonicos</strong></span> <span class='ocrx_word' id='word_1_462' title='bbox 1668 2969 1704 2998; x_wconf 90' lang='lat' dir='ltr'><strong>et</strong></span> 
     </span>
    </p>
   </div>
  </div>
 </body>
</html>
