1988 3256
415 390 594 426 msnor
629 390 833 426 THoMAs
868 392 935 425 DE
969 363 1373 426 BRANTYNGHAM.
1646 379 1673 426 5

126 494 220 556 3³32,ng
291 495 445 534 Prelati
472 499 515 535 et
543 495 683 535 Olerus
703 496 837 547 Regni
856 495 1006 547 Anglie
1025 495 1220 534 decimam
1239 495 1481 534 triennalem
1500 496 1675 535 Domino

126 563 190 590 Vol.
206 549 247 590 1'1.
291 554 428 589 nostro
448 551 562 602 Regi,
585 555 670 589 tam
698 564 771 601 pro
798 551 999 589 solucione
1027 554 1070 588 et
1097 550 1329 588 defensione
1350 550 1483 601 Regni
1501 551 1675 601 predicti

288 618 408 655 quam
439 618 512 655 pro
549 605 810 655 expedicione
846 618 988 656 guerre
1025 605 1150 655 ipsius
1184 604 1350 643 Domini
1386 606 1516 642 nostri
1549 606 1674 656 Regis

287 663 429 697 contra
461 659 710 698 adversarios
744 673 835 698 suos
865 659 1044 705 Francie,
1081 672 1209 709 nuper
1241 659 1522 706 concesserint,
1552 664 1674 710 prout

287 714 410 760 scitis,
431 717 474 752 et
492 713 542 752 de
561 713 792 764 hujusmodi
817 714 1068 752 concessione
1094 726 1176 751 una
1194 716 1357 751 tantum
1376 712 1531 752 decima
1548 714 1675 752 fuerit

286 768 490 817 persoluta
497 781 509 816 ;
549 768 602 806 ad
634 768 886 819 exigendum,
921 767 1200 818 colligendum,
1232 771 1275 806 et
1304 767 1577 818 recipiendum
1610 768 1674 807 de-

286 822 431 860 cimam
459 822 687 861 biennalem
715 822 958 872 hujusmodi,
990 822 1165 860 Domino
1193 825 1331 860 nostro
1360 822 1465 873 Regi
1492 822 1672 861 debitam

286 879 329 914 et
347 876 579 915 solvendam
598 890 623 915 a
642 877 754 914 Viris
775 877 999 927 Religiosis‚
1021 876 1218 927 exemptis
1237 879 1280 914 et
1298 889 1380 914 non
1399 877 1607 927 exemptis,
1630 881 1672 916 et

286 930 376 969 aliis
395 932 573 981 personis
591 931 881 969 Ecclesiasticis
900 930 1226 981 quibuscumque,
1243 931 1368 969 eciam
1388 934 1525 969 nostre
1543 931 1571 969 J
1575 932 1672 970 uris-

286 984 476 1024 diccionis
497 986 726 1032 Pecuharis,
749 998 904 1023 necnon
922 999 947 1022 a
962 985 1151 1035 Capitulo
1171 985 1348 1023 Ecclesie
1367 989 1504 1023 nostre
1524 986 1671 1024 Exoni-

285 1039 391 1077 ensis
410 1040 578 1090 aliisque
594 1040 792 1086 Ecclesiis‚
811 1039 1043 1090 Collegiatis
1062 1043 1104 1077 et
1123 1052 1204 1077 non
1220 1039 1462 1090 Collegiatis,
1484 1039 1535 1078 de
1555 1039 1670 1078 bonis

285 1097 327 1131 et
346 1094 557 1132 Beneficiis
583 1095 664 1132 suis
692 1094 737 1131 in
756 1093 1102 1132 Archidiaconatu
1123 1093 1399 1140 Cornubiensi,
1421 1097 1558 1132 nostre
1577 1094 1671 1133 Dio-

284 1148 384 1186 cesis
419 1148 610 1198 predicte,
650 1149 894 1194 constitutis,
930 1161 1000 1186 vos
1030 1147 1293 1186 Collectorem
1331 1151 1374 1186 et
1404 1148 1670 1198 Receptorem

285 1205 424 1241 tenore
439 1203 696 1241 Presencium
711 1202 961 1253 deputamus.
995 1202 1242 1240 Mandantes
1254 1202 1446 1252 quatinus
1458 1202 1508 1241 de
1520 1202 1669 1241 eisdem

284 1256 496 1295 Beneficiis
525 1261 647 1307 prout
674 1257 774 1295 alias
801 1257 854 1294 ad
884 1257 1079 1295 decimam
1111 1260 1209 1294 sunt
1238 1260 1381 1294 taxata
1410 1257 1669 1295 medietatem

284 1311 404 1349 unius
450 1311 612 1359 decime,
653 1312 756 1349 citra
802 1311 968 1349 Festum
1006 1311 1252 1348 Nativitatis
1290 1311 1430 1348 Sancti
1466 1311 1495 1348 J
1498 1311 1668 1350 ohannis

284 1365 471 1415 Baptiste
507 1367 690 1416 proximo
727 1365 922 1412 futurum,
962 1365 1014 1403 ab
1051 1365 1200 1403 eisdem
1246 1368 1289 1403 et
1325 1378 1463 1403 eorum
1500 1366 1668 1416 singulis

244 1449 253 1455 .
283 1420 466 1470 exigatis,
487 1420 640 1466 levetis,
671 1424 713 1458 et
732 1420 945 1469 recipiatis,
967 1419 1020 1457 ad
1039 1432 1137 1469 opus
1156 1418 1336 1469 ejusdem
1355 1419 1521 1457 Domini
1540 1421 1669 1458 nostri

285 1474 408 1524 Regis
424 1487 436 1522 3
463 1475 669 1524 ipsamque
688 1473 945 1512 medietatem
973 1487 1045 1523 per
1073 1487 1143 1511 vos
1171 1477 1374 1523 receptam
1400 1478 1492 1523 post
1510 1474 1667 1524 lapsum

283 1529 447 1566 termini
474 1529 634 1578 prefati,
662 1529 806 1566 vestris
834 1529 1011 1578 periculo
1038 1531 1080 1566 et
1107 1528 1303 1577 expensis,
1334 1527 1598 1566 Thesaurario
1626 1532 1668 1567 et

284 1582 510 1620 Baronibus
536 1582 586 1621 de
612 1583 818 1620 Scaccario
846 1582 1012 1620 Domini
1035 1582 1164 1620 nostri
1183 1582 1308 1632 Regis
1327 1581 1559 1632 supradicti,
1581 1582 1668 1621 abs-

283 1649 359 1686 que
387 1650 495 1675 more
523 1637 700 1687 diffugio,
730 1637 978 1686 persolvatis,
1009 1640 1130 1686 prout
1157 1639 1434 1686 contemptum
1456 1638 1667 1675 memorati

283 1690 449 1728 Domini
477 1692 606 1729 nostri
626 1691 749 1741 Regis
775 1691 818 1728 in
837 1704 995 1729 omnem
1022 1694 1213 1728 eventum
1241 1703 1313 1740 pro
1342 1690 1457 1728 nobis
1476 1694 1519 1729 et
1538 1690 1662 1737 vobis,

282 1745 316 1782 si
335 1744 385 1783 de
405 1746 649 1796 necligencia
668 1746 818 1783 irretiti
836 1745 1006 1791 fueritis,
1025 1744 1131 1795 quod
1145 1744 1263 1791 absit,
1281 1745 1441 1783 caucius
1456 1745 1665 1784 volueritis

281 1799 434 1838 evitare
450 1813 461 1847 3
489 1800 685 1838 facientes
714 1799 963 1837 solventibus
991 1799 1170 1850 singulis,
1192 1803 1239 1836 ut
1258 1802 1320 1836 est
1339 1799 1470 1846 moris,
1492 1800 1666 1850 acquiet-

281 1854 419 1891 ancias
439 1853 488 1892 de
507 1854 648 1892 solut0.
707 1853 777 1891 Ad
805 1867 882 1904 que
910 1854 1044 1891 omnia
1072 1857 1114 1891 et
1142 1853 1300 1903 singula
1319 1853 1515 1900 facienda,
1537 1853 1662 1901 vobis,

281 1907 331 1945 de
359 1909 474 1958 cujus
502 1908 867 1958 circumspeccione,
899 1907 1105 1954 fidelitate,
1133 1911 1176 1945 et
1203 1907 1404 1945 industria
1431 1908 1592 1958 plenam
1621 1908 1664 1946 in

282 1961 457 2000 Domino
476 1962 663 2000 fiduciam
692 1962 930 2008 obtinemus,
952 1962 1240 2000 committimus
1260 1962 1366 2000 vices
1381 1965 1550 2008 nostras,
1573 1975 1664 2000 cum

281 2016 498 2066 cujuslibet
516 2017 760 2055 cohercionis
775 2016 976 2054 Canonice
989 2016 1415 2066 potestate—Datum
1431 2016 1660 2063 Londoniis,

280 2070 344 2120 11]ὐ
373 2070 438 2109 (110
467 2071 687 2117 Februarii,
714 2071 838 2108 Anno
867 2071 1032 2108 Domini
1058 2070 1275 2108 Millesimo
1302 2070 1453 2108 CCOm0
1483 2071 1584 2118 lxxv,
1620 2074 1662 2109 et

281 2123 604 2163 Oonsecracionis
624 2129 759 2163 nostre
778 2125 917 2175 primo.

279 2179 452 2226 —Item‚
474 2179 612 2218 eodem
631 2179 706 2225 die,
728 2183 770 2217 et
789 2178 949 2225 ibidem,
970 2179 1175 2216 consimile
1195 2177 1439 2216 Mandatum
1458 2179 1664 2217 emanavit

280 2232 439 2271 Abbati
457 2233 722 2285 Tavystochie
746 2246 819 2283 pro
847 2233 1042 2279 Devonia,
1064 2236 1111 2271 ut
1138 2233 1371 2271 continetur
1398 2233 1442 2270 in
1467 2236 1663 2283 quaterno

279 2288 550 2326 communium
569 2288 808 2326 Literarum.

117 2385 205 2446 [1⁴35ss
279 2386 619 2436 —Acquieta‘ncia
646 2400 765 2437 super
791 2386 988 2425 solucione
1007 2385 1066 2423 {aa
1091 2399 1136 2423 ac
1164 2385 1271 2435 ‘iiij
1287 2384 1464 2435 florenos
1499 2385 1661 2424 Camere

118 2453 154 2483 2]-
278 2440 505 2489 Apostolice,
526 2448 662 2487 etc.‚—-

227 2493 439 2533 Universis
466 2499 671 2545 presentes
700 2495 857 2533 Literas
885 2494 1125 2543 inspecturis
1154 2492 1373 2539 Arnaldus,
1402 2493 1660 2531 miseracione

281 2547 433 2586 Divina
470 2549 806 2599 Archiepiscopus
843 2548 1149 2593 Auxitanensis,
1190 2547 1356 2584 Domini
1388 2547 1517 2585 nostri
1551 2547 1670 2597 Pape.

280 2601 543 2650 Camerarius,
579 2604 750 2641 salutem
783 2603 826 2640 in
854 2600 1168 2640 Domino—Ad
1202 2601 1496 2639 Universitatis
1527 2605 1660 2639 vestre

279 2657 470 2694 noticiam
498 2661 636 2695 tenore
665 2657 921 2695 Presencium
950 2655 1182 2694 deducimus
1210 2654 1316 2705 quod
1337 2654 1597 2703 Reverendus
1617 2655 1661 2692 in

280 2709 442 2749 Christo
470 2711 603 2758 Pater,
635 2711 832 2749 Dominus
860 2710 1042 2756 Thomas,
1075 2710 1294 2759 Episcopus
1316 2709 1566 2755 Exoniensis,
1587 2722 1660 2758 pro

281 2765 398 2802 totali
417 2778 489 2803 suo
508 2765 708 2803 communi
728 2765 894 2802 servicio
913 2765 956 2801 in
976 2777 1053 2813 quo
1072 2766 1160 2801 erat
1173 2762 1338 2800 Camere
1352 2763 1516 2800 Domini
1531 2763 1660 2800 nostri

280 2817 388 2868 Pape
400 2819 612 2869 obligatus,
627 2820 686 2856 ix0
700 2819 868 2856 florenos
883 2818 972 2855 auri
980 2817 1069 2869 (sic)
1076 2817 1234 2867 prefato
1247 2816 1412 2854 Camere
1426 2830 1499 2866 pro
1511 2816 1660 2854 eisdem

278 2871 479 2911 famulatu
498 2877 540 2911 et
558 2873 695 2918 officio,
713 2871 1076 2922 recipientibusque
1090 2884 1161 2920 per
1176 2884 1317 2908 manus
1331 2870 1495 2908 Domini
1511 2870 1660 2908 Thome
1690 2904 1694 2907 Δ

279 2924 328 2963 de
357 2927 563 2973 Southam,
594 2926 883 2964 Archidiaconi
905 2925 1068 2976 'Oxonie
1096 2925 1139 2961 in
1169 2924 1347 2962 Ecclesia
1375 2924 1657 2970 Lincolniensi,

280 2979 345 3019 die
367 2980 462 3019 date
482 2981 739 3019 Presencium
767 2980 869 3018 solvi
897 2978 994 3017 fecit
1010 2992 1021 3026 3
1049 2978 1098 3016 de
1127 2977 1272 3028 quibus
1293 2978 1348 3016 sic
1368 2978 1510 3016 solutis
1530 2979 1661 3027 ipsum
