1988 3256
137 481 214 508 an.

135 516 214 576 ¹33²
218 549 242 576 1

138 659 203 691 [sol.

141 694 230 726 mou]

448 373 739 414 REGISTRUM
779 374 1243 414 colunum—Anno
1284 363 1378 414 13⁰.
1585 364 1680 413 469

286 493 346 524 pro
361 483 618 516 contumacibus
633 486 717 516 tunc
731 483 854 516 merito
868 483 1036 525 reputatis
1051 486 1087 515 et
1101 483 1237 522 habitis,
1254 485 1289 514 et
1304 482 1339 515 in
1364 493 1449 524 pena
1469 482 1680 514 contumacis

288 526 485 568 hujusmodi
500 527 693 559 absencium
709 527 744 559 in
767 527 904 569 negocio
926 527 1103 569 procedere
1123 527 1390 566 decernentibus,
1414 537 1493 558 cum
1516 526 1678 567 presenti—

288 570 352 602 bus
384 571 560 602 Canonicis
590 575 674 604 tunc
702 572 900 612 Capitulum
926 571 1130 603 facientibus
1160 574 1309 602 tractatu
1332 570 1509 612 prehabito
1531 570 1621 601 inter
1644 580 1680 601 se

291 614 453 654 diligenti,
467 614 647 656 frequenti,
661 618 696 646 et
707 615 872 656 solempni
889 625 897 654 ;
912 615 1061 654 demum,
1077 618 1213 655 propter
1227 625 1343 646 causas
1360 614 1536 655 premissas
1548 618 1584 645 et
1599 613 1680 644 alias

290 658 507 690 racionabiles
521 669 578 690 eos
595 662 777 698 moventes,
794 658 940 690 finaliter
961 661 997 690 et
1020 658 1235 697 unanimiter,
1246 656 1423 699 'quatenus
1446 658 1488 688 ad
1505 667 1561 688 eos
1577 657 1679 698 perti-

290 701 367 733 nuit
389 704 425 733 et
446 701 488 732 de
509 701 587 743 jure
610 702 715 742 licuit,
732 705 974 734 consenserunt
997 712 1150 743 expresse
1173 702 1274 743 quod,
1291 701 1499 733 cessantibus
1522 701 1679 741 deinceps

283 745 464 778 firmarum
494 749 530 777 et
559 746 767 778 {in-mularum
800 745 997 787 hujusmodi
1033 745 1275 777 tradicionibus
1312 749 1348 776 et
1384 744 1678 786 assignacionibus,

291 789 438 820 Maneria
468 789 581 821 omnia
604 793 640 820 et
671 790 813 830 singula,
838 789 992 827 Ecclesie,
1017 790 1237 830 possessiones
1258 792 1295 821 et
1317 789 1434 830 predia
1455 798 1678 830 quecumque,

292 836 332 865 ut
349 833 527 874 prefertur,
544 834 586 865 ad
609 833 734 865 dietam
759 833 941 865 Ecclesiam
965 837 1115 864 nostram
1137 836 1174 865 et
1196 844 1252 864 eos
1274 833 1567 874 qualitercumque
1586 842 1677 872 spec-

289 876 410 916 tanda,
427 882 496 908 tam
514 877 571 908 illa
586 887 652 919 que
669 888 729 918 per
743 877 857 908 obitus
874 877 924 908 vel
941 877 1104 908 cessiones
1121 877 1364 909 canonicorum
1381 879 1464 908 sunt
1479 877 1521 907 ad
1539 875 1678 916 Capitu-

288 920 360 952 lum
383 921 551 960 devoluta,
575 931 613 952 ac
643 931 702 961 per
725 931 780 952 eos
806 920 969 952 hactenus
991 921 1252 962 occupabantur,
1275 930 1377 961 quain
1401 920 1465 951 alia
1487 919 1598 951 adhuc
1621 930 1680 960 per

291 965 474 997 canonicos
501 964 680 996 Fir-marios
709 967 879 1006 occupata,
903 969 939 996 et
968 975 1034 1006 que
1064 965 1107 995 ad
1136 975 1252 996 eorum
1278 974 1399 995 manus
1425 963 1680 1005 quomodolibet

289 1009 488 1040 devenerint
518 1009 553 1039 in
579 1008 750 1047 futurum,
783 1018 821 1040 ac
855 1008 1010 1040 redditus
1035 1010 1071 1039 et
1097 1008 1315 1039 emolimenta
1339 1007 1419 1039 inde
1447 1007 1679 1048 proveniencia

289 1062 502 1094 quecumque
517 1052 627 1093 equali
643 1052 797 1092 porcione
812 1051 1000 1091 dividenda,
1018 1052 1204 1083 secundum
1220 1051 1473 1083 institucionem
1486 1050 1679 1092 primariam

291 1099 327 1128 et
342 1095 612 1137 antiquissimam
631 1095 775 1127 Ecclesie
799 1096 1088 1128 Consuetudinem
1112 1099 1146 1127 et
1168 1095 1394 1127 intencionem
1418 1095 1508 1126 dicte
1532 1094 1678 1126 Ecclesie

292 1140 537 1179 Fundanorum,
568 1140 610 1170 ad
634 1139 819 1171 utilitatem
842 1142 878 1171 et
902 1149 1002 1170 usum
1023 1149 1238 1171 communem
1263 1139 1507 1171 Canonicorum
1530 1138 1678 1170 residen-

290 1184 380 1215 cium
407 1186 612 1223 remaneant,
638 1183 702 1214 sub
729 1183 890 1222 custodia,
907 1183 1137 1224 disposicione,
1165 1186 1201 1214 et
1223 1183 1385 1224 regimine
1407 1182 1617 1221 eorundem;
1641 1192 1678 1213 ac

294 1228 385 1269 quod
402 1227 551 1267 Statuta,
568 1226 816 1266 Ordinaciones,
833 1230 868 1258 et
882 1227 1152 1259 consuetudines
1167 1227 1258 1258 dicte
1276 1226 1430 1266 Ecclesie,
1446 1226 1550 1258 eciam
1567 1226 1595 1257 si
1610 1225 1681 1257 sint

291 1271 441 1312 ipsorum
463 1270 665 1312 juramentis
696 1270 820 1302 vallata
842 1281 901 1302 seu
925 1271 1217 1312 qualitercumque
1240 1270 1382 1310 firmata,
1406 1271 1440 1301 in
1471 1269 1678 1301 contrarium

291 1314 383 1346 edita
412 1325 471 1346 seu
501 1314 673 1346 obviancia
702 1314 737 1345 in
768 1314 830 1345 hac
860 1318 964 1355 parte,
992 1315 1020 1346 si
1050 1325 1117 1356 que
1146 1315 1226 1353 sint,
1252 1325 1312 1355 pro
1342 1313 1493 1346 utilitate
1524 1312 1679 1354 ejusdem

291 1359 436 1390 Ecclesie
463 1358 599 1399 penitus
629 1357 863 1390 subducantur
879 1369 888 1398 ;
919 1361 1021 1398 prout
1050 1358 1115 1399 ipsi
1145 1362 1270 1399 postea,
1302 1358 1336 1389 in
1361 1358 1470 1389 Domo
1494 1356 1680 1398 Capitulari

290 1402 532 1443 capitulariter
554 1402 755 1442 congregati,
779 1412 849 1441 nos,
874 1402 977 1433 eciam
1001 1402 1219 1443 personaliter
1241 1405 1325 1433 tunc
1347 1401 1473 1433 ibidem
1497 1403 1678 1442 presentes,

292 1446 423 1487 plenius
438 1445 660 1477 informarent
675 1455 683 1484 ;
706 1445 870 1486 nobisque
886 1456 963 1477 cum
979 1445 1144 1477 instancia
1159 1445 1273 1476 debita
1294 1445 1530 1486 supplicarunt
1553 1449 1592 1476 ut
1614 1444 1680 1476 hiis

291 1494 445 1521 nostrum
461 1499 661 1520 consensum
678 1492 713 1520 et
727 1489 965 1520 auctoritatem
984 1489 1213 1520 Pontificalem
1236 1489 1430 1529 impendere
1445 1489 1480 1520 in
1496 1488 1558 1520 hac
1574 1491 1678 1530 parte,

291 1544 337 1571 ac,
354 1533 395 1564 ad
410 1532 570 1574 majorem
585 1533 777 1564 firmitatem
791 1533 1038 1573 premissorum,
1053 1536 1203 1564 statuere
1219 1536 1253 1564 et
1265 1532 1428 1571 ordinare,
1445 1533 1632 1571 decernere,
1646 1535 1681 1563 et

292 1577 445 1616 diffinire,
462 1587 563 1617 super
578 1576 702 1607 eisdem
726 1580 762 1608 et
784 1577 856 1608 aliis
879 1586 1023 1617 quorum
1047 1576 1273 1608 communiter
1295 1576 1555 1617 compererimus
1577 1576 1680 1607 refor-

293 1620 477 1652 macionem
495 1620 584 1652 dicte
603 1620 748 1651 Ecclesie
764 1623 878 1651 nostre
901 1621 1130 1660 necessariam,
1149 1620 1279 1660 utilem,
1295 1631 1354 1651 seu
1378 1620 1625 1661 expedientem,
1641 1629 1681 1651 ac

294 1664 399 1696 eciam
414 1665 450 1695 in
466 1667 640 1705 posterum
664 1663 887 1704 profuturam,
905 1667 1046 1704 paterna
1067 1664 1303 1695 benevolencia
1324 1664 1550 1704 dignaremur.
1598 1664 1680 1702 Nos,

294 1708 407 1748 igitur,
439 1708 595 1747 Thomas,
623 1710 698 1746 etc„
728 1707 887 1749 peticioni
916 1708 999 1739 dicti
1033 1708 1180 1748 Capituli
1217 1708 1335 1747 nostri,
1367 1712 1530 1748 tanquam
1561 1707 1615 1748 pie
1646 1711 1682 1739 et

294 1751 498 1790 racionabili,
514 1761 662 1782 annuere
685 1751 867 1792 cupientes,
891 1762 930 1783 ac
952 1751 1200 1783 considerantes
1223 1752 1382 1791 premissa
1405 1752 1552 1792 dampna
1574 1754 1609 1782 et
1630 1750 1680 1782 in-

292 1795 526 1827 conveniencia
540 1795 667 1835 absque
682 1798 798 1826 nostro
814 1805 962 1826 remorsu
979 1795 1181 1826 consciencie
1197 1798 1232 1826 et
1253 1795 1346 1836 gravi
1364 1795 1508 1826 Ecclesie
1524 1795 1681 1826 scandalo

296 1838 444 1870 tollerari
459 1838 592 1870 diucius
609 1849 675 1870 non
693 1839 810 1878 valere,
826 1842 879 1870 set
903 1839 1025 1870 Divino
1047 1838 1219 1880 adjutorio
1241 1843 1276 1870 et
1298 1843 1412 1870 nostre
1435 1839 1680 1879 cooperacionis

295 1882 490 1922 ministerio,
523 1885 563 1914 ut
592 1892 775 1923 speramus,
806 1893 872 1923 que
904 1882 1152 1914 Presidencium
1183 1886 1244 1914 aut
1280 1882 1423 1913 aliorum
1454 1882 1591 1914 incuriis
1620 1893 1680 1914 seu

294 1926 440 1965 desidiis,
457 1937 523 1957 non
540 1926 612 1957 sine
627 1925 815 1958 animarum
832 1926 996 1967 periculis,
1013 1929 1096 1958 sunt
1111 1930 1244 1958 mutata
1266 1926 1430 1958 hactenus
1444 1926 1497 1957 vel
1521 1926 1680 1967 dispersa,

293 1980 351 2001 seu
368 1970 518 2001 indebite
534 1969 697 2008 tollerata,
714 1970 756 2001 ad
772 1974 901 2002 statum
917 1972 953 2002 et
975 1970 1127 2001 ordinem
1151 1970 1283 2002 debitos
1305 1975 1340 2001 et
1362 1970 1530 2011 antiquos,
1547 1970 1681 2001 diucius

295 2013 376 2045 alias
406 2013 617 2054 approbatos,
643 2013 764 2044 debere
794 2013 981 2045 secundum
1011 2013 1155 2045 formam
1194 2018 1229 2045 et
1259 2013 1464 2054 exigenciam
1494 2013 1680 2055 juramenti

297 2057 542 2089 Canonicorum
570 2057 714 2098 prestiti,
739 2061 842 2097 prout
865 2057 1011 2098 expedit,
1039 2057 1154 2098 pocius
1181 2058 1350 2096 revocari;
1381 2057 1497 2089 habito
1520 2057 1679 2098 primitus

294 2111 355 2142 per
370 2111 430 2132 nos
446 2111 524 2132 cum
547 2101 638 2132 dicto
662 2101 820 2141 Capitulo
842 2105 967 2140 nostro,
984 2111 1085 2142 super
1108 2101 1278 2142 premissis
1300 2101 1458 2132 omnibus
1481 2104 1516 2131 et
1539 2101 1680 2142 singulis

295 2144 449 2185 superius
471 2144 641 2175 annotatis
663 2154 701 2176 ac
723 2144 826 2176 eciam
850 2145 1079 2185 infrascriptis,
1095 2149 1130 2176 et
1153 2155 1270 2176 eorum
1293 2145 1410 2183 causis,
1433 2147 1583 2176 tractatu
1606 2145 1680 2176 dili-

294 2188 387 2229 genti
415 2192 449 2219 et
475 2188 664 2228 solempni3
695 2188 774 2229 quia
800 2188 1034 2229 comperimus,
1065 2198 1123 2229 per
1146 2188 1420 2220 informacionem
1451 2188 1585 2229 plenam
1615 2189 1680 2220 rite

294 2242 395 2273 super
411 2231 474 2262 hoc
490 2232 640 2263 habitam
656 2235 691 2262 et
706 2235 885 2272 receptam,
902 2235 938 2263 et
953 2232 1034 2263 alias
1051 2232 1265 2273 probaciones
1288 2232 1501 2270 sufficientes,
1518 2232 1680 2273 premissa

297 2275 402 2307 eciam
417 2286 514 2307 cause
529 2275 720 2316 cognicione
735 2275 860 2315 debita,
876 2275 1152 2307 concurrentibus
1168 2276 1325 2307 omnibus
1340 2280 1376 2307 et
1397 2275 1537 2317 singulis
1560 2276 1595 2307 in
1619 2275 1680 2307 hac

297 2323 392 2360 parte
407 2318 587 2360 requisitis,
604 2319 695 2360 quod
718 2319 855 2350 evidens
878 2319 1057 2350 necessitas
1079 2323 1114 2350 et
1138 2319 1316 2351 manifesta
1340 2319 1469 2351 utilitas
1492 2322 1680 2360 exposcunt

297 2363 368 2394 fieri
395 2373 461 2403 que
491 2365 667 2403 petuntur,
695 2362 822 2395 Christi
849 2363 994 2394 Nomine
1016 2362 1181 2401 invocato,
1209 2363 1251 2394 de
1274 2363 1427 2394 unanimi
1449 2366 1485 2394 et
1507 2363 1680 2394 communi

297 2406 450 2437 omnium
475 2406 684 2446 presencium
714 2416 888 2445 consensu,
911 2406 1058 2445 consilio,
1082 2410 1117 2437 et
1147 2406 1396 2446 deliberacione,
1428 2407 1613 2438 statuimus
1643 2410 1679 2438 et

296 2450 500 2488 ordinamus,
524 2449 734 2481 decernimus
756 2452 792 2480 et
813 2449 1008 2490 diffinimus,
1031 2450 1123 2491 quod
1153 2450 1265 2481 omnia
1294 2455 1328 2481 et
1358 2450 1490 2491 singula
1520 2450 1678 2490 Maneria,

299 2493 454 2532 Ecclesie,
471 2497 507 2524 et
523 2492 743 2533 possessiones
759 2493 848 2524 dicte
865 2493 1010 2524 Ecclesie
1026 2496 1139 2525 nostre
1154 2499 1376 2535 quecumque,
1396 2498 1435 2525 ut
1450 2494 1628 2534 prefertur,
1642 2505 1679 2525 ac

296 2537 448 2568 redditus
471 2539 507 2567 et
529 2536 744 2567 emolimenta
765 2536 843 2567 inde
867 2537 1105 2577 proveniencia,
1122 2537 1234 2578 equali
1257 2537 1412 2578 porcione
1434 2537 1625 2577 dividenda,
1643 2537 1679 2570 in

297 2590 511 2611 communem
528 2579 681 2611 omnium
705 2580 949 2611 canonicorum
966 2591 1042 2612 vere
1065 2581 1287 2612 residenciuin
1311 2591 1409 2612 usum
1434 2585 1469 2612 et
1493 2581 1677 2613 utilitatem

296 2624 427 2662 cedant,
443 2634 481 2654 ac
496 2623 626 2664 integre
641 2627 678 2654 et
700 2623 844 2655 fideliter
866 2627 1116 2664 convertantur,
1132 2624 1197 2656 sub
1219 2625 1447 2674 disposicione,
1464 2625 1625 2664 custodia,
1643 2628 1679 2656 et

294 2667 456 2708 regimine
478 2677 595 2698 eorum
612 2666 664 2698 vel
687 2667 949 2699 Senescallorum
974 2668 1101 2699 futuris
1123 2668 1294 2709 perpetuis
1317 2668 1526 2709 temporibus
1548 2679 1678 2700 reman-

294 2720 397 2749 sura3
419 2710 613 2751 corporibus
630 2710 879 2742 Prebendarum
894 2711 1034 2751 singulis
1051 2711 1235 2748 Canonicis‚
1253 2715 1324 2743 tam
1345 2713 1558 2753 presentibus
1574 2723 1678 2753 quam

295 2754 501 2793 absentibus,
517 2763 555 2784 ac
569 2753 642 2785 aliis
657 2754 813 2785 oneribus
828 2754 918 2785 dicte
931 2754 1086 2794 Ecclesie,
1097 2754 1198 2795 juxta
1211 2755 1404 2786 Primariam
1416 2755 1676 2795 Fundacionem,
1709 2788 1713 2791 ,

295 2807 426 2838 semper
454 2797 593 2835 solidis;
629 2801 666 2828 et
694 2797 786 2838 quod
816 2797 1013 2838 hujusmodi
1037 2798 1194 2837 Maneria,
1219 2798 1374 2838 Ecclesie,
1398 2801 1432 2830 et
1455 2799 1678 2839 possessiones

297 2841 400 2872 nullis
423 2841 580 2882 deinceps
604 2840 780 2872 Canonicis
802 2841 854 2872 vel
877 2841 959 2880 aliis,
976 2841 1039 2872 nisi
1063 2842 1139 2882 plus
1161 2842 1391 2881 offerentibus,
1410 2846 1506 2874 extra
1527 2843 1678 2883 ipsorum

295 2885 346 2915 vel
377 2883 546 2916 dictorum
579 2884 843 2916 Senescallorum
875 2885 1063 2916 custodiam
1093 2885 1135 2916 de
1171 2889 1282 2917 cetero
1313 2886 1582 2926 committantur,
1614 2886 1679 2918 nisi

296 2927 404 2969 major
418 2927 597 2959 necessitas
614 2927 665 2958 vel
690 2927 890 2968 probabilior
913 2927 1044 2959 utilitas
1067 2928 1212 2960 Ecclesia
1234 2929 1270 2960 id
1293 2932 1458 2970 exposcat.
1506 2930 1678 2962 Promitti-

295 2981 381 3011 mus,
407 2974 531 3011 tamen,
561 2971 603 3003 de
633 2981 796 3003 consensu
825 2971 977 3003 omnium
1007 2972 1228 3013 presencium,
1255 2972 1347 3014 quod
1377 2972 1536 3005 Canonici
1567 2974 1680 3006 firmas
