1988 3256
358 361 453 406 560
585 373 688 407 THE
710 374 957 409 asffls'rsa
981 375 1047 410 or
1068 374 1250 411 iusso?
1272 375 1680 412 BRANTYNGHAM.

354 474 430 502 AD·
517 479 629 519 posito
646 479 800 512 Ecclesie
818 480 939 512 Sancti
956 480 1149 514 Clementis
1164 484 1265 514 extra
1282 483 1429 514 Barram
1446 483 1537 514 Novi
1553 483 1688 524 Templi
1711 481 1907 516 Londonia-

354 509 453 569 {733ff‘1'
514 533 603 563 rum,
619 524 712 564 quod
727 525 898 557 Dominus
913 526 935 557 J
937 526 1094 558 ohannes
1110 527 1152 558 de
1170 527 1290 559 Monte
1313 529 1418 559 acuto
1441 528 1574 559 dudum
1597 527 1713 559 tenuit
1728 537 1771 559 ex
1786 526 1906 560 dimis-

514 568 612 600 sione
629 568 850 601 Venerabilis
867 570 993 610 Patris,
1010 571 1152 602 Domini
1175 572 1197 603 J
1199 572 1347 604 ohanms
1363 572 1406 604 de
1431 571 1680 612 Grandissono,
1695 582 1810 613 nuper
1825 571 1906 613 Epi-

511 613 606 653 scopi
620 613 837 653 Exoniensis,
855 615 1115 647 Predecessoris
1131 616 1185 647 sui
1200 616 1395 655 inmediati,
1407 627 1479 648 una
1494 627 1574 648 cum
1591 617 1753 648 domibus
1765 626 1905 658 supere-

511 657 662 688 dificatis
678 662 714 689 et
730 658 878 698 gardino
893 659 1089 701 adjacente,
1106 660 1211 692 simul
1226 671 1306 692 cum
1331 661 1473 702 Capella
1497 661 1618 692 Sancti
1634 661 1767 693 Thome
1789 660 1906 693 eidem

509 703 714 733 tenemento
730 712 876 743 annexa,
894 714 957 744 pro
973 704 1110 736 Divinis
1126 705 1257 737 Officiis
1273 705 1404 737 ibidem
1419 706 1666 737 tantummodo
1675 704 1905 746 celebrandis,

511 746 652 787 absque,
679 749 810 787 tamen,
838 748 1033 790 prejudicio
1059 749 1216 781 Mati-icis
1242 750 1397 782 Ecclesie
1422 750 1544 781 Sancti
1566 749 1760 782 Clementis
1782 759 1903 791 supra-

511 790 625 829 dicte;
650 791 821 832 domibus,
837 803 930 832 vero,
947 795 984 824 et
1000 793 1128 834 shopis,
1146 804 1226 825 cum
1241 794 1360 835 parvis
1374 794 1533 835 gardinis
1555 794 1688 827 eisdem
1710 793 1902 836 adjacenti·

510 835 585 874 bus,
602 845 624 866 a
639 839 742 876 porta
757 836 937 877 ingressus
953 838 998 869 ad
1014 841 1258 870 tenementum
1274 839 1482 879 predictum,
1498 849 1621 871 versus
1641 839 1789 880 Regiam
1805 837 1902 871 Stra-

510 881 594 919 tam,
612 890 721 921 usque
745 881 790 912 ad
813 884 1057 914 tenementum
1081 883 1222 914 Domini
1246 883 1495 915 Bathoniensis
1519 883 1692 925 Episcopi,
1716 883 1812 915 dicto
1833 883 1902 915 Do·

509 924 606 955 mino
623 925 796 966 Episcopo
812 925 1012 966 Exoniensi,
1028 930 1065 959 et
1080 928 1153 959 suis
1178 927 1455 967 Successoribus,
1472 928 1673 969 specialiter
1691 927 1902 969 reservati„

510 968 712 1001 habendum
728 972 765 1001 et
781 972 973 1002 tenendum
990 974 1106 1003 totum
1129 972 1328 1012 predictum
1352 975 1607 1012 tenementum,
1629 982 1702 1004 una
1724 981 1806 1004 cum
1820 981 1899 1013 gar-

510 1013 592 1044 dino
608 1016 645 1045 et
662 1014 815 1054 Capella,
832 1016 936 1047 modo
952 1026 1020 1067 quo
1035 1016 1224 1057 prefertur,
1241 1017 1380 1057 prefato
1402 1017 1424 1049 J
1426 1017 1556 1049 ohanm
1572 1019 1609 1049 et
1623 1017 1748 1057 Alicie,
1763 1016 1900 1048 heredi-

509 1057 575 1088 bus
591 1060 627 1089 et
644 1058 897 1091 Executoribus
914 1061 996 1100 suis,
1013 1061 1058 1092 ad
1073 1061 1266 1092 terminum
1282 1061 1539 1102 quinquaginta
1554 1071 1727 1093 annorum
1741 1061 1901 1103 proximo

509 1103 734 1142 sequencium
759 1106 840 1144 post
865 1105 958 1136 diem
984 1105 1217 1137 confeccionis
1248 1106 1485 1145 Presencium,
1518 1106 1561 1137 de
1592 1106 1669 1146 ipso
1698 1105 1900 1138 Venerabili

509 1147 624 1186 Patre,
652 1148 824 1188 Episcopo
849 1150 1016 1189 predicto,
1049 1152 1086 1181 et
1116 1150 1188 1182 suis
1221 1150 1496 1189 Successoribus,
1526 1150 1645 1190 libere,
1675 1150 1832 1202 pacifice,
1862 1151 1900 1182 et

507 1191 635 1231 quiete.
684 1192 874 1224 Reddendo
897 1193 978 1225 inde
995 1195 1181 1226 annuatim
1198 1195 1264 1226 sibi
1288 1197 1324 1226 et
1349 1195 1614 1226 Successoribus
1630 1195 1703 1226 suis
1721 1195 1844 1226 decem
1858 1193 1900 1226 li-

506 1235 588 1266 bras
601 1236 860 1277 sterlingorum,
875 1238 920 1269 ad
931 1239 1036 1270 Festa
1049 1239 1192 1278 Pascha,
1201 1239 1408 1271 Nativitatis
1418 1239 1538 1270 Sancti
1545 1239 1567 1271 J
1568 1239 1718 1271 ohannis
1728 1239 1899 1280 Baptista,

482 1285 485 1287 “
508 1280 698 1322 Michaelis,
716 1283 752 1312 et
769 1282 907 1314 Natalis
924 1283 1076 1323 Domini,
1092 1294 1156 1324 per
1171 1284 1311 1324 equales
1334 1284 1526 1324 porciones.
1574 1283 1810 1324 Rapax-abunt,
1833 1283 1899 1315 ita-

506 1334 583 1365 que,
600 1326 892 1366 manutenebunt,
909 1330 945 1358 et
962 1328 1214 1359 sustentabunt
1236 1328 1344 1360 iidem
1367 1328 1389 1359 J
1390 1328 1547 1359 ohannes
1563 1330 1600 1359 et
1614 1328 1739 1367 Alicia,
1755 1329 1793 1359 et
1811 1327 1898 1360 Exe-

506 1371 644 1400 cutores
661 1370 725 1409 sui,
742 1371 876 1402 dictum
893 1373 1135 1403 tenementum
1160 1383 1201 1404 ac
1224 1373 1346 1404 domos
1369 1373 1665 1413 superedificatas,
1681 1382 1819 1404 necnon
1835 1371 1899 1404 Ca·

505 1414 633 1453 pellam
650 1415 856 1454 predictam,
873 1426 1061 1457 murosque
1077 1419 1114 1448 et
1129 1417 1310 1448 clausuras
1325 1417 1475 1458 predicti
1491 1417 1641 1457 gardini,
1651 1416 1688 1448 in
1699 1416 1792 1448 bono
1801 1417 1900 1448 statu

506 1460 543 1489 et
559 1459 773 1499 competenti
790 1460 827 1490 in
843 1461 1016 1499 omnibus,
1034 1462 1232 1502 sumptibus
1249 1462 1322 1493 suis
1340 1461 1490 1502 propriis
1506 1463 1542 1492 et
1557 1461 1730 1502 expensis,
1745 1460 1899 1493 termino

505 1503 663 1543 predicto
679 1505 914 1544 perdurante3
939 1505 1110 1545 domibus,
1134 1516 1227 1545 vero,
1252 1508 1288 1537 et
1312 1506 1456 1546 Capella
1477 1506 1655 1546 predictis,
1672 1505 1898 1537 horribilibus

505 1549 542 1578 et
557 1547 751 1580 subitaneis
774 1550 1056 1590 tempestatibus,
1080 1551 1117 1581 in
1142 1550 1294 1582 Civitate
1319 1550 1576 1582 Londoniarum
1599 1552 1636 1582 et
1658 1549 1819 1591 partibus
1834 1549 1900 1582 cir·

506 1592 712 1624 cumvicinis
729 1594 1026 1634 contingentibus,
1050 1595 1248 1635 prostratis,
1273 1597 1335 1626 aut
1357 1595 1520 1626 incendio
1535 1595 1573 1625 in
1589 1594 1750 1626 domibus
1773 1593 1898 1626 alienis

505 1638 622 1667 ortum
638 1637 790 1669 habente
807 1638 1010 1678 combustis,
1027 1639 1213 1670 dumtaxat
1228 1640 1394 1680 exceptis.
1440 1639 1585 1671 Proviso
1601 1639 1694 1680 quod
1715 1638 1823 1670 iidem
1837 1639 1896 1670 Jo-

505 1680 640 1712 hannes
656 1683 692 1712 et
708 1682 831 1722 Alicia,
855 1683 1002 1715 heredes
1025 1686 1087 1714 aut
1112 1684 1326 1716 Executores
1349 1684 1413 1722 sui,
1437 1685 1681 1715 tenementum
1696 1683 1896 1724 predictum

505 1725 696 1766 principale
729 1737 790 1758 seu
822 1727 1001 1767 Capellam
1031 1728 1228 1768 predictam
1259 1728 1363 1760 alicui
1387 1708 1490 1760 a’lteri
1514 1738 1586 1759 non
1617 1727 1811 1767 dimittant,
1834 1737 1898 1760 seu

505 1770 665 1801 dimittat
696 1780 816 1802 eorum
842 1772 978 1813 aliquis,
1006 1773 1136 1813 absque
1162 1783 1325 1813 expresso
1350 1782 1497 1804 assensu
1521 1774 1558 1803 et
1582 1772 1730 1804 licencia
1752 1771 1896 1812 speciali

505 1815 590 1845 dicti
608 1815 829 1847 Venerabilis
846 1816 972 1856 Patris,
985 1817 1148 1857 Episcopi
1158 1818 1318 1857 predicti,
1329 1827 1391 1848 seu
1403 1817 1650 1848 Successorum
1663 1826 1816 1855 suorum,
1829 1815 1896 1848 sub

505 1859 632 1890 Literis
644 1859 716 1890 suis
732 1862 794 1891 aut
812 1860 1059 1892 Successorum
1077 1872 1219 1900 suorum
1235 1862 1440 1902 patentibus
1455 1863 1492 1893 et
1509 1861 1683 1901 sigillatis.
1728 1860 1825 1899 Vult,
1841 1862 1894 1893 ta·

503 1913 595 1942 men,
607 1906 643 1934 et
654 1904 815 1935 concedit
830 1905 924 1936 idem
938 1906 1158 1937 Venerabilis
1171 1906 1276 1937 Pater
1288 1906 1380 1947 quod
1396 1906 1526 1947 prefati
1538 1906 1560 1937 J
1561 1905 1718 1936 ohannes
1729 1907 1766 1936 et
1780 1904 1896 1937 Alioia

503 1958 591 1978 uxor
606 1948 693 1989 ejus,
706 1948 853 1980 heredes
869 1952 905 1981 et
923 1950 1135 1982 Executores
1151 1951 1216 1990 sui,
1233 1951 1428 1989 tabernam,
1442 1959 1610 1989 cameras,
1627 1951 1663 1981 et
1679 1949 1816 1991 shopas,
1832 1958 1897 1990 per

502 1992 699 2032 predictum
724 1993 922 2024 Johannem
946 1994 988 2025 de
1012 2005 1103 2026 novo
1126 1995 1240 2026 factas
1264 1997 1299 2026 et
1322 1994 1553 2034 reedificatas,
1570 1994 1720 2025 situatas
1735 2003 1778 2025 ex
1793 1995 1895 2035 parte

504 2036 658 2067 Orientis
675 2039 797 2077 portus
813 2039 1008 2069 tenementi
1024 2039 1184 2079 predicti,
1199 2038 1302 2080 juxta
1318 2039 1463 2078 Regiam
1478 2038 1644 2077 Stratam,
1661 2040 1697 2070 et
1706 2037 1894 2078 gardinum

502 2081 617 2111 eidem
643 2083 846 2113 tenemento
872 2092 1058 2122 annexum,
1083 2084 1221 2114 tenenti
1247 2083 1320 2114 sive
1345 2083 1549 2114 tenentibus
1580 2082 1728 2113 diversis
1757 2081 1895 2122 possint

503 2125 687 2156 annuatim
704 2126 828 2166 locare,
846 2130 951 2166 prout
967 2127 1053 2168 ipsis
1075 2127 1253 2158 videbitur
1275 2127 1448 2167 expedire,
1465 2127 1618 2158 termino
1640 2126 1800 2167 predicto
1814 2135 1892 2168 por-

503 2170 663 2201 durante.
711 2170 767 2209 Et,
784 2171 813 2202 si
833 2171 1017 2211 contingat
1039 2171 1216 2202 redditum
1241 2172 1439 2212 predictum
1462 2181 1525 2211 per
1547 2171 1765 2212 quarterium
1786 2170 1894 2203 unius
1956 2193 1971 2216 ;==

503 2214 586 2244 anni
602 2216 681 2254 post
698 2215 849 2255 aliquem
866 2216 1058 2246 terminum
1074 2216 1273 2256 predictum
1297 2218 1413 2247 aretro
1436 2215 1597 2255 existere,
1614 2215 1651 2246 in
1666 2217 1768 2256 parte
1782 2215 1839 2247 vel
1855 2214 1893 2246 in
1954 2215 1979 2251 r‘f'

502 2260 588 2297 toto,
614 2261 676 2289 aut
703 2259 732 2290 si
757 2260 906 2300 predicti
931 2261 1110 2292 Johannes
1133 2263 1168 2291 et
1192 2261 1306 2292 Alicia
1320 2271 1408 2291 uxor
1422 2260 1509 2301 ejus,
1526 2259 1672 2291 heredes
1687 2259 1743 2291 vel
1760 2259 1892 2291 Execu-
1952 2264 1968 2304 ’ᾗ

503 2305 597 2334 tores
614 2303 677 2342 sui,
694 2314 765 2334 non
781 2305 1033 2344 reparaverint,
1050 2305 1349 2344 manutenuerint,
1369 2307 1404 2336 et
1421 2304 1707 2343 sustentaverint,
1723 2303 1760 2334 in
1775 2303 1894 2335 forma
1946 2337 1948 2339 ,

502 2350 698 2387 prenotata,
715 2350 968 2388 tenementum,
986 2350 1117 2388 domos,
1135 2349 1324 2389 Capellam,
1341 2359 1471 2388 muros,
1482 2351 1518 2379 et
1529 2349 1708 2380 clausuras
1721 2347 1890 2389 predicta,

503 2391 597 2422 infra
614 2392 831 2432 quarterium
848 2393 953 2424 unius
969 2394 1052 2424 anni
1068 2396 1255 2434 postquam
1279 2393 1560 2432 manutencione‚
1584 2392 1820 2433 repsi-acione,
1836 2391 1892 2423 vel
1946 2411 1948 2414 >

503 2437 777 2467 sustentacionie
804 2437 1031 2477 indiguerint,
1057 2448 1119 2469 seu
1147 2438 1176 2468 si
1203 2438 1402 2469 dimiserint
1426 2437 1531 2468 alicui
1555 2438 1798 2468 tenementum
1813 2445 1891 2477 pre·
1946 2454 1949 2462 κ

503 2480 636 2510 dictum
652 2481 856 2521 principale,
874 2491 935 2512 seu
952 2482 1132 2522 Capellam
1148 2482 1354 2522 predictam,
1365 2484 1427 2512 aut
1443 2481 1596 2522 aliquam
1612 2483 1750 2521 partem
1766 2489 1890 2512 eorun-

502 2524 593 2563 dem,
611 2525 684 2556 sine
702 2535 847 2556 assensu
871 2528 906 2557 et
929 2526 1076 2558 licencia
1099 2527 1209 2567 ipsius
1232 2526 1452 2557 Venerabilis
1475 2526 1601 2564 Patris,
1626 2524 1790 2566 Episcopi
1811 2533 1889 2566 pre·

501 2568 597 2607 dicti,
619 2571 682 2600 aut
708 2569 954 2601 Successorum
980 2581 1133 2610 suorum,
1157 2573 1198 2601 ut
1221 2570 1420 2610 predictum
1443 2571 1507 2610 est,
1523 2571 1652 2601 extunc
1667 2569 1756 2600 bene
1771 2567 1891 2600 licebit

500 2612 594 2643 dicto
621 2613 821 2644 Venerabili
850 2614 957 2653 Patri,
985 2617 1021 2646 et
1047 2615 1311 2646 Successoribus
1335 2614 1417 2652 suis,
1433 2614 1470 2644 in
1487 2613 1605 2645 omnia
1619 2613 1778 2654 predicta
1792 2615 1889 2644 tene·

501 2659 632 2696 menta,
659 2657 848 2698 Capellam,
873 2659 994 2690 domos
1019 2661 1055 2690 et
1081 2659 1279 2699 gardinum,
1305 2669 1385 2690 cum
1401 2657 1638 2699 pertinenciis,
1654 2657 1837 2696 reintrare,
1852 2658 1890 2688 et

501 2710 542 2731 ea
567 2701 603 2731 in
632 2704 729 2732 statu
753 2702 902 2742 pristino
929 2703 1081 2734 retinere
1106 2703 1377 2744 imperpetuum,
1401 2703 1532 2743 absque
1556 2701 1836 2733 contradiccione
1850 2702 1888 2732 et

346 2740 391 2767 sol.
500 2745 700 2786 calumpnia
715 2747 870 2786 ipsorum
886 2747 907 2778 J
910 2747 1058 2778 ohannis
1074 2750 1110 2779 et
1126 2747 1237 2778 Alicie
1254 2747 1372 2778 uxoris
1388 2757 1458 2786 sue,
1484 2746 1652 2778 heredum
1676 2745 1731 2777 vel
1756 2745 1887 2776 Execu-

345 2776 401 2802 135.
499 2791 616 2820 torum
634 2800 786 2828 suorum,
804 2801 865 2822 seu
882 2791 1029 2822 aliorum
1046 2801 1354 2832 quorumcumque.
1402 2791 1457 2829 Et,
1474 2790 1502 2821 si
1514 2790 1695 2830 contingat
1708 2788 1887 2830 prefatum
1930 2824 1931 2835 ζ
1981 2791 1982 2802 ’

502 2833 690 2864 Dominum
721 2835 941 2876 Episcopum,
973 2837 1027 2867 vel
1062 2836 1285 2867 Successores
1311 2845 1401 2874 suos,
1427 2835 1471 2866 ob
1498 2834 1676 2865 defectum
1700 2832 1887 2865 solucionis

500 2878 658 2910 redditus
674 2879 823 2919 predicti
839 2880 893 2911 vel
909 2880 1015 2911 aliam
1031 2890 1286 2921 quamcumque
1302 2889 1444 2910 causam
1461 2879 1620 2920 superius
1635 2879 1886 2919 expressatam,
1908 2903 1910 2905 ,

500 2921 537 2951 in
563 2922 658 2954 dicta
683 2926 896 2962 tenementa,
925 2925 1056 2963 domos,
1084 2927 1121 2956 et
1138 2923 1327 2965 Capellam,
1345 2934 1424 2955 cum
1444 2923 1517 2954 suis
1540 2922 1777 2964 pertinenciis,
1793 2921 1884 2954 rein-
1922 2951 1923 2954 ,
1965 2931 1979 2968 ’Ἰ

500 2967 605 3005 trare,
623 2967 782 3008 prefatus
798 2968 819 3000 J
821 2968 978 3001 ohannes
995 2969 1122 3001 Michel
1138 2968 1271 3010 obligat
1287 2978 1334 3009 se,
1351 2967 1497 3000 heredes
1513 2969 1549 3000 et
1565 2966 1778 3000 Executores
1794 2973 1886 3006 suos,
