1988 3256
365 333 460 377 530
581 346 681 379 THE
717 346 957 381 REGISTER
992 347 1052 380 oF
1087 347 1264 381 BISHOP
1299 348 1702 382 BRANTYNGHAM.

362 446 439 506 «ἓξὲ-
521 450 622 482 fidele
651 452 895 482 Inventarium
920 452 1005 483 dicti
1030 451 1199 491 defuncti,
1223 462 1294 483 una
1317 462 1397 484 cum
1416 452 1710 484 Coexecutoribus
1733 449 1912 493 predictis.

362 501 460 541 V01.'1.
521 495 566 526 Et
582 495 689 526 habet
706 496 798 527 diem
815 496 859 527 ad
875 497 1109 527 exhibendum
1126 497 1259 527 dictum
1276 497 1519 528 Inventarium
1544 497 1634 528 citra
1651 497 1744 528 idem
1765 495 1909 527 Festum

519 538 639 571 Sancti
655 541 676 571 J
678 540 835 572 ohannis.

359 598 430 663 [ἑοὶ-1
474 599 556 637 The
589 599 877 651 Arehbishop’s
907 601 1126 639 Visitation
1144 615 1154 649 3
1192 603 1428 640 Mandatum
1460 601 1746 652 Archiepiscopi
1777 606 1911 638 eontra

410 653 416 659 ’
526 655 758 704 Episcopum
791 656 1051 702 Exonz'ensem,
1085 670 1124 693 eo
1156 657 1258 705 quod
1288 657 1533 706 attemptavit
1562 657 1710 705 aliqua,
1744 655 1910 692 durante

552 709 837 758 Arckiepiscopi
867 710 1093 748 Visitacione
1115 709 1176 761 (in
1194 724 1220 747 α
1240 711 1338 748 later
1356 710 1548 758 hand),—

471 763 676 803 willelmuS‚
694 765 923 805 permissione
939 765 1068 796 Divina
1084 765 1349 796 Cantuariensis
1371 765 1675 807 Archiepiscopus,
1692 764 1818 796 Tocius
1832 763 1904 794 An-

515 809 584 848 glie
602 809 749 848 Primas,
766 812 802 840 et
819 809 1020 850 Apostolice
1046 809 1144 840 Sedis
1168 810 1331 850 Legatus,
1349 810 1486 842 dilectis
1509 811 1546 841 in
1570 810 1710 841 Christo
1725 809 1816 847 filiis,
1831 807 1904 839 ‘Ar-

493 852 719 893 [chidiacono
743 854 875 885 Exonie
907 856 942 885 et
973 854 1050 895 ejus
1075 854 1231 894 officiali,
1256 855 1416 893 salutem,
1440 853 1732 894 ete—Quamvis,
1755 853 1906 884 durante

514 897 729 929 Visitacione
746 898 1004 939 Metropolitica
1020 899 1056 929 in
1074 898 1225 930 Civitate
1242 902 1277 930 et
1294 899 1433 930 Diocesi
1457 899 1599 937 Exonie,
1615 901 1735 930 nostre
1753 897 1904 929 Cantus-

514 942 640 972 riensis
657 942 849 982 Provincie,
866 953 930 983 per
945 953 1009 974 nos
1025 943 1211 974 actualiter
1226 943 1401 982 inchoata,
1419 943 1462 975 de
1478 952 1776 984 quorumcumque
1787 941 1902 973 subdi-

513 992 629 1017 torum
647 987 837 1018 earundem
863 987 1026 1018 Civitatis
1050 989 1085 1018 et
1108 988 1265 1018 Diocesis
1288 988 1494 1019 criminibus
1516 991 1552 1019 et
1576 987 1775 1019 excessibus
1790 985 1902 1027 inqm'-

512 1041 599 1070 rere,
616 1033 652 1062 et
668 1032 791 1063 eadem
809 1032 993 1072 corrigere,
1010 1032 1146 1072 punire,
1163 1034 1199 1063 et
1217 1033 1392 1063 Canonice
1409 1032 1612 1071 reformare,
1629 1042 1670 1063 ac
1685 1039 1902 1072 quecumque

513 1075 644 1106 Causas
657 1078 692 1106 et
708 1076 854 1116 negocia
869 1076 1043 1107 dictarum
1058 1076 1220 1107 Civitatis
1232 1079 1268 1107 et
1284 1077 1450 1116 Diocesis,
1461 1079 1535 1108 tam
1552 1087 1594 1108 ex
1607 1076 1728 1107 Officio
1738 1085 1836 1106 mero
1848 1074 1903 1106 vel

510 1123 680 1160 promoto,
692 1131 796 1161 quam
810 1121 854 1151 ad
866 1121 1043 1161 querelam
1056 1123 1092 1152 et
1104 1121 1314 1152 instanciam
1325 1121 1487 1153 Parcium
1500 1129 1798 1162 quarumcumque
1811 1118 1901 1151 Civi-

510 1164 595 1195 tatis
611 1167 647 1195 et
663 1165 819 1196 Diocesis
835 1165 1073 1205 predictarum
1093 1165 1138 1196 ad
1155 1165 1283 1196 Forum
1301 1165 1586 1197 Ecclesiasticum
1602 1165 1902 1206 qualitercumque

510 1210 719 1248 spectancia,
733 1219 850 1240 coram
866 1210 968 1241 nobis
983 1209 1185 1240 introducta
1200 1212 1237 1240 et
1251 1210 1516 1249 introducenda,
1530 1220 1592 1250 per
1606 1219 1670 1241 nos
1682 1211 1718 1240 et
1731 1207 1901 1240 Commis-

509 1253 620 1284 sarios
642 1256 782 1284 nostros
803 1254 934 1292 audire,
959 1264 1067 1295 eaque
1091 1254 1160 1285 fine
1184 1254 1302 1285 debito
1325 1254 1538 1292 terminare;
1562 1264 1603 1285 ac
1625 1253 1901 1295 quibuscumque

509 1297 659 1328 subditis
681 1298 839 1338 ipsarum
864 1298 1027 1329 Civitatis
1050 1301 1086 1329 et
1110 1298 1277 1337 Diocesis,
1299 1298 1391 1330 sicut
1414 1301 1450 1329 et
1473 1299 1610 1338 ceteris,
1625 1298 1900 1329 Diocesanorum

509 1351 652 1372 suorum
678 1342 814 1373 Literas
839 1343 1064 1374 Dimissorias
1091 1343 1192 1374 nobis
1217 1343 1473 1382 exhibentibus,
1494 1343 1532 1374 in
1555 1353 1597 1374 ea
1618 1344 1720 1383 parte
1742 1341 1899 1382 ydoneis,

509 1386 657 1417 Ordines
678 1389 752 1417 tam
770 1387 923 1418 Minores
942 1397 1047 1428 quam
1071 1387 1195 1418 Sacros
1218 1387 1378 1418 conferre
1391 1402 1399 1426 ;
1423 1397 1570 1426 necnon,
1594 1395 1830 1427 quoscumque
1853 1385 1900 1417 ad

508 1431 684 1462 Beneficia
700 1431 946 1463 Ecclesiastica
968 1432 1141 1463 dictarum
1160 1431 1322 1462 Civitatis
1341 1434 1377 1462 et
1398 1432 1565 1470 Diocesis,
1581 1431 1846 1474 qualiacumque
1861 1431 1899 1462 et

507 1475 829 1516 quomodocumque
848 1476 1016 1507 vacancia
1031 1479 1067 1507 et
1083 1478 1260 1515 vacatura,
1277 1479 1314 1507 et
1334 1476 1379 1507 ad
1400 1485 1698 1517 quorumcumque
1714 1475 1897 1506 Presenta-

507 1520 624 1551 ciones
649 1520 859 1560 spectancia,
884 1520 985 1551 nobis
1010 1523 1168 1560 tempore
1195 1520 1422 1551 Visitacionis
1448 1523 1568 1552 nostre
1594 1519 1797 1561 hujusmodi
1821 1528 1897 1559 pre-

506 1566 674 1603 sentatos,
691 1565 879 1595 admittere
898 1567 934 1596 et
952 1564 1126 1596 Canonice
1148 1565 1334 1596 instituere
1357 1565 1393 1595 in
1417 1565 1560 1604 eisdem,
1577 1574 1617 1595 ac
1638 1564 1755 1595 facere
1771 1563 1822 1595 sic
1836 1563 1896 1594 ad-

506 1609 631 1640 missos
643 1612 678 1640 et
689 1609 872 1640 institutos
882 1609 919 1639 in
931 1609 1147 1649 corporalem
1163 1610 1319 1649 ipsorum
1335 1610 1601 1650 possessionem,
1613 1611 1736 1640 nostra
1747 1607 1896 1639 auctori-

505 1656 590 1691 tate,
616 1653 734 1684 induci
748 1668 755 1691 ;
788 1656 972 1694 ceteraque
999 1654 1174 1684 Beneficia
1199 1654 1446 1685 Ecclesiastica
1470 1654 1645 1684 dictarum
1673 1652 1836 1684 Civitatis
1859 1654 1896 1684 et

505 1697 662 1729 Diocesis
679 1698 821 1736 Exonie‚
832 1698 877 1728 ad
889 1701 1046 1729 nostram
1059 1698 1291 1729 Collacionem
1309 1708 1372 1738 per
1387 1699 1524 1738 lapsum
1539 1697 1709 1738 temporis
1721 1696 1896 1735 devoluta,

505 1744 541 1772 et
556 1742 625 1773 alia
641 1752 707 1783 que
723 1752 786 1782 per
801 1742 1038 1782 privacionem
1055 1752 1117 1773 seu
1133 1743 1387 1773 ammocionem
1403 1742 1543 1773 illorum
1559 1742 1619 1783 qui
1635 1741 1768 1773 eisdem
1785 1741 1894 1772 Bene-

506 1786 592 1818 ficiis
605 1786 647 1817 de
658 1786 753 1818 facto
763 1787 1013 1817 incumbebant
1030 1797 1091 1818 seu
1107 1787 1326 1826 incumbunt,
1339 1787 1550 1818 auctoritate
1561 1788 1684 1818 nostra
1695 1785 1894 1826 Metropoli-

504 1830 576 1861 tica
605 1831 642 1861 in
666 1831 880 1862 Visitacione
903 1833 1025 1862 nostra
1048 1831 1250 1872 hujusmodi
1272 1841 1335 1871 per
1356 1841 1419 1862 nos
1442 1831 1584 1870 factam,
1601 1833 1664 1862 aut
1684 1829 1894 1868 faciendam,

504 1885 629 1906 vacare
637 1876 834 1915 contigerit,
842 1876 1001 1915 personis
1013 1876 1159 1916 ydoneis
1170 1875 1329 1907 conferre
1339 1890 1346 1914 ;
1359 1878 1395 1907 et
1403 1876 1679 1916 quibuscumque
1690 1875 1728 1905 in
1741 1874 1894 1906 civitate

505 1922 540 1950 et
550 1919 688 1951 Diocesi
700 1920 868 1960 predictis
880 1920 1055 1951 Beneficia
1065 1930 1128 1951 sua
1136 1923 1339 1960 permutare
1349 1920 1547 1951 volentibus
1559 1919 1806 1951 auctoritatem
1817 1927 1894 1959 pre·

505 1966 609 2002 stare,
620 1967 655 1995 et
669 1964 955 1995 Permutaeiones
971 1964 1173 2005 hujusmodi
1185 1974 1228 1994 ex
1240 1965 1354 1995 causis
1367 1964 1534 2004 legitimis
1550 1964 1704 1994 finaliter
1714 1963 1894 2004 expedire;

505 2010 609 2048 atque
633 2009 771 2040 Electos
798 2018 1034 2049 quoscumque
1058 2009 1096 2039 in
1122 2008 1279 2040 Abbates
1304 2018 1366 2040 seu
1387 2009 1525 2039 Priores
1549 2018 1619 2039 non
1644 2010 1835 2048 exemptos,
1857 2007 1895 2038 in

506 2052 728 2084 Monasteriis
745 2063 807 2084 seu
823 2053 1039 2084 Prioratibus
1056 2053 1230 2084 dictarum
1242 2053 1404 2084 Civitatis
1416 2056 1452 2084 et
1464 2053 1620 2084 Diocesis
1635 2062 1706 2083 non
1721 2047 1895 2093 exemptis

505 2097 721 2135 confirmare,
732 2100 768 2128 et
784 2100 856 2128 tam
874 2100 1055 2137 exemptos
1070 2107 1175 2138 quam
1191 2107 1262 2128 non
1278 2100 1458 2137 exemptos
1473 2097 1708 2135 confirmatos,
1725 2096 1756 2127 si
1770 2095 1817 2127 ad
1830 2105 1896 2128 nos

504 2144 697 2180 recurrant,
713 2141 918 2173 benedicere
931 2155 938 2179 3
963 2151 1004 2172 ac
1020 2144 1093 2172 tam
1111 2141 1404 2172 Beneficiatorum
1420 2144 1456 2172 et
1472 2141 1650 2172 Nobilium
1661 2141 1896 2172 Personarum
1952 2171 1954 2174 .

505 2195 610 2226 quam
627 2186 774 2217 aliorum
792 2186 1012 2217 subditorum
1028 2186 1185 2226 ipsarum
1210 2185 1371 2216 Civitatis
1387 2188 1423 2216 et
1439 2185 1605 2224 Diocesis,
1621 2185 1659 2216 in
1675 2185 1808 2216 eisdem
1831 2194 1894 2216 seu
1953 2186 1955 2194 ¹

505 2239 626 2261 earum
644 2230 756 2261 altera
771 2230 1030 2269 decedencium,
1047 2230 1139 2261 bona
1162 2230 1305 2261 mobilia
1321 2240 1382 2261 seu
1398 2230 1601 2268 immobilia,
1617 2229 1660 2261 de
1676 2229 1802 2270 quibus
1823 2231 1892 2261 tes-
1946 2243 1947 2247 ¹

506 2275 573 2306 tati
588 2274 732 2313 fuerint,
749 2277 907 2315 tempore
923 2274 1048 2305 mortis
1065 2284 1125 2305 sue
1141 2274 1227 2305 inibi
1243 2274 1493 2315 optinencium,
1510 2274 1738 2305 Testamenta
1758 2273 1891 2305 insinu-
1923 2298 1926 2299 ν
1943 2283 1948 2286 ·

506 2328 566 2350 are
590 2322 626 2350 et
653 2319 864 2357 examinare,
888 2319 1031 2359 ipsaque
1059 2319 1263 2360 approbare,
1291 2322 1326 2349 et
1352 2318 1553 2360 hujusmodi
1581 2318 1807 2350 Testamenta
1829 2327 1892 2349 seu

508 2362 661 2394 Ultimas
683 2363 893 2395 Voluntates
916 2363 1007 2394 tueri
1031 2365 1067 2394 et
1091 2362 1289 2401 defendere,
1313 2366 1349 2394 et
1373 2362 1627 2394 Executoribus
1649 2371 1736 2403 quos
1758 2361 1795 2393 in
1819 2361 1892 2394 suis

505 2408 707 2448 hujusmodi
723 2407 959 2439 Testamentis
975 2410 1036 2438 aut
1053 2407 1197 2439 Ultimis
1212 2407 1462 2438 Voluntatibus
1485 2406 1742 2447 deputaverint,
1766 2415 1839 2445 seu,
1863 2406 1893 2438 si

505 2452 549 2483 ab
572 2452 742 2483 intestato
766 2452 991 2489 decesserint,
1015 2452 1186 2483 bonorum
1210 2461 1352 2483 suorum
1374 2451 1712 2482 Administraciones
1734 2450 1894 2491 personis

505 2496 651 2537 ydoneis
672 2497 914 2534 committere;
939 2496 1175 2527 Executorum
1191 2505 1253 2527 seu
1268 2496 1439 2527 bonorum
1462 2495 1800 2526 Administratorum
1822 2494 1891 2526 eal·

506 2541 602 2572 culos
618 2551 679 2572 seu
695 2541 891 2578 raciocinia,
903 2550 1007 2581 super
1016 2540 1218 2581 hujusmodi
1233 2540 1405 2571 bonorum
1416 2539 1734 2570 Administracione
1744 2538 1890 2570 redden-

506 2585 560 2623 da,
577 2586 715 2625 exigere
732 2587 768 2616 et
784 2585 924 2622 audire3
948 2594 990 2616 ac
1005 2584 1146 2616 eosdem
1170 2584 1382 2615 Executores
1406 2586 1442 2615 et
1464 2583 1635 2615 bonorum
1657 2582 1890 2615 Administra-
1940 2615 1943 2619 ,

506 2632 600 2660 tores
616 2630 660 2660 ab
677 2629 796 2660 Officio
812 2631 933 2660 nostro
949 2629 1127 2659 dimittere
1143 2631 1179 2659 et
1195 2629 1348 2660 finaliter
1362 2628 1522 2667 liberare,
1538 2630 1643 2668 prout
1658 2627 1759 2659 nobis
1774 2626 1820 2659 ad
1835 2636 1888 2660 sa-

505 2673 615 2704 lutem
631 2673 829 2704 animarum
853 2683 996 2704 suarum
1019 2673 1196 2704 videbitur
1218 2673 1401 2713 expedire;
1423 2672 1491 2714 jus,
1507 2681 1652 2713 quoque,
1676 2670 1890 2712 percipiendi
1935 2706 1939 2707 ⁷

504 2720 541 2748 et
556 2717 709 2749 habendi
723 2717 872 2756 fructus,
888 2717 1056 2755 redditus,
1073 2719 1109 2748 et
1124 2719 1315 2757 proventus
1327 2726 1624 2758 quorumcumque
1635 2715 1890 2747 Beneficiorum

505 2761 829 2793 Ecclesiasticorum
839 2762 875 2792 in
883 2761 986 2793 dictis
997 2760 1148 2792 Civitate
1157 2763 1194 2792 et
1203 2761 1341 2793 Diocesi
1354 2761 1495 2799 Exonie,
1504 2760 1663 2801 predicta
1672 2762 1794 2792 nostra
1800 2758 1890 2792 Vini-

502 2806 639 2837 tacione
657 2805 914 2846 Metropolitica
928 2805 1077 2836 durante
1090 2805 1294 2836 vacancium
1305 2807 1341 2837 et
1353 2807 1610 2843 vacatmorum,
1623 2804 1667 2835 ad
1679 2813 1744 2836 nos
1755 2803 1799 2835 de
1809 2803 1889 2846 jure

504 2860 545 2881 ac
557 2850 600 2881 de
613 2851 758 2891 antiqua
769 2849 936 2881 laudabili
947 2852 984 2881 et
995 2849 1200 2890 approbata,
1212 2852 1248 2880 et
1260 2849 1296 2880 in
1307 2849 1402 2880 dicta
1410 2852 1532 2880 nostra
1545 2847 1791 2880 Cantus-riensi
1806 2847 1889 2880 Pro·

503 2894 619 2926 vincia
634 2894 792 2935 legitime
810 2893 1006 2935 prescripta
1024 2893 1287 2934 consuetudine,
1303 2896 1340 2925 et
1361 2893 1473 2925 eciam
1489 2892 1532 2924 de
1554 2892 1782 2933 Premgative
1796 2891 1892 2924 dioto
1923 2890 1927 2934 ἶ

504 2937 658 2970 Ecclesie
682 2941 801 2970 nostre
826 2937 1090 2970 Cantuariensis
1114 2938 1249 2969 notorie
1272 2937 1448 2981 pertinere
1472 2939 1673 2975 noscantur,
1688 2935 1891 2980 fuerintque
1920 2961 1923 2967 ι

1982 1505 1988 1548 1

1980 1549 1988 1613 ἑ
