1988 3256
254 368 347 412 150
451 375 551 409 THE:
587 372 831 408 REGISTER.
867 372 928 406 OF
970 371 1149 406 BISHOP
1191 372 1596 407 BRANTYNGHAM.

252 483 328 509 ΑΒ·
405 482 555 515 muniter
577 483 612 513 et
634 479 769 512 divisim
791 478 984 511 inhibemus
1008 489 1059 518 ne,
1076 478 1112 510 in
1129 478 1342 510 visitacionis
1365 480 1480 510 nostre
1502 476 1703 520 hujusmodi
1726 485 1802 517 pre-

251 516 328 578 }{3715‘
406 525 583 569 judicium,
600 527 677 566 post
704 524 820 555 datam
844 526 877 554 et
902 522 1167 554 notificacionem
1192 522 1417 562 Presencium,
1443 522 1627 563 quicquam
1650 531 1709 562 per
1731 529 1801 559 voe,

256 559 298 611 11‘3
311 570 318 577 ⁸
408 570 514 602 alium
530 580 588 601 seu
606 568 697 607 alios,
714 566 936 607 attemptatis,
954 569 1016 598 aut
1038 566 1168 598 faciatis
1192 577 1249 597 seu
1274 566 1480 607 permittatis
1495 564 1705 606 attemptari,
1723 574 1805 605 quo-

411 614 524 646 minus
557 612 690 654 plenam
721 614 756 643 et
787 611 926 642 liberam
956 610 1139 641 habeamus
1170 610 1384 642 Visitacionis
1417 610 1573 643 Officium
1611 606 1806 640 excercendi

411 657 619 696 facultatem,
635 655 711 697 jure
729 654 831 696 Regio
847 657 882 686 et
898 657 1012 686 nostro
1029 653 1421 695 supradictis.”—-Dated
1437 656 1473 686 at
1490 653 1598 696 Clyst,
1615 654 1634 685 9
1651 651 1757 693 April.

368 721 524 762 89‚—T0
542 723 682 754 Masters
698 721 789 753 John
806 720 922 752 Wiliet
937 720 1003 751 and
1020 720 1148 752 Walter
1170 720 1212 751 de
1235 721 1435 761 Bamptone,
1457 720 1589 752 Cauons
1612 718 1647 750 of
1672 719 1806 756 Exeter,

415 767 482 800 and
507 766 652 798 Thomas
675 764 844 803 Tuchelle,
870 765 907 795 R.
932 764 967 795 of
990 764 1437 805 Stoke-in-Teignhead.—“
1453 765 1502 795 Ex
1525 766 1621 805 parte
1644 760 1809 795 Johannis

416 811 517 850 Serle,
533 810 614 841 alias
630 809 712 840 dicti
728 808 888 849 Kirkeby,
905 807 1026 847 clerici,
1045 807 1141 839 nobis
1157 808 1273 839 extitit
1294 807 1492 839 intimatum
1509 807 1600 849 quod
1623 806 1695 848 ipse
1717 804 1809 844 olim,

419 856 460 887 ad
477 853 653 886 subdolam
677 851 948 894 procuracionem
971 854 1006 883 et
1029 851 1233 887 maliciosam
1257 851 1528 893 procuracionem
1551 850 1730 892 cujusdam
1752 848 1809 880 J0.

417 898 537 930 hannis
556 896 699 937 Wayfer,
717 899 835 937 captus
851 895 927 935 fuit,
945 895 1041 936 quasi
1064 905 1141 927 cum
1165 906 1375 936 manuopere,
1393 905 1470 927 cum
1496 905 1563 927 una
1586 904 1689 936 parva
1711 892 1812 924 coffra

418 945 535 981 serata,
568 940 668 982 precii
692 939 812 980 viginti
835 939 1059 978 denariorum,
1084 942 1120 970 et
1142 939 1257 970 decem
1281 942 1317 971 et
1338 949 1458 970 novem
1485 939 1588 976 libris,
1612 938 1646 970 in
1670 947 1753 968 auro
1776 938 1812 967 et

422 989 570 1027 argento,
594 985 628 1015 in
653 984 768 1015 eadem
792 983 891 1014 coffra
914 983 1147 1021 existentibus,
1172 985 1206 1014 et
1230 993 1297 1014 uno
1324 993 1410 1024 equo
1437 993 1515 1014 cum
1543 982 1626 1013 cella
1649 984 1685 1013 et
1707 981 1811 1019 freno,

422 1029 524 1071 precii
539 1031 685 1069 quatuor
701 1037 901 1065 marcarum,
920 1027 961 1057 de
985 1027 1116 1067 prefato
1132 1027 1153 1058 J
1156 1026 1287 1058 ohanne
1303 1026 1449 1068 Wayfer,
1461 1027 1515 1057 die
1527 1025 1648 1057 Martis
1662 1023 1814 1066 proxima.

421 1076 498 1115 post
516 1073 654 1103 Festum
672 1070 786 1103 Sancti
804 1070 952 1109 Martini,
970 1070 1068 1102 Anno
1086 1070 1193 1111 Regni
1209 1070 1308 1111 Regis
1325 1070 1462 1102 Domini
1478 1069 1585 1101 nostri
1600 1079 1692 1100 nunc
1716 1067 1816 1106 Regis

422 1115 676 1158 quadragesimo
692 1117 796 1154 sexte,
814 1114 905 1155 apud
922 1114 1171 1155 Marghesyowe
1189 1112 1394 1156 [Marazion]
1411 1113 1562 1153 felonice,
1580 1115 1621 1145 ut
1641 1112 1706 1144 sibi
1728 1111 1813 1143 falso

422 1160 657 1201 inponebantur,
682 1158 827 1197 furatis3
858 1168 895 1189 ac
918 1157 1040 1189 deinde
1062 1158 1165 1189 semel
1189 1168 1299 1189 coram
1324 1157 1528 1189 Vicecomite
1551 1160 1587 1188 et
1610 1156 1816 1189 coronatore

424 1204 615 1236 Comitatus
639 1201 815 1241 cornubie,
838 1204 873 1232 et
897 1201 1113 1242 postmodum
1136 1201 1262 1233 iterum
1285 1211 1396 1233 coram
1422 1201 1567 1233 Henrico
1591 1199 1760 1240 Percehay
1782 1201 1818 1230 et

425 1247 579 1281 Johanne
609 1246 706 1287 Cary,
739 1245 876 1286 Domini
906 1245 1014 1276 nostri
1046 1245 1144 1285 Regis
1174 1245 1195 1277 J
1200 1245 1376 1276 usticiariis
1401 1245 1444 1276 ad
1473 1244 1603 1284 gaolam
1629 1242 1740 1276 Castri
1773 1242 1817 1273 de

425 1293 656 1323 Launcestone
679 1289 929 1321 deliberandam
952 1288 1139 1329 assignatis,
1164 1299 1223 1329 per
1245 1289 1376 1320 dictum
1400 1288 1588 1321 ,Iohannem
1614 1287 1753 1328 Wayfer
1774 1286 1817 1317 de

425 1335 515 1367 dicta
536 1336 691 1375 pretensa
713 1333 836 1364 felonia
858 1332 1055 1373 appellatus.
1102 1333 1202 1364 Unde
1217 1332 1306 1364 idem
1323 1332 1495 1364 Johannes
1519 1331 1623 1370 Serle,
1648 1330 1819 1363 occasione

424 1378 601 1420 cujusdam
618 1376 853 1418 Inquisicionis
868 1376 1061 1417 juratorum
1077 1376 1248 1415 laicorum,
1265 1387 1324 1417 per
1346 1376 1493 1416 prefatos
1516 1375 1727 1408 Justiciarios
1743 1377 1817 1406 tan-

424 1432 526 1464 quam
543 1431 619 1452 reus
635 1420 783 1452 criminis
798 1420 983 1460 supradicti
998 1420 1211 1460 dampnatus,
1230 1419 1403 1460 privilegio
1419 1419 1562 1451 clericali
1582 1430 1617 1451 se
1639 1422 1819 1460 protegens

424 1466 524 1508 juxta
547 1464 813 1496 Ecclesiasticam
836 1464 1045 1495 Libertatem
1068 1467 1103 1494 et
1126 1463 1233 1504 Regni
1257 1463 1378 1504 Anglie
1402 1463 1702 1502 Consuetudinem,
1719 1461 1816 1494 nobis

424 1512 460 1542 et
486 1508 607 1540 carceri
634 1511 747 1539 nostro
775 1507 955 1539 Exoniensi
983 1507 1100 1539 extitit
1130 1507 1301 1547 liberatus,
1326 1510 1428 1548 prout
1451 1507 1612 1548 premissa
1634 1506 1747 1538 omnia
1777 1515 1819 1537 ex

426 1553 510 1585 actis
534 1555 569 1584 et
592 1551 741 1583 actitatis
764 1551 798 1582 in
822 1551 884 1582 hac
907 1554 1012 1592 parte,
1029 1561 1175 1592 quorum
1199 1551 1329 1589 copiam
1352 1551 1454 1582 inseri
1477 1551 1619 1583 fecimus
1641 1550 1677 1582 in
1700 1548 1820 1582 cedula

427 1597 490 1628 hiis
514 1606 652 1635 annexa,
676 1595 808 1636 plenius
831 1595 1056 1626 continentur.
1103 1594 1243 1634 Verum,
1261 1595 1341 1636 quia
1356 1595 1447 1626 idem
1469 1595 1641 1626 Johannes
1661 1594 1762 1633 serle,
1779 1595 1820 1624 ut

426 1640 594 1678 asseritur,
611 1650 712 1680 super
728 1639 866 1670 crimine
881 1639 1074 1679 supradicto
1090 1638 1135 1670 sit
1150 1639 1309 1670 innocens
1325 1642 1360 1670 et
1374 1638 1534 1679 inmunis,
1548 1638 1628 1670 fecit
1642 1637 1740 1670 nobis
1755 1637 1819 1669 fre-

426 1687 569 1725 quenter
584 1687 618 1714 et
635 1683 809 1714 humiliter
825 1683 1004 1723 supplicari
1020 1682 1181 1723 quatinus
1197 1683 1239 1714 ad
1255 1682 1361 1723 ipsius
1378 1683 1630 1723 Purgacionem,
1648 1682 1683 1714 in
1706 1681 1816 1713 forma

272 1729 399 1757 fol-251>-
429 1727 573 1759 Ecclesie
598 1730 767 1766 consueta,
792 1727 976 1767 procedere,
1001 1737 1039 1757 ac
1062 1726 1142 1758 alias
1164 1726 1334 1767 justiciam
1359 1726 1467 1758 facere
1495 1735 1714 1765 curaremus3
1745 1735 1817 1763 nos,

427 1771 526 1803 variis
550 1773 584 1802 et
606 1770 719 1801 arduis
743 1770 896 1811 negociis,
921 1772 994 1808 etc.,
1018 1769 1252 1811 multipliciter
1274 1770 1437 1811 occupati,
1463 1769 1661 1811 hujusmodi
1691 1768 1820 1810 negocii

428 1813 635 1856 expedicioni
650 1814 693 1845 ad
706 1824 840 1854 presens
852 1813 1026 1845 intendere
1037 1823 1104 1844 non
1121 1813 1278 1853 valentes,
1290 1813 1332 1845 ad
1344 1814 1563 1853 audiendum,
1576 1812 1821 1845 etc.''—-Dated

429 1862 466 1890 at
489 1858 595 1899 Clyst,
613 1856 653 1891 27
671 1857 776 1898 April.

277 1926 365 1959 [A.D.
386 1923 536 1961 90.-Το
554 1923 678 1954 Master
694 1922 840 1954 William
857 1922 1039 1964 Trevellys,
1057 1922 1076 1937 “
1088 1922 1123 1954 in
1141 1922 1241 1954 Sacra
1265 1923 1389 1963 Pagina
1412 1922 1628 1962 Professori,”
1648 1922 1762 1954 Canon
1786 1921 1822 1954 of

280 1960 368 1990 13⁷³]
431 1966 825 2007 Exeter.—Appointing
854 1966 924 1997 him
958 1966 975 1981 “
988 1967 1031 1997 ad
1063 1967 1250 2005 regendum
1281 1970 1316 1998 et
1353 1966 1612 2007 gubernandum
1646 1965 1822 2007 Hospitale

432 2010 547 2043 Sancti
564 2010 726 2042 Gabrielis
743 2010 785 2041 de
800 2009 893 2049 Clist,
914 2033 920 2040 .
938 2034 945 2041 .
965 2033 973 2040 .
993 2012 1029 2041 et
1045 2010 1246 2051 presbiteros
1261 2010 1410 2051 aliasque
1426 2020 1583 2051 personas
1599 2009 1725 2041 debiles
1737 2009 1822 2041 inibi

431 2055 601 2095 degentes,
625 2077 632 2085 .
649 2078 656 2086 .
676 2077 682 2085 .
701 2053 876 2094 dictosque
892 2053 1093 2094 presbiteros
1109 2064 1146 2085 ac
1162 2064 1278 2085 omnes
1294 2053 1375 2085 alios
1388 2053 1540 2095 ejusdem
1558 2053 1745 2094 Hospitalis
1761 2053 1821 2095 qui

433 2097 564 2130 inventi
576 2097 704 2128 fuerint
715 2097 885 2128 inhonesti
897 2097 948 2128 vel
964 2097 1102 2128 inutiles
1114 2098 1348 2137 amovendum,
1362 2100 1395 2128 et
1412 2097 1493 2128 alios
1502 2097 1574 2129 loco
1589 2097 1749 2138 ipsorum,
1762 2107 1821 2129 seu

433 2142 574 2173 aliorum
597 2141 791 2172 cedencium
815 2140 867 2172 vel
890 2140 1137 2179 decedencium,
1161 2140 1320 2182 quociens
1343 2140 1437 2172 vobis
1461 2140 1633 2172 videbitur
1663 2141 1821 2182 expedire

435 2184 738 2225 [subrogandum];
762 2184 804 2215 ad
828 2184 1024 2224 petendum,
1048 2184 1161 2224 eciam,
1179 2187 1214 2216 et
1236 2184 1465 2225 recipiendum
1489 2195 1547 2226 per
1569 2195 1628 2216 vos
1651 2184 1703 2216 vel
1719 2184 1823 2216 alium

432 2228 568 2260 nomine
594 2231 717 2266 vestro,
741 2227 782 2258 de
806 2227 1026 2259 Seneschallis
1049 2227 1209 2259 Scaccarii
1226 2228 1370 2259 Ecclesie
1386 2230 1501 2260 nostre
1524 2228 1724 2260 Exoniensis
1748 2239 1819 2269 pre-

432 2272 522 2303 dicte
537 2271 760 2313 quadraginta
774 2274 810 2302 et
825 2274 894 2303 tres
910 2281 1037 2303 marcas
1053 2281 1136 2312 quas
1152 2271 1255 2303 iidem
1278 2271 1481 2304 Seneschalli
1504 2272 1563 2313 qui
1586 2282 1647 2312 pro
1670 2275 1823 2313 tempore

433 2316 563 2347 fuerint
580 2315 721 2347 Custodi
737 2314 820 2346 dicti
837 2315 1021 2355 Hospitalis
1044 2315 1170 2346 solvere
1186 2318 1356 2353 tenentur,
1373 2315 1514 2355 singulis
1529 2315 1635 2355 annis,
1652 2316 1694 2347 de
1710 2315 1822 2347 Eccle-

433 2359 490 2391 siis
520 2359 562 2390 de
591 2358 783 2399 Westleghe
814 2362 849 2389 et
880 2358 996 2390 Sancti
1026 2358 1148 2390 Melani
1179 2359 1312 2390 Decano
1342 2361 1377 2390 et
1405 2358 1563 2400 capitulo
1593 2359 1683 2391 dicte
1710 2361 1825 2391 nostre

434 2402 578 2434 Ecclesie
602 2401 808 2440 Exoniensis,
833 2401 894 2433 hac
917 2402 958 2433 de
981 2412 1091 2440 causa,
1115 2402 1347 2443 appropriatis,
1373 2405 1475 2443 prout
1490 2402 1525 2434 in
1542 2404 1567 2434 A
1574 2403 1824 2444 ppropriacione

434 2446 601 2478 dictarum
618 2445 842 2477 Ecclesiarum
865 2448 900 2477 et
923 2445 1203 2478 Ordinacionibus
1229 2446 1502 2478 Predecessorum
1525 2450 1720 2478 nostrorum
1742 2446 1822 2478 inde

434 2490 535 2521 editis
565 2489 697 2530 plenius
720 2489 924 2529 continetur,
948 2500 985 2521 ac
1007 2489 1111 2521 eciam
1134 2500 1249 2521 omnes
1280 2490 1443 2528 redditus,
1468 2493 1661 2531 proventus,
1685 2493 1721 2522 et
1742 2500 1821 2531 pen-

433 2533 542 2564 siones
572 2533 682 2564 eidem
714 2532 881 2574 Hospitali
918 2533 1209 2574 qualitercumque
1247 2533 1389 2572 debitos,
1429 2544 1496 2565 una
1533 2544 1611 2566 cum
1649 2533 1824 2575 arreragiis

435 2576 810 2608 eorundem-’'-Dated
826 2579 862 2607 at
879 2576 984 2618 Clyst,
996 2577 1038 2608 20
1054 2576 1152 2618 Aug..
1167 2575 1262 2615 1373,
1275 2578 1295 2592 “
1309 2577 1407 2608 Anno
1426 2577 1694 2610 consecracionis
1711 2580 1825 2610 nostre

436 2620 564 2653 tercio.”
609 2619 704 2661 [This
720 2620 831 2662 Entry
846 2620 874 2651 is
889 2620 1071 2662 misplaced
1087 2620 1165 2652 here
1188 2620 1297 2652 under
1314 2619 1429 2661 1375.]

391 2679 670 2719 91.—GLASNEY,
694 2678 753 2711 the
776 2679 958 2720 Collegiate
985 2679 1121 2712 Church
1138 2679 1195 2712 of:
1220 2679 1265 2712 ad
1288 2679 1524 2721 inquirendum
1538 2680 1578 2712 de
1595 2679 1819 2722 Prepesitura.

436 2723 533 2755 From
550 2723 600 2755 the
622 2722 720 2754 Vicar
735 2722 776 2763 of
793 2723 1011 2763 Bodmin,-“
1023 2723 1080 2765 xvj
1105 2723 1160 2755 die
1184 2723 1308 2755 mensis
1324 2723 1461 2765 Aprilis,
1481 2724 1580 2756 Anno
1598 2724 1751 2766 proximo
1773 2724 1825 2756 in-

435 2767 620 2807 fraseripm,
635 2767 743 2808 recepi
756 2767 986 2807 [Mandatum]
996 2770 1147 2799 tenorem
1160 2767 1336 2799 continens
1346 2767 1824 2809 subsequentem,-Thomas,

437 2813 513 2849 etc.,
531 2810 692 2850 Magistro
708 2811 729 2842 J
732 2810 855 2842 ohanni
873 2811 1014 2853 Tyrelle,
1027 2810 1222 2842 Bachalario
1237 2811 1271 2842 in
1290 2811 1445 2852 Legibus,
1463 2814 1498 2842 et
1515 2812 1682 2853 Perpetuo
1693 2811 1826 2844 vicario

438 2854 624 2893 Bodminie‚
649 2854 803 2894 salutem,
821 2854 1021 2894 etc.—Quia
1045 2854 1211 2886 Robertus
1234 2855 1276 2886 de
1302 2855 1384 2893 Hoo,
1409 2854 1557 2895 clericus,
1576 2855 1828 2897 Prepesituram

438 2897 583 2929 Ecclesie
599 2900 712 2929 nostre
729 2898 911 2939 Collegiate
928 2898 1044 2930 Sancti
1059 2898 1199 2937 Thome,
1218 2898 1375 2938 Martiris,
1394 2898 1588 2940 Glaseneye,
1607 2920 1614 2928 .
1645 2922 1653 2931 .
1681 2922 1689 2930 .
1718 2921 1726 2931 .
1751 2909 1826 2940 pre-

283 2941 335 2967 101-
437 2944 536 2973 textu
553 2941 730 2982 cujusdam
748 2942 1005 2982 Reservacionis,
1023 2944 1064 2973 ut
1079 2942 1250 2981 asseritur,
1267 2941 1356 2973 facte
1379 2944 1531 2983 tempore
1554 2942 1641 2974 bone
1665 2941 1825 2975 memorie

284 2976 326 3002 ²⁶·
438 2984 575 3016 Domini
592 2985 720 3017 Urbani
738 2985 866 3025 Quinti,
885 2985 1128 3018 Predecessoris
1149 2985 1360 3018 Sanctissimi
1383 2986 1492 3018 Patris
1510 2986 1647 3018 Domini
1664 2985 1825 3028 Gregorii,
