1988 3256
122 463 200 491 ΑΙ).

124 498 199 525 1381.

123 531 188 558 Vol.
199 532 212 559 Ι
216 552 223 560 .

123 727 170 756 sol.
184 731 227 756 93.

426 360 716 400 REGISTRUM
763 360 1222 400 communie—Anno
1268 355 1362 400 12⁰.
1571 354 1664 398 455

274 468 375 501 dictis
398 469 798 502 Excommunicacionum
822 469 991 512 Majoruru
1014 468 1201 502 sentenciis
1223 468 1413 508 innodatos,
1429 469 1586 511 ipsosque
1609 466 1666 505 sic,

275 515 316 544 ut
346 513 567 554 premittitur,
594 513 902 546 excommunicatos
930 514 1036 551 fuisse
1065 517 1101 545 et
1126 523 1197 545 esse
1227 512 1360 554 publice
1383 516 1419 545 et
1447 512 1666 553 solempniter

274 557 452 596 nuncietis,
468 561 505 588 et
520 568 578 598 per
593 557 674 589 alios
690 557 820 589 faciatis
836 557 1000 590 nunciari.
1049 558 1078 588 A
1094 556 1354 588 denunciacione
1376 556 1574 598 hujusmodi
1596 564 1664 586 non

275 603 442 632 cessantes
471 601 586 640 donec,
610 601 653 632 de
683 604 754 632 tam
785 601 978 642 dampnatis
1007 600 1198 632 excessibus
1223 600 1467 639 satisfaciendo,
1496 598 1666 632 Mandatis

275 643 421 676 Ecclesie
437 643 612 677 humiliter
627 644 810 686 paruerint,
833 647 870 677 et
891 644 1125 676 Absolucionis
1147 644 1344 676 beneficium
1369 643 1556 675 meruerint
1577 642 1663 684 opti-

275 696 363 719 nere.
409 688 586 726 Omnibus,
602 689 748 730 insuper,
765 692 801 720 et
815 688 956 729 singulis
972 688 1198 728 Suffraganeis
1215 687 1360 720 Ecclesie
1375 691 1490 719 nostre
1513 688 1664 720 Cantus.-

275 731 392 763 riensis
419 732 538 764 vestris
566 731 688 764 Literis
714 732 834 763 harum
857 732 978 764 seriem
1009 732 1272 769 continentibus,
1305 735 1421 764 nostra
1449 730 1662 768 auctoritate,
1705 743 1709 746 ·

275 774 462 816 injungatis
477 779 518 807 ut
540 775 664 817 singuli
687 786 814 815 eorum,
833 775 867 807 iu
891 776 962 807 suis
984 775 1140 807 Ecclesiis
1164 775 1431 814 cathedralibus,
1446 786 1485 807 ac
1507 775 1664 806 omnibus

276 822 312 851 et
333 819 475 860 singulis
498 819 654 851 Ecclesiis
675 829 814 851 suarum
840 819 1028 851 Civitatum
1051 822 1088 851 et
1110 819 1314 858 Diocesium,
1339 819 1453 851 omnia
1474 822 1510 850 et
1531 817 1664 858 singula.

275 865 435 894 contenta
457 863 492 894 in
517 863 639 895 Literis
661 863 784 895 nostris
806 863 1017 904 supradictis,
1041 866 1143 903 prout
1165 862 1208 894 ad
1238 873 1518 904 unumquemque
1547 871 1664 894 eorum

276 906 411 946 attinet,
427 907 528 938 modo
544 906 705 948 premisso
727 906 841 938 debite
865 910 1087 947 exequantur,
1103 909 1138 938 et
1161 917 1220 947 per
1242 917 1320 938 suos
1342 906 1516 938 Ministros
1538 905 1664 937 faciant

277 950 398 991 exequi
427 961 505 982 cum
536 950 843 982 effectu.—Datum
881 950 1072 989 Cantusrie,
1103 950 1167 982 sub
1197 950 1305 991 sigillo
1334 953 1451 981 nostro
1481 949 1663 987 communi,

278 993 437 1025 Kalendis
463 994 682 1035 Septembris,
710 994 798 1026 A.D.
827 994 888 1026 M0.
915 994 1048 1026 CCC¹¹¹⁰
1079 993 1433 1035 lxxxij-Quarum
1462 993 1665 1026 auctoritate

277 1037 478 1075 Literarum,
502 1037 596 1069 vobis
617 1037 830 1079 injungimus
852 1040 889 1068 et
910 1037 1112 1068 mandamns
1134 1037 1296 1078 quatinus
1319 1047 1435 1069 omnes
1457 1041 1493 1069 et
1515 1036 1665 1076 singulos

278 1080 477 1122 hujusmodi
509 1081 750 1119 malefactores,
775 1081 809 1112 in
837 1084 950 1112 vestra
980 1081 1174 1114 Cathedrali
1202 1092 1241 1113 ac
1270 1081 1428 1113 omnibus
1458 1083 1494 1113 et
1523 1080 1664 1122 siugulis

278 1124 434 1156 Ecclesiis
460 1127 649 1157 vestrarum
677 1124 833 1156 Civitatis
855 1127 892 1156 et
914 1124 1072 1164 Diocesis,
1099 1125 1146 1156 sic
1175 1125 1482 1157 excommunicatos
1505 1124 1608 1156 fuisse
1630 1127 1666 1155 et

276 1178 348 1199 esse
363 1168 496 1209 publice
511 1171 547 1200 et
561 1168 789 1210 solempniter,
806 1168 992 1200 secundum
1009 1168 1152 1200 formam
1168 1168 1336 1200 dictarum
1360 1169 1560 1207 Literarum,
1586 1167 1664 1199 faci-

279 1211 345 1243 atis
367 1212 572 1244 denunciari.
620 1212 676 1243 Ab
697 1211 895 1253 hujusmodi
917 1212 1178 1244 denunciacione
1207 1222 1274 1244 non
1299 1215 1466 1244 cessantes
1488 1222 1665 1253 quousque

277 1255 475 1287 beneficium
493 1255 726 1288 Absolucionis
747 1256 783 1287 in
806 1255 868 1287 hac
892 1259 986 1296 parte
1009 1255 1195 1287 meruerint
1216 1256 1556 1296 optinere—Datum
1580 1255 1665 1287 Lon-

277 1299 397 1338 doniis,
421 1299 478 1340 xvj
504 1299 558 1330 die
581 1299 705 1331 mensis
728 1299 945 1340 Septembris,
970 1299 1069 1330 Anno
1093 1299 1229 1331 Domini
1259 1299 1462 1341 supradicto,
1486 1303 1523 1331 et
1551 1302 1666 1330 nostre

278 1342 522 1374 Trauslacionis
536 1353 624 1374 anno
640 1342 907 1381 sexta—Vobis,
925 1342 1038 1383 igitur,
1051 1342 1299 1375 committimus
1314 1346 1350 1375 et
1367 1343 1576 1382 mandamus,
1590 1346 1664 1380 etc„

277 1386 438 1427 quatinus
469 1387 581 1418 omnia
611 1389 647 1418 et
676 1386 809 1427 singula
837 1389 998 1417 contenta
1026 1387 1062 1418 iu
1094 1386 1215 1418 Literis
1244 1387 1458 1428 supradictis,
1490 1389 1593 1428 prout
1622 1386 1665 1417 ad

279 1440 559 1472 unumquemque
574 1432 726 1462 vestrum
741 1429 876 1469 attinet,
895 1430 995 1461 modo
1017 1429 1178 1470 premisso
1201 1429 1315 1462 debite
1337 1430 1372 1461 in
1389 1430 1536 1462 Ecclesia
1551 1432 1667 1461 nostra

280 1474 439 1514 predicta,
457 1476 493 1505 et
507 1473 580 1504 aliis
596 1473 752 1505 omnibus
767 1475 804 1504 et
819 1473 960 1514 singulis
975 1473 1059 1504 dicti
1075 1473 1266 1505 Decanatus
1281 1473 1446 1513 Ecclesiis‚
1464 1477 1536 1505 tam
1559 1473 1665 1506 Colle-

279 1517 379 1556 giatis
394 1527 496 1558 quam
513 1517 596 1556 aliis,
612 1516 920 1549 excommunicatos
936 1516 1133 1558 hujusmodi
1149 1517 1282 1559 publice
1304 1517 1506 1556 nunciando,
1523 1527 1665 1558 exequa-

280 1560 365 1591 mini
387 1560 458 1592 vice
488 1563 612 1592 nostra.
658 1561 705 1592 Et
727 1560 811 1601 quid
839 1560 987 1592 feceritis
1009 1561 1045 1592 in
1076 1560 1246 1601 premissis
1267 1561 1458 1593 certificetis
1488 1571 1558 1599 uos,
1582 1561 1667 1592 citra

281 1603 421 1636 Festum
451 1604 582 1636 Natalis
612 1604 750 1635 Domini
780 1603 932 1644 proximo
957 1614 1049 1636 nunc
1078 1604 1408 1636 futurum.-Dated
1433 1607 1470 1636 at
1495 1604 1600 1645 Clyst,
1625 1605 1666 1635 12

280 1647 584 1686 Octoben—Item,
614 1647 786 1679 consimile
817 1647 1018 1679 Mandatum
1054 1647 1124 1680 init
1160 1648 1327 1680 directum
1358 1648 1498 1680 cuilibet
1527 1647 1668 1680 Officiali

281 1691 599 1723 Archidiaconorum
616 1692 754 1730 Exonie,
769 1691 937 1730 Tottonie,
950 1691 1208 1733 Barnastapolie,
1222 1695 1257 1723 et
1273 1691 1451 1730 Coruubie,
1461 1691 1669 1733 singulisque

282 1734 480 1774 Abbatihus,
513 1735 694 1774 Prioribus,
726 1745 764 1767 ac
794 1734 867 1765 aliis
898 1734 1113 1774 Officialibus,
1144 1738 1216 1766 tam
1246 1735 1383 1767 Domini
1413 1735 1668 1767 Jurisdiccionis

280 1778 461 1853 I'eculizris
483 1789 586 1820 quam
610 1778 749 1811 alterius
771 1777 1018 1820 cujuscumque
1040 1778 1129 1810 inira
1151 1778 1259 1810 dictos
1290 1778 1590 1811 Archidiacouatus
1613 1789 1669 1810 ex-

280 1822 398 1854 istenti
423 1833 473 1853 us.

236 1877 453 1928 Ottery-St.
474 1876 814 1929 Mary—Colyton
829 1890 840 1925 3
869 1877 1023 1915 Licence
1042 1883 1079 1915 ιο
1097 1878 1343 1925 celebrate,—

238 1931 337 1970 Item,
360 1931 451 1972 apud
475 1931 580 1972 Clyst,
605 1931 662 1973 xvj
688 1932 742 1962 die
766 1931 929 1971 Octobris,
953 1932 1099 1963 Thomas
1122 1931 1334 1972 Bittelisgate
1357 1934 1393 1963 et
1414 1930 1570 1964 Johanua
1593 1931 1669 1974 ejus

282 1986 368 2006 uxor
383 1975 575 2006 habuerunt
592 1975 790 2014 Licenciam,
806 1981 880 2014 etc,
897 1975 932 2006 in
949 1975 1093 2016 Capellis
1108 1975 1197 2007 infra
1214 1976 1361 2007 Manet-ia
1375 1986 1445 2011 sua.
1458 1976 1500 2007 de
1517 1976 1668 2017 Kynges-

280 2022 360 2050 tone
382 2019 471 2050 iufra
494 2019 691 2051 Parochiam
713 2018 755 2050 de
779 2019 884 2059 Otery
907 2019 1029 2051 Sancte
1052 2019 1166 2058 Marie,
1189 2022 1226 2051 et
1254 2020 1297 2051 de
1323 2019 1552 2061 Sparkheighs
1578 2019 1668 2051 iufra

280 2062 476 2094 Parochiam
491 2063 533 2093 de
550 2062 720 2102 Coletone,
735 2062 872 2094 situatis
887 2073 896 2101 ;
919 2062 1094 2104 quamdiu,
1111 2066 1173 2095 etc.

238 2122 704 2161 Heauton-Punchardou
723 2135 735 2170 3
765 2122 917 2161 Licence
937 2130 974 2161 ιο
992 2122 1238 2169 celebrate,—

239 2177 339 2216 Item,
351 2177 477 2208 eisdem
493 2177 548 2208 die
562 2180 598 2208 et
612 2177 694 2216 loco,
710 2177 832 2208 nobilis
848 2177 971 2209 Mulier
985 2176 1142 2209 Johanna
1157 2178 1382 2217 Beaumonde,
1399 2177 1516 2210 relicta
1531 2177 1668 2210 Domini

277 2220 443 2252 Johannis
467 2221 690 2260 Beanmonde,
722 2220 852 2259 Militis,
876 2221 1040 2260 defuncti,
1063 2221 1184 2253 habuit
1215 2221 1404 2253 Lieenciam
1435 2221 1478 2253 de
1507 2222 1667 2253 celebrari

279 2263 440 2303 faciendo,
463 2267 541 2303 etc„
566 2264 600 2295 in
623 2275 685 2295 sua
706 2263 759 2295 vel
781 2264 963 2295 liberorum
994 2275 1133 2296 suorum
1163 2265 1343 2305 presencia,
1374 2265 1410 2296 iu
1441 2265 1577 2306 Capella
1598 2265 1669 2297 sive

282 2308 435 2340 Oratorio
450 2307 538 2339 infra
553 2308 740 2339 Manerium
757 2317 858 2339 suum
874 2308 916 2339 de
933 2308 1134 2340 Heauntone
1149 2308 1276 2340 situato
1292 2318 1300 2347 ;
1323 2308 1496 2350 quamdiu,
1514 2312 1578 2341 etc.

237 2361 420 2412 Cotleigh
459 2361 720 2414 [Cotteleghe,
760 2359 863 2415 MS.]
879 2375 890 2410 3
929 2362 993 2400 Sir
1029 2362 1202 2401 Thomas
1235 2360 1301 2416 [de
1338 2362 1667 2416 Ayschpe1·tone],

237 2416 375 2503 Liciezn'sse
391 2469 426 2501 of
442 2469 695 2502 non-residence
711 2470 763 2502 for
778 2480 798 2501 a.
819 2481 909 2512 year,
933 2470 1254 2511 “contemplacione
1280 2471 1415 2503 Domini
1438 2471 1603 2504 Johanuis
1626 2472 1669 2504 de

279 2513 448 2555 Dynham,
472 2513 602 2551 Militis,
625 2513 725 2555 cujus
748 2513 918 2555 obsequiis
941 2524 1057 2546 vacare
1079 2514 1228 2553 diciturg
1259 2538 1267 2546 .
1299 2538 1307 2546 .
1342 2538 1349 2547 .
1382 2515 1431 2547 ita
1460 2516 1562 2557 quod,
1586 2516 1670 2547 citra

280 2557 419 2589 Festum
447 2556 563 2589 Sancti
589 2557 759 2589 Michaelis
783 2557 935 2599 proximo
959 2568 1050 2590 nunc
1071 2558 1242 2598 futurum,
1266 2558 1441 2591 dimidium
1465 2569 1611 2591 marcam
1635 2560 1669 2591 in

282 2600 637 2642 recompensacionem,
653 2600 738 2632 etc.'’
756 2601 860 2641 (sume
875 2601 978 2640 date).

239 2660 404 2698 General
426 2659 589 2698 Licence
609 2665 651 2698 to
669 2660 866 2699 celebrate
882 2673 893 2708 3
921 2660 1002 2699 Pro
1024 2660 1263 2710 Capellis,-—

242 2714 341 2752 Item,
364 2714 499 2753 ibidem,
523 2714 605 2755 xviij
630 2714 685 2745 die
709 2714 872 2754 Octobris,
896 2715 1063 2746 Dominus
1084 2715 1230 2747 Thomas
1254 2715 1394 2757 chhet,
1418 2715 1524 2756 Miles,
1548 2719 1584 2748 et
1614 2717 1668 2749 Ri-

282 2757 406 2789 chards
422 2767 506 2789 uxor
520 2757 683 2798 ejusdem,
699 2757 894 2789 habuerunt
910 2757 1098 2790 Licenciam
1113 2758 1155 2790 de
1177 2758 1337 2791 celebrari
1360 2759 1512 2791 faciendo
1535 2760 1668 2799 Divina,

283 2804 361 2840 etc.,
377 2801 411 2832 iu
428 2801 569 2841 singulis
586 2801 730 2842 Capellis
744 2801 832 2832 infra
848 2801 995 2833 Manen-ia
1010 2811 1072 2833 sua
1094 2802 1236 2834 ubilibet
1260 2812 1319 2843 per
1342 2802 1508 2835 Diocesim
1532 2803 1670 2836 Domini
1700 2816 1704 2819 ⁴

285 2844 471 2876 constituta
485 2844 621 2876 situatis
637 2855 646 2884 ;
669 2844 843 2886 quamdiu,
860 2847 922 2876 etc.

241 2904 518 2951 Confessi0ns;
548 2904 904 2951 Paenitentiam-ia,—

240 2959 339 2999 Item,
362 2957 488 2990 eisdem
514 2958 568 2990 die
593 2962 628 2991 et
657 2958 738 2999 loco,
767 2958 886 2991 Frater
911 2958 1057 2991 Thomas
1086 2958 1207 2999 Truru,
1240 2959 1376 2992 Ordinis
1407 2959 1670 3002 Predicatorum,
