<?xml version="1.0" encoding="UTF-8"?>
<!DOCTYPE html PUBLIC "-//W3C//DTD XHTML 1.0 Transitional//EN"
    "http://www.w3.org/TR/xhtml1/DTD/xhtml1-transitional.dtd">
<html xmlns="http://www.w3.org/1999/xhtml" xml:lang="en" lang="en">
 <head>
  <title>
</title>
<meta http-equiv="Content-Type" content="text/html;charset=utf-8" />
  <meta name='ocr-system' content='tesseract 3.04.00' />
  <meta name='ocr-capabilities' content='ocr_page ocr_carea ocr_par ocr_line ocrx_word'/>
</head>
<body>
  <div class='ocr_page' id='page_1' title='image "./registerofthomas01hinguoft/registerofthomas01hinguoft_0393.png"; bbox 0 0 1988 3256; ppageno 0'>
   <div class='ocr_carea' id='block_1_1' title="bbox 458 366 1673 417">
    <p class='ocr_par' dir='ltr' id='par_1_1' title="bbox 458 366 1673 417">
     <span class='ocr_line' id='line_1_1' title="bbox 458 366 1673 417; baseline 0.002 -4"><span class='ocrx_word' id='word_1_1' title='bbox 458 374 750 415; x_wconf 62' lang='lat' dir='ltr'>REGISTRUM</span> <span class='ocrx_word' id='word_1_2' title='bbox 786 372 1247 416; x_wconf 65' lang='lat' dir='ltr'><strong>connum—Anno</strong></span> <span class='ocrx_word' id='word_1_3' title='bbox 1285 367 1345 417; x_wconf 57' lang='lat'><strong>7⁰-</strong></span> <span class='ocrx_word' id='word_1_4' title='bbox 1579 366 1673 417; x_wconf 83' lang='lat'><strong>375</strong></span> 
     </span>
    </p>
   </div>
   <div class='ocr_carea' id='block_1_2' title="bbox 122 480 1673 616">
    <p class='ocr_par' dir='ltr' id='par_1_2' title="bbox 122 480 1673 616">
     <span class='ocr_line' id='line_1_2' title="bbox 122 480 1673 542; baseline 0.002 -27"><span class='ocrx_word' id='word_1_5' title='bbox 122 480 220 542; x_wconf 49' lang='grc' dir='ltr'><strong>ῗῂῐὲτ</strong></span> <span class='ocrx_word' id='word_1_6' title='bbox 275 483 481 517; x_wconf 78' lang='lat' dir='ltr'><strong>cancellario</strong></span> <span class='ocrx_word' id='word_1_7' title='bbox 506 485 540 517; x_wconf 90' lang='lat' dir='ltr'><strong>in</strong></span> <span class='ocrx_word' id='word_1_8' title='bbox 568 486 716 518; x_wconf 77' lang='lat' dir='ltr'><strong>Ecclesia</strong></span> <span class='ocrx_word' id='word_1_9' title='bbox 742 486 939 519; x_wconf 71' lang='lat' dir='ltr'><strong>cathedrali</strong></span> <span class='ocrx_word' id='word_1_10' title='bbox 961 487 1100 526; x_wconf 83' lang='lat' dir='ltr'><strong>Exonie,</strong></span> <span class='ocrx_word' id='word_1_11' title='bbox 1123 487 1216 529; x_wconf 91' lang='lat' dir='ltr'><strong>quod</strong></span> <span class='ocrx_word' id='word_1_12' title='bbox 1238 486 1354 528; x_wconf 86' lang='lat' dir='ltr'><strong>possit,</strong></span> <span class='ocrx_word' id='word_1_13' title='bbox 1370 489 1451 526; x_wconf 67' lang='lat' dir='ltr'><strong>etc,</strong></span> <span class='ocrx_word' id='word_1_14' title='bbox 1473 486 1508 519; x_wconf 92' lang='lat' dir='ltr'><strong>in</strong></span> <span class='ocrx_word' id='word_1_15' title='bbox 1531 486 1673 528; x_wconf 88' lang='lat' dir='ltr'><strong>singulis</strong></span> 
     </span>
     <span class='ocr_line' id='line_1_3' title="bbox 125 527 1672 576; baseline 0.002 -17"><span class='ocrx_word' id='word_1_16' title='bbox 125 548 189 576; x_wconf 87' lang='lat' dir='ltr'><strong>Vol.</strong></span> <span class='ocrx_word' id='word_1_17' title='bbox 205 535 229 576; x_wconf 59' lang='lat'><strong>1]</strong></span> <span class='ocrx_word' id='word_1_18' title='bbox 276 527 422 568; x_wconf 87' lang='lat' dir='ltr'><strong>Capellis</strong></span> <span class='ocrx_word' id='word_1_19' title='bbox 445 529 515 560; x_wconf 87' lang='lat' dir='ltr'><strong>sive</strong></span> <span class='ocrx_word' id='word_1_20' title='bbox 540 530 704 562; x_wconf 87' lang='lat' dir='ltr'><strong>Oratoriis</strong></span> <span class='ocrx_word' id='word_1_21' title='bbox 730 530 819 563; x_wconf 79' lang='lat' dir='ltr'><strong>infra</strong></span> <span class='ocrx_word' id='word_1_22' title='bbox 845 531 1034 563; x_wconf 78' lang='lat' dir='ltr'><strong>mansiones</strong></span> <span class='ocrx_word' id='word_1_23' title='bbox 1060 541 1138 563; x_wconf 86' lang='lat' dir='ltr'><strong>suas</strong></span> <span class='ocrx_word' id='word_1_24' title='bbox 1160 531 1366 572; x_wconf 91' lang='lat' dir='ltr'><strong>ubicumque</strong></span> <span class='ocrx_word' id='word_1_25' title='bbox 1387 530 1422 562; x_wconf 90' lang='lat' dir='ltr'><strong>in</strong></span> <span class='ocrx_word' id='word_1_26' title='bbox 1448 531 1595 563; x_wconf 86' lang='lat' dir='ltr'><strong>Civitate</strong></span> <span class='ocrx_word' id='word_1_27' title='bbox 1617 531 1672 562; x_wconf 85' lang='lat' dir='ltr'><strong>vel</strong></span> 
     </span>
     <span class='ocr_line' id='line_1_4' title="bbox 277 570 1671 616; baseline 0.002 -13"><span class='ocrx_word' id='word_1_28' title='bbox 277 570 409 604; x_wconf 86' lang='lat' dir='ltr'><strong>Diocesi</strong></span> <span class='ocrx_word' id='word_1_29' title='bbox 425 573 554 604; x_wconf 86' lang='lat' dir='ltr'><strong>Exonie</strong></span> <span class='ocrx_word' id='word_1_30' title='bbox 568 573 723 609; x_wconf 85' lang='lat' dir='ltr'><strong>situatis;</strong></span> <span class='ocrx_word' id='word_1_31' title='bbox 740 574 834 614; x_wconf 89' lang='lat' dir='ltr'><strong>dum,</strong></span> <span class='ocrx_word' id='word_1_32' title='bbox 851 578 977 615; x_wconf 85' lang='lat' dir='ltr'><strong>tamen,</strong></span> <span class='ocrx_word' id='word_1_33' title='bbox 994 575 1150 607; x_wconf 86' lang='lat' dir='ltr'><strong>Ecclesiis</strong></span> <span class='ocrx_word' id='word_1_34' title='bbox 1162 575 1363 606; x_wconf 82' lang='lat' dir='ltr'><strong>Matricibus</strong></span> <span class='ocrx_word' id='word_1_35' title='bbox 1376 575 1540 607; x_wconf 81' lang='lat' dir='ltr'>Locorum</span> <span class='ocrx_word' id='word_1_36' title='bbox 1552 573 1671 616; x_wconf 84' lang='lat' dir='ltr'><strong>hujus-</strong></span> 
     </span>
    </p>
   </div>
   <div class='ocr_carea' id='block_1_3' title="bbox 276 615 1388 660">
    <p class='ocr_par' dir='ltr' id='par_1_3' title="bbox 276 615 1388 660">
     <span class='ocr_line' id='line_1_5' title="bbox 276 615 1388 660; baseline 0.003 -13"><span class='ocrx_word' id='word_1_37' title='bbox 276 615 368 647; x_wconf 85' lang='lat' dir='ltr'><strong>modi</strong></span> <span class='ocrx_word' id='word_1_38' title='bbox 384 616 612 658; x_wconf 85' lang='lat' dir='ltr'><strong>prejudicium</strong></span> <span class='ocrx_word' id='word_1_39' title='bbox 628 618 762 649; x_wconf 86' lang='lat' dir='ltr'><strong>nullum</strong></span> <span class='ocrx_word' id='word_1_40' title='bbox 778 618 838 650; x_wconf 85' lang='lat' dir='ltr'><strong>fiat</strong></span> <span class='ocrx_word' id='word_1_41' title='bbox 855 629 863 658; x_wconf 82' lang='lat'>3</span> <span class='ocrx_word' id='word_1_42' title='bbox 886 619 1061 660; x_wconf 78' lang='lat' dir='ltr'><strong>quamdiu,</strong></span> <span class='ocrx_word' id='word_1_43' title='bbox 1077 621 1159 658; x_wconf 88' lang='lat' dir='ltr'><strong>etc.,</strong></span> <span class='ocrx_word' id='word_1_44' title='bbox 1177 618 1388 651; x_wconf 74' lang='lat' dir='ltr'><strong>duraturam.</strong></span> 
     </span>
    </p>
   </div>
   <div class='ocr_carea' id='block_1_4' title="bbox 192 679 1673 1041">
    <p class='ocr_par' dir='ltr' id='par_1_4' title="bbox 192 679 1181 734">
     <span class='ocr_line' id='line_1_6' title="bbox 192 679 1181 734; baseline 0.004 -15"><span class='ocrx_word' id='word_1_45' title='bbox 192 688 194 690; x_wconf 83' lang='lat'>&#39;</span> <span class='ocrx_word' id='word_1_46' title='bbox 231 679 482 721; x_wconf 88' lang='lat' dir='ltr'><strong>Confessions</strong></span> <span class='ocrx_word' id='word_1_47' title='bbox 495 696 506 731; x_wconf 83' lang='lat'>3</span> <span class='ocrx_word' id='word_1_48' title='bbox 533 682 600 721; x_wconf 78' lang='lat' dir='ltr'><strong>Ad</strong></span> <span class='ocrx_word' id='word_1_49' title='bbox 617 683 832 733; x_wconf 73' lang='lat' dir='ltr'><strong>eliqendum</strong></span> <span class='ocrx_word' id='word_1_50' title='bbox 859 684 1181 734; x_wconf 68' lang='lat' dir='ltr'><strong>Censes-sorem,—</strong></span> 
     </span>
    </p>

    <p class='ocr_par' dir='ltr' id='par_1_5' title="bbox 234 734 1673 1041">
     <span class='ocr_line' id='line_1_7' title="bbox 234 734 1669 778; baseline 0.003 -12"><span class='ocrx_word' id='word_1_51' title='bbox 234 734 333 773; x_wconf 88' lang='lat' dir='ltr'><strong>Item,</strong></span> <span class='ocrx_word' id='word_1_52' title='bbox 349 736 488 776; x_wconf 87' lang='lat' dir='ltr'><strong>ibidem,</strong></span> <span class='ocrx_word' id='word_1_53' title='bbox 506 737 636 769; x_wconf 87' lang='lat' dir='ltr'><strong>decimo</strong></span> <span class='ocrx_word' id='word_1_54' title='bbox 650 741 748 770; x_wconf 81' lang='lat' dir='ltr'><strong>sexto</strong></span> <span class='ocrx_word' id='word_1_55' title='bbox 763 738 827 778; x_wconf 93' lang='lat' dir='ltr'><strong>die,</strong></span> <span class='ocrx_word' id='word_1_56' title='bbox 844 739 1011 771; x_wconf 83' lang='lat' dir='ltr'><strong>Dominus</strong></span> <span class='ocrx_word' id='word_1_57' title='bbox 1032 739 1196 771; x_wconf 72' lang='lat' dir='ltr'><strong>concessit</strong></span> <span class='ocrx_word' id='word_1_58' title='bbox 1219 738 1407 770; x_wconf 89' lang='lat' dir='ltr'><strong>Lieenciam</strong></span> <span class='ocrx_word' id='word_1_59' title='bbox 1429 738 1576 770; x_wconf 90' lang='lat' dir='ltr'><strong>Domino</strong></span> <span class='ocrx_word' id='word_1_60' title='bbox 1592 738 1669 770; x_wconf 91' lang='lat' dir='ltr'><strong>Phi·</strong></span> 
     </span>
     <span class='ocr_line' id='line_1_8' title="bbox 276 778 1669 824; baseline 0.003 -14"><span class='ocrx_word' id='word_1_61' title='bbox 276 778 369 820; x_wconf 88' lang='lat' dir='ltr'><strong>lippo</strong></span> <span class='ocrx_word' id='word_1_62' title='bbox 385 780 590 823; x_wconf 85' lang='lat' dir='ltr'><strong>Courtenay,</strong></span> <span class='ocrx_word' id='word_1_63' title='bbox 606 781 719 820; x_wconf 78' lang='lat' dir='ltr'><strong>Militi,</strong></span> <span class='ocrx_word' id='word_1_64' title='bbox 736 782 779 813; x_wconf 90' lang='lat' dir='ltr'><strong>ad</strong></span> <span class='ocrx_word' id='word_1_65' title='bbox 795 782 988 824; x_wconf 86' lang='lat' dir='ltr'><strong>eligendum</strong></span> <span class='ocrx_word' id='word_1_66' title='bbox 1011 783 1075 814; x_wconf 87' lang='lat' dir='ltr'><strong>sibi</strong></span> <span class='ocrx_word' id='word_1_67' title='bbox 1098 793 1206 814; x_wconf 93' lang='lat' dir='ltr'><strong>unum</strong></span> <span class='ocrx_word' id='word_1_68' title='bbox 1228 783 1400 824; x_wconf 86' lang='lat' dir='ltr'><strong>ydoneum</strong></span> <span class='ocrx_word' id='word_1_69' title='bbox 1424 782 1669 822; x_wconf 81' lang='lat' dir='ltr'><strong>Confessorem,</strong></span> 
     </span>
     <span class='ocr_line' id='line_1_9' title="bbox 277 823 1673 868; baseline 0.003 -14"><span class='ocrx_word' id='word_1_70' title='bbox 277 823 337 863; x_wconf 90' lang='lat' dir='ltr'><strong>qui</strong></span> <span class='ocrx_word' id='word_1_71' title='bbox 354 824 587 857; x_wconf 83' lang='lat' dir='ltr'><strong>Confessiones</strong></span> <span class='ocrx_word' id='word_1_72' title='bbox 609 835 686 857; x_wconf 86' lang='lat' dir='ltr'><strong>suas</strong></span> <span class='ocrx_word' id='word_1_73' title='bbox 708 826 827 857; x_wconf 82' lang='lat' dir='ltr'><strong>audire</strong></span> <span class='ocrx_word' id='word_1_74' title='bbox 849 826 971 865; x_wconf 79' lang='lat' dir='ltr'><strong>valeat,</strong></span> <span class='ocrx_word' id='word_1_75' title='bbox 994 829 1031 858; x_wconf 91' lang='lat' dir='ltr'><strong>et</strong></span> <span class='ocrx_word' id='word_1_76' title='bbox 1053 826 1161 858; x_wconf 88' lang='lat' dir='ltr'><strong>eidem</strong></span> <span class='ocrx_word' id='word_1_77' title='bbox 1177 836 1239 867; x_wconf 90' lang='lat' dir='ltr'><strong>pro</strong></span> <span class='ocrx_word' id='word_1_78' title='bbox 1253 826 1439 868; x_wconf 75' lang='lat' dir='ltr'><strong>commissis</strong></span> <span class='ocrx_word' id='word_1_79' title='bbox 1462 826 1673 867; x_wconf 85' lang='lat' dir='ltr'><strong>penitencias</strong></span> 
     </span>
     <span class='ocr_line' id='line_1_10' title="bbox 276 866 1667 908; baseline 0.002 -10"><span class='ocrx_word' id='word_1_80' title='bbox 276 866 455 908; x_wconf 88' lang='lat' dir='ltr'><strong>injungere</strong></span> <span class='ocrx_word' id='word_1_81' title='bbox 470 868 635 900; x_wconf 86' lang='lat' dir='ltr'><strong>salutares</strong></span> <span class='ocrx_word' id='word_1_82' title='bbox 650 879 658 907; x_wconf 92' lang='grc'>;</span> <span class='ocrx_word' id='word_1_83' title='bbox 681 879 821 908; x_wconf 85' lang='lat' dir='ltr'><strong>necnon,</strong></span> <span class='ocrx_word' id='word_1_84' title='bbox 840 870 1012 902; x_wconf 83' lang='lat' dir='ltr'><strong>absolvere</strong></span> <span class='ocrx_word' id='word_1_85' title='bbox 1027 870 1174 902; x_wconf 86' lang='lat' dir='ltr'><strong>eundem</strong></span> <span class='ocrx_word' id='word_1_86' title='bbox 1189 870 1225 901; x_wconf 94' lang='lat' dir='ltr'><strong>in</strong></span> <span class='ocrx_word' id='word_1_87' title='bbox 1240 870 1385 901; x_wconf 90' lang='lat' dir='ltr'><strong>casubus</strong></span> <span class='ocrx_word' id='word_1_88' title='bbox 1403 870 1549 901; x_wconf 90' lang='lat' dir='ltr'><strong>Domino</strong></span> <span class='ocrx_word' id='word_1_89' title='bbox 1565 880 1667 902; x_wconf 86' lang='lat' dir='ltr'><strong>reser-</strong></span> 
     </span>
     <span class='ocr_line' id='line_1_11' title="bbox 275 911 1670 953; baseline 0.002 -11"><span class='ocrx_word' id='word_1_90' title='bbox 275 911 363 942; x_wconf 84' lang='lat' dir='ltr'><strong>vatis</strong></span> <span class='ocrx_word' id='word_1_91' title='bbox 377 921 385 949; x_wconf 81' lang='lat'>3</span> <span class='ocrx_word' id='word_1_92' title='bbox 407 912 647 944; x_wconf 87' lang='lat' dir='ltr'><strong>violacionibus</strong></span> <span class='ocrx_word' id='word_1_93' title='bbox 663 913 683 945; x_wconf 89' lang='lat' dir='ltr'><strong>J</strong></span> <span class='ocrx_word' id='word_1_94' title='bbox 685 913 800 944; x_wconf 89' lang='lat' dir='ltr'><strong>urium</strong></span> <span class='ocrx_word' id='word_1_95' title='bbox 816 917 855 945; x_wconf 86' lang='lat' dir='ltr'><strong>et</strong></span> <span class='ocrx_word' id='word_1_96' title='bbox 867 913 904 945; x_wconf 91' lang='lat' dir='ltr'><strong>Li</strong></span> <span class='ocrx_word' id='word_1_97' title='bbox 909 914 1081 945; x_wconf 89' lang='lat' dir='ltr'><strong>bertatum</strong></span> <span class='ocrx_word' id='word_1_98' title='bbox 1101 914 1244 945; x_wconf 79' lang='lat' dir='ltr'><strong>Ecclesie</strong></span> <span class='ocrx_word' id='word_1_99' title='bbox 1257 913 1468 945; x_wconf 86' lang='lat' dir='ltr'><strong>Cathedralis</strong></span> <span class='ocrx_word' id='word_1_100' title='bbox 1480 913 1619 953; x_wconf 87' lang='lat' dir='ltr'><strong>Exonie,</strong></span> <span class='ocrx_word' id='word_1_101' title='bbox 1631 924 1670 945; x_wconf 83' lang='lat' dir='ltr'><strong>ac</strong></span> 
     </span>
     <span class='ocr_line' id='line_1_12' title="bbox 277 953 1668 997; baseline 0.003 -12"><span class='ocrx_word' id='word_1_102' title='bbox 277 953 519 995; x_wconf 84' lang='lat' dir='ltr'><strong>injeccionibus</strong></span> <span class='ocrx_word' id='word_1_103' title='bbox 534 966 699 988; x_wconf 87' lang='lat' dir='ltr'><strong>manuum</strong></span> <span class='ocrx_word' id='word_1_104' title='bbox 714 957 939 989; x_wconf 85' lang='lat' dir='ltr'><strong>violentarum</strong></span> <span class='ocrx_word' id='word_1_105' title='bbox 957 957 993 988; x_wconf 90' lang='lat' dir='ltr'><strong>in</strong></span> <span class='ocrx_word' id='word_1_106' title='bbox 1008 957 1145 989; x_wconf 87' lang='lat' dir='ltr'><strong>clericos</strong></span> <span class='ocrx_word' id='word_1_107' title='bbox 1159 958 1195 988; x_wconf 89' lang='lat' dir='ltr'><strong>in</strong></span> <span class='ocrx_word' id='word_1_108' title='bbox 1212 957 1322 989; x_wconf 88' lang='lat' dir='ltr'><strong>Sacris</strong></span> <span class='ocrx_word' id='word_1_109' title='bbox 1337 957 1554 997; x_wconf 85' lang='lat' dir='ltr'><strong>constitutos,</strong></span> <span class='ocrx_word' id='word_1_110' title='bbox 1570 957 1668 989; x_wconf 88' lang='lat' dir='ltr'><strong>dum-</strong></span> 
     </span>
     <span class='ocr_line' id='line_1_13' title="bbox 274 999 1140 1041; baseline 0.003 -12"><span class='ocrx_word' id='word_1_111' title='bbox 274 999 371 1030; x_wconf 81' lang='lat' dir='ltr'><strong>taxat</strong></span> <span class='ocrx_word' id='word_1_112' title='bbox 385 999 536 1041; x_wconf 88' lang='lat' dir='ltr'><strong>exceptis</strong></span> <span class='ocrx_word' id='word_1_113' title='bbox 551 1011 560 1040; x_wconf 87' lang='lat'>;</span> <span class='ocrx_word' id='word_1_114' title='bbox 583 1010 644 1041; x_wconf 89' lang='lat' dir='ltr'><strong>per</strong></span> <span class='ocrx_word' id='word_1_115' title='bbox 659 1010 766 1032; x_wconf 91' lang='lat' dir='ltr'><strong>unum</strong></span> <span class='ocrx_word' id='word_1_116' title='bbox 782 1011 912 1033; x_wconf 86' lang='lat' dir='ltr'><strong>annum</strong></span> <span class='ocrx_word' id='word_1_117' title='bbox 927 1001 1140 1034; x_wconf 83' lang='lat' dir='ltr'><strong>duraturam.</strong></span> 
     </span>
    </p>
   </div>
   <div class='ocr_carea' id='block_1_5' title="bbox 232 1063 1671 1294">
    <p class='ocr_par' dir='ltr' id='par_1_6' title="bbox 232 1063 933 1115">
     <span class='ocr_line' id='line_1_14' title="bbox 232 1063 933 1115; baseline 0.006 -14"><span class='ocrx_word' id='word_1_118' title='bbox 232 1063 424 1115; x_wconf 88' lang='lat' dir='ltr'><strong>Chapels;</strong></span> <span class='ocrx_word' id='word_1_119' title='bbox 453 1066 611 1105; x_wconf 77' lang='lat' dir='ltr'><strong>Licence</strong></span> <span class='ocrx_word' id='word_1_120' title='bbox 631 1073 668 1104; x_wconf 81' lang='lat' dir='ltr'><strong>to</strong></span> <span class='ocrx_word' id='word_1_121' title='bbox 686 1067 933 1114; x_wconf 77' lang='lat' dir='ltr'><strong>celebrate,—</strong></span> 
     </span>
    </p>

    <p class='ocr_par' dir='ltr' id='par_1_7' title="bbox 232 1117 1671 1294">
     <span class='ocr_line' id='line_1_15' title="bbox 232 1117 1670 1161; baseline 0.003 -12"><span class='ocrx_word' id='word_1_122' title='bbox 232 1117 334 1158; x_wconf 78' lang='lat' dir='ltr'><strong>Item,</strong></span> <span class='ocrx_word' id='word_1_123' title='bbox 358 1119 486 1152; x_wconf 89' lang='lat' dir='ltr'><strong>eisdem</strong></span> <span class='ocrx_word' id='word_1_124' title='bbox 508 1120 563 1152; x_wconf 85' lang='lat' dir='ltr'><strong>die</strong></span> <span class='ocrx_word' id='word_1_125' title='bbox 585 1124 622 1153; x_wconf 93' lang='lat' dir='ltr'><strong>et</strong></span> <span class='ocrx_word' id='word_1_126' title='bbox 643 1121 725 1160; x_wconf 82' lang='lat' dir='ltr'><strong>loco,</strong></span> <span class='ocrx_word' id='word_1_127' title='bbox 752 1121 916 1153; x_wconf 83' lang='lat' dir='ltr'><strong>Dominus</strong></span> <span class='ocrx_word' id='word_1_128' title='bbox 946 1121 1118 1153; x_wconf 87' lang='lat' dir='ltr'><strong>Johannes</strong></span> <span class='ocrx_word' id='word_1_129' title='bbox 1150 1121 1351 1161; x_wconf 85' lang='lat' dir='ltr'><strong>Nanscunel,</strong></span> <span class='ocrx_word' id='word_1_130' title='bbox 1377 1122 1500 1153; x_wconf 83' lang='lat' dir='ltr'><strong>Rector</strong></span> <span class='ocrx_word' id='word_1_131' title='bbox 1522 1121 1670 1154; x_wconf 87' lang='lat' dir='ltr'><strong>Ecclesie</strong></span> 
     </span>
     <span class='ocr_line' id='line_1_16' title="bbox 276 1162 1669 1207; baseline 0.001 -13"><span class='ocrx_word' id='word_1_132' title='bbox 276 1162 479 1195; x_wconf 85' lang='lat' dir='ltr'><strong>Parochialis</strong></span> <span class='ocrx_word' id='word_1_133' title='bbox 494 1164 610 1196; x_wconf 83' lang='lat' dir='ltr'><strong>Sancti</strong></span> <span class='ocrx_word' id='word_1_134' title='bbox 626 1165 784 1204; x_wconf 82' lang='lat' dir='ltr'><strong>Maugani</strong></span> <span class='ocrx_word' id='word_1_135' title='bbox 799 1164 850 1204; x_wconf 88' lang='lat' dir='ltr'><strong>[in</strong></span> <span class='ocrx_word' id='word_1_136' title='bbox 867 1163 1003 1207; x_wconf 88' lang='lat' dir='ltr'><strong>Pydre],</strong></span> <span class='ocrx_word' id='word_1_137' title='bbox 1021 1165 1143 1197; x_wconf 83' lang='lat' dir='ltr'><strong>habuit</strong></span> <span class='ocrx_word' id='word_1_138' title='bbox 1167 1165 1355 1197; x_wconf 89' lang='lat' dir='ltr'><strong>Licenciam</strong></span> <span class='ocrx_word' id='word_1_139' title='bbox 1370 1166 1413 1197; x_wconf 87' lang='lat' dir='ltr'><strong>ad</strong></span> <span class='ocrx_word' id='word_1_140' title='bbox 1429 1165 1669 1197; x_wconf 87' lang='lat' dir='ltr'><strong>celebrandum</strong></span> 
     </span>
     <span class='ocr_line' id='line_1_17' title="bbox 275 1206 1671 1250; baseline 0.003 -14"><span class='ocrx_word' id='word_1_141' title='bbox 275 1206 329 1237; x_wconf 84' lang='lat' dir='ltr'><strong>vel</strong></span> <span class='ocrx_word' id='word_1_142' title='bbox 355 1206 547 1239; x_wconf 88' lang='lat' dir='ltr'><strong>faciendum</strong></span> <span class='ocrx_word' id='word_1_143' title='bbox 574 1208 736 1240; x_wconf 86' lang='lat' dir='ltr'><strong>celebrari</strong></span> <span class='ocrx_word' id='word_1_144' title='bbox 763 1209 886 1240; x_wconf 89' lang='lat' dir='ltr'><strong>Divina</strong></span> <span class='ocrx_word' id='word_1_145' title='bbox 911 1209 947 1240; x_wconf 90' lang='lat' dir='ltr'><strong>in</strong></span> <span class='ocrx_word' id='word_1_146' title='bbox 975 1209 1120 1250; x_wconf 89' lang='lat' dir='ltr'><strong>Capellis</strong></span> <span class='ocrx_word' id='word_1_147' title='bbox 1146 1209 1190 1241; x_wconf 87' lang='lat' dir='ltr'><strong>de</strong></span> <span class='ocrx_word' id='word_1_148' title='bbox 1216 1210 1432 1242; x_wconf 75' lang='lat' dir='ltr'><strong>Carnantone</strong></span> <span class='ocrx_word' id='word_1_149' title='bbox 1458 1212 1494 1241; x_wconf 93' lang='lat' dir='ltr'><strong>et</strong></span> <span class='ocrx_word' id='word_1_150' title='bbox 1521 1209 1671 1250; x_wconf 86' lang='lat' dir='ltr'><strong>Polgrun</strong></span> 
     </span>
     <span class='ocr_line' id='line_1_18' title="bbox 275 1249 1669 1294; baseline 0.003 -14"><span class='ocrx_word' id='word_1_151' title='bbox 275 1249 470 1291; x_wconf 53' lang='lat' dir='ltr'><strong>[Palm-een}</strong></span> <span class='ocrx_word' id='word_1_152' title='bbox 487 1251 576 1283; x_wconf 83' lang='lat' dir='ltr'><strong>infra</strong></span> <span class='ocrx_word' id='word_1_153' title='bbox 591 1252 789 1284; x_wconf 83' lang='lat' dir='ltr'><strong>Parochiam</strong></span> <span class='ocrx_word' id='word_1_154' title='bbox 811 1263 907 1284; x_wconf 89' lang='lat' dir='ltr'><strong>suam</strong></span> <span class='ocrx_word' id='word_1_155' title='bbox 930 1253 1067 1284; x_wconf 82' lang='lat' dir='ltr'><strong>situatis</strong></span> <span class='ocrx_word' id='word_1_156' title='bbox 1082 1263 1091 1291; x_wconf 79' lang='lat'>3</span> <span class='ocrx_word' id='word_1_157' title='bbox 1114 1263 1174 1294; x_wconf 89' lang='lat' dir='ltr'><strong>per</strong></span> <span class='ocrx_word' id='word_1_158' title='bbox 1190 1263 1298 1285; x_wconf 87' lang='lat' dir='ltr'><strong>unum</strong></span> <span class='ocrx_word' id='word_1_159' title='bbox 1313 1263 1443 1285; x_wconf 88' lang='lat' dir='ltr'><strong>annum</strong></span> <span class='ocrx_word' id='word_1_160' title='bbox 1457 1253 1669 1285; x_wconf 85' lang='lat' dir='ltr'><strong>duraturam.</strong></span> 
     </span>
    </p>
   </div>
   <div class='ocr_carea' id='block_1_6' title="bbox 122 1311 1184 1373">
    <p class='ocr_par' dir='ltr' id='par_1_8' title="bbox 122 1311 1184 1373">
     <span class='ocr_line' id='line_1_19' title="bbox 122 1311 1184 1373; baseline -0.002 -17"><span class='ocrx_word' id='word_1_161' title='bbox 122 1311 185 1373; x_wconf 41' lang='lat' dir='ltr'><strong>2³3¹ss</strong></span> <span class='ocrx_word' id='word_1_162' title='bbox 233 1315 508 1365; x_wconf 77' lang='lat' dir='ltr'><strong>Confessions3</strong></span> <span class='ocrx_word' id='word_1_163' title='bbox 537 1318 602 1355; x_wconf 77' lang='lat' dir='ltr'><strong>Ad</strong></span> <span class='ocrx_word' id='word_1_164' title='bbox 619 1317 835 1367; x_wconf 70' lang='lat' dir='ltr'><strong>eliyendum</strong></span> <span class='ocrx_word' id='word_1_165' title='bbox 857 1318 1184 1368; x_wconf 76' lang='lat' dir='ltr'><strong>Confessorem,-</strong></span> 
     </span>
    </p>
   </div>
   <div class='ocr_carea' id='block_1_7' title="bbox 234 1370 1677 1807">
    <p class='ocr_par' dir='ltr' id='par_1_9' title="bbox 234 1370 1677 1807">
     <span class='ocr_line' id='line_1_20' title="bbox 234 1370 1674 1413; baseline 0.003 -12"><span class='ocrx_word' id='word_1_166' title='bbox 234 1370 334 1409; x_wconf 85' lang='lat' dir='ltr'><strong>Item,</strong></span> <span class='ocrx_word' id='word_1_167' title='bbox 349 1371 476 1403; x_wconf 89' lang='lat' dir='ltr'><strong>eisdem</strong></span> <span class='ocrx_word' id='word_1_168' title='bbox 498 1371 554 1403; x_wconf 87' lang='lat' dir='ltr'><strong>die</strong></span> <span class='ocrx_word' id='word_1_169' title='bbox 569 1375 605 1404; x_wconf 88' lang='lat' dir='ltr'><strong>et</strong></span> <span class='ocrx_word' id='word_1_170' title='bbox 619 1372 701 1411; x_wconf 91' lang='lat' dir='ltr'><strong>loco,</strong></span> <span class='ocrx_word' id='word_1_171' title='bbox 725 1372 815 1404; x_wconf 91' lang='lat' dir='ltr'><strong>idem</strong></span> <span class='ocrx_word' id='word_1_172' title='bbox 839 1373 963 1404; x_wconf 86' lang='lat' dir='ltr'><strong>Rector</strong></span> <span class='ocrx_word' id='word_1_173' title='bbox 984 1372 1106 1405; x_wconf 87' lang='lat' dir='ltr'><strong>habuit</strong></span> <span class='ocrx_word' id='word_1_174' title='bbox 1129 1373 1316 1405; x_wconf 82' lang='lat' dir='ltr'><strong>Licenciam</strong></span> <span class='ocrx_word' id='word_1_175' title='bbox 1333 1373 1377 1404; x_wconf 81' lang='lat' dir='ltr'><strong>ad</strong></span> <span class='ocrx_word' id='word_1_176' title='bbox 1393 1372 1585 1413; x_wconf 84' lang='lat' dir='ltr'><strong>eligendum</strong></span> <span class='ocrx_word' id='word_1_177' title='bbox 1609 1373 1674 1405; x_wconf 88' lang='lat' dir='ltr'><strong>sibi</strong></span> 
     </span>
     <span class='ocr_line' id='line_1_21' title="bbox 281 1415 1672 1457; baseline 0.003 -12"><span class='ocrx_word' id='word_1_178' title='bbox 281 1424 389 1446; x_wconf 88' lang='lat' dir='ltr'><strong>unum</strong></span> <span class='ocrx_word' id='word_1_179' title='bbox 415 1415 585 1455; x_wconf 87' lang='lat' dir='ltr'><strong>ydoneum</strong></span> <span class='ocrx_word' id='word_1_180' title='bbox 615 1416 859 1456; x_wconf 87' lang='lat' dir='ltr'><strong>Confessorem,</strong></span> <span class='ocrx_word' id='word_1_181' title='bbox 886 1416 946 1457; x_wconf 92' lang='lat' dir='ltr'><strong>qui</strong></span> <span class='ocrx_word' id='word_1_182' title='bbox 972 1416 1206 1449; x_wconf 87' lang='lat' dir='ltr'><strong>Confessiones</strong></span> <span class='ocrx_word' id='word_1_183' title='bbox 1232 1427 1310 1448; x_wconf 85' lang='lat' dir='ltr'><strong>suas</strong></span> <span class='ocrx_word' id='word_1_184' title='bbox 1341 1417 1459 1448; x_wconf 83' lang='lat' dir='ltr'><strong>audire</strong></span> <span class='ocrx_word' id='word_1_185' title='bbox 1489 1417 1610 1456; x_wconf 87' lang='lat' dir='ltr'><strong>valeat,</strong></span> <span class='ocrx_word' id='word_1_186' title='bbox 1634 1419 1672 1449; x_wconf 90' lang='lat' dir='ltr'><strong>et</strong></span> 
     </span>
     <span class='ocr_line' id='line_1_22' title="bbox 279 1457 1672 1501; baseline 0.002 -12"><span class='ocrx_word' id='word_1_187' title='bbox 279 1457 387 1489; x_wconf 89' lang='lat' dir='ltr'><strong>eidem</strong></span> <span class='ocrx_word' id='word_1_188' title='bbox 410 1469 470 1499; x_wconf 91' lang='lat' dir='ltr'><strong>pro</strong></span> <span class='ocrx_word' id='word_1_189' title='bbox 492 1459 678 1491; x_wconf 75' lang='lat' dir='ltr'><strong>commissis</strong></span> <span class='ocrx_word' id='word_1_190' title='bbox 708 1460 915 1500; x_wconf 76' lang='lat' dir='ltr'><strong>penitenciae</strong></span> <span class='ocrx_word' id='word_1_191' title='bbox 945 1460 1123 1501; x_wconf 84' lang='lat' dir='ltr'><strong>injungere</strong></span> <span class='ocrx_word' id='word_1_192' title='bbox 1145 1460 1336 1498; x_wconf 87' lang='lat' dir='ltr'><strong>salntares;</strong></span> <span class='ocrx_word' id='word_1_193' title='bbox 1362 1470 1502 1499; x_wconf 85' lang='lat' dir='ltr'><strong>necnon,</strong></span> <span class='ocrx_word' id='word_1_194' title='bbox 1526 1461 1672 1492; x_wconf 90' lang='lat' dir='ltr'><strong>eundem</strong></span> 
     </span>
     <span class='ocr_line' id='line_1_23' title="bbox 277 1501 1671 1543; baseline 0.003 -11"><span class='ocrx_word' id='word_1_195' title='bbox 277 1501 449 1535; x_wconf 86' lang='lat' dir='ltr'><strong>absolvere</strong></span> <span class='ocrx_word' id='word_1_196' title='bbox 471 1502 506 1534; x_wconf 88' lang='lat' dir='ltr'><strong>in</strong></span> <span class='ocrx_word' id='word_1_197' title='bbox 529 1503 674 1535; x_wconf 86' lang='lat' dir='ltr'><strong>casubus</strong></span> <span class='ocrx_word' id='word_1_198' title='bbox 690 1503 836 1535; x_wconf 91' lang='lat' dir='ltr'><strong>Domino</strong></span> <span class='ocrx_word' id='word_1_199' title='bbox 851 1504 1039 1543; x_wconf 85' lang='lat' dir='ltr'><strong>reservatis,</strong></span> <span class='ocrx_word' id='word_1_200' title='bbox 1056 1504 1297 1536; x_wconf 83' lang='lat' dir='ltr'><strong>violacionibus</strong></span> <span class='ocrx_word' id='word_1_201' title='bbox 1312 1504 1332 1535; x_wconf 85' lang='lat' dir='ltr'>J</span> <span class='ocrx_word' id='word_1_202' title='bbox 1336 1504 1450 1535; x_wconf 90' lang='lat' dir='ltr'><strong>urium</strong></span> <span class='ocrx_word' id='word_1_203' title='bbox 1467 1508 1504 1536; x_wconf 88' lang='lat' dir='ltr'><strong>et</strong></span> <span class='ocrx_word' id='word_1_204' title='bbox 1521 1504 1671 1536; x_wconf 84' lang='lat' dir='ltr'><strong>Liberta-</strong></span> 
     </span>
     <span class='ocr_line' id='line_1_24' title="bbox 279 1546 1673 1589; baseline 0.002 -13"><span class='ocrx_word' id='word_1_205' title='bbox 279 1548 353 1576; x_wconf 81' lang='lat' dir='ltr'><strong>tum</strong></span> <span class='ocrx_word' id='word_1_206' title='bbox 374 1546 520 1577; x_wconf 87' lang='lat' dir='ltr'><strong>Ecclesie</strong></span> <span class='ocrx_word' id='word_1_207' title='bbox 536 1546 747 1578; x_wconf 84' lang='lat' dir='ltr'><strong>Cathedralis</strong></span> <span class='ocrx_word' id='word_1_208' title='bbox 771 1547 909 1586; x_wconf 82' lang='lat' dir='ltr'><strong>Exonie,</strong></span> <span class='ocrx_word' id='word_1_209' title='bbox 932 1547 1174 1579; x_wconf 77' lang='lat' dir='ltr'><strong>violaeionibus</strong></span> <span class='ocrx_word' id='word_1_210' title='bbox 1196 1558 1256 1579; x_wconf 91' lang='lat' dir='ltr'><strong>seu</strong></span> <span class='ocrx_word' id='word_1_211' title='bbox 1279 1547 1556 1589; x_wconf 87' lang='lat' dir='ltr'><strong>corrupcionibus</strong></span> <span class='ocrx_word' id='word_1_212' title='bbox 1572 1548 1673 1580; x_wconf 89' lang='lat' dir='ltr'><strong>Sanc-</strong></span> 
     </span>
     <span class='ocr_line' id='line_1_25' title="bbox 279 1589 1674 1631; baseline 0.002 -11"><span class='ocrx_word' id='word_1_213' title='bbox 279 1590 392 1620; x_wconf 85' lang='lat' dir='ltr'><strong>tarum</strong></span> <span class='ocrx_word' id='word_1_214' title='bbox 411 1589 619 1629; x_wconf 82' lang='lat' dir='ltr'><strong>Monialium,</strong></span> <span class='ocrx_word' id='word_1_215' title='bbox 635 1589 877 1631; x_wconf 87' lang='lat' dir='ltr'><strong>injeccionibus</strong></span> <span class='ocrx_word' id='word_1_216' title='bbox 900 1601 1064 1622; x_wconf 88' lang='lat' dir='ltr'><strong>manuum</strong></span> <span class='ocrx_word' id='word_1_217' title='bbox 1088 1591 1316 1623; x_wconf 86' lang='lat' dir='ltr'><strong>violentarum</strong></span> <span class='ocrx_word' id='word_1_218' title='bbox 1338 1591 1374 1623; x_wconf 90' lang='lat' dir='ltr'><strong>in</strong></span> <span class='ocrx_word' id='word_1_219' title='bbox 1398 1591 1535 1623; x_wconf 88' lang='lat' dir='ltr'><strong>clericos</strong></span> <span class='ocrx_word' id='word_1_220' title='bbox 1557 1591 1592 1623; x_wconf 88' lang='lat' dir='ltr'><strong>in</strong></span> <span class='ocrx_word' id='word_1_221' title='bbox 1616 1592 1674 1624; x_wconf 89' lang='lat' dir='ltr'><strong>Sa-</strong></span> 
     </span>
     <span class='ocr_line' id='line_1_26' title="bbox 278 1632 1675 1675; baseline 0.002 -12"><span class='ocrx_word' id='word_1_222' title='bbox 278 1632 343 1663; x_wconf 85' lang='lat' dir='ltr'><strong>cris</strong></span> <span class='ocrx_word' id='word_1_223' title='bbox 358 1633 564 1665; x_wconf 87' lang='lat' dir='ltr'><strong>constitutos</strong></span> <span class='ocrx_word' id='word_1_224' title='bbox 579 1644 599 1664; x_wconf 89' lang='lat' dir='ltr'><strong>a</strong></span> <span class='ocrx_word' id='word_1_225' title='bbox 613 1633 692 1675; x_wconf 81' lang='lat' dir='ltr'><strong>jure</strong></span> <span class='ocrx_word' id='word_1_226' title='bbox 714 1644 782 1665; x_wconf 90' lang='lat' dir='ltr'><strong>non</strong></span> <span class='ocrx_word' id='word_1_227' title='bbox 807 1634 986 1675; x_wconf 87' lang='lat' dir='ltr'><strong>permissis,</strong></span> <span class='ocrx_word' id='word_1_228' title='bbox 1009 1634 1186 1666; x_wconf 84' lang='lat' dir='ltr'><strong>adulteriis</strong></span> <span class='ocrx_word' id='word_1_229' title='bbox 1202 1638 1238 1667; x_wconf 90' lang='lat' dir='ltr'><strong>et</strong></span> <span class='ocrx_word' id='word_1_230' title='bbox 1254 1635 1451 1666; x_wconf 85' lang='lat' dir='ltr'><strong>incestubus</strong></span> <span class='ocrx_word' id='word_1_231' title='bbox 1474 1635 1614 1667; x_wconf 88' lang='lat' dir='ltr'><strong>notoriis</strong></span> <span class='ocrx_word' id='word_1_232' title='bbox 1636 1646 1675 1667; x_wconf 85' lang='lat' dir='ltr'><strong>ac</strong></span> 
     </span>
     <span class='ocr_line' id='line_1_27' title="bbox 280 1676 1675 1717; baseline 0.002 -10"><span class='ocrx_word' id='word_1_233' title='bbox 280 1676 480 1715; x_wconf 74' lang='lat' dir='ltr'><strong>manifestis,</strong></span> <span class='ocrx_word' id='word_1_234' title='bbox 496 1677 779 1709; x_wconf 79' lang='lat' dir='ltr'><strong>celebracionibus</strong></span> <span class='ocrx_word' id='word_1_235' title='bbox 801 1678 1095 1710; x_wconf 88' lang='lat' dir='ltr'><strong>matrimoniorum</strong></span> <span class='ocrx_word' id='word_1_236' title='bbox 1119 1679 1417 1717; x_wconf 82' lang='lat' dir='ltr'><strong>clandestinorum,</strong></span> <span class='ocrx_word' id='word_1_237' title='bbox 1434 1678 1675 1710; x_wconf 82' lang='lat' dir='ltr'><strong>violacionibus</strong></span> 
     </span>
     <span class='ocr_line' id='line_1_28' title="bbox 280 1719 1674 1764; baseline 0.003 -14"><span class='ocrx_word' id='word_1_238' title='bbox 280 1719 506 1751; x_wconf 80' lang='lat' dir='ltr'><strong>Ecclesiarum</strong></span> <span class='ocrx_word' id='word_1_239' title='bbox 521 1723 558 1752; x_wconf 91' lang='lat' dir='ltr'><strong>et</strong></span> <span class='ocrx_word' id='word_1_240' title='bbox 574 1720 827 1753; x_wconf 84' lang='lat' dir='ltr'><strong>Cimiteriorum</strong></span> <span class='ocrx_word' id='word_1_241' title='bbox 842 1724 983 1762; x_wconf 88' lang='lat' dir='ltr'><strong>propter</strong></span> <span class='ocrx_word' id='word_1_242' title='bbox 998 1732 1082 1763; x_wconf 88' lang='lat' dir='ltr'><strong>quas</strong></span> <span class='ocrx_word' id='word_1_243' title='bbox 1097 1721 1254 1763; x_wconf 88' lang='lat' dir='ltr'><strong>indigent</strong></span> <span class='ocrx_word' id='word_1_244' title='bbox 1275 1722 1491 1759; x_wconf 85' lang='lat' dir='ltr'><strong>reconciliari,</strong></span> <span class='ocrx_word' id='word_1_245' title='bbox 1508 1726 1545 1754; x_wconf 92' lang='lat' dir='ltr'><strong>et</strong></span> <span class='ocrx_word' id='word_1_246' title='bbox 1559 1722 1674 1764; x_wconf 87' lang='lat' dir='ltr'><strong>perju-</strong></span> 
     </span>
     <span class='ocr_line' id='line_1_29' title="bbox 279 1762 1677 1807; baseline 0.003 -13"><span class='ocrx_word' id='word_1_247' title='bbox 279 1762 338 1795; x_wconf 91' lang='lat' dir='ltr'><strong>riis</strong></span> <span class='ocrx_word' id='word_1_248' title='bbox 354 1764 500 1795; x_wconf 73' lang='lat' dir='ltr'><strong>scienter</strong></span> <span class='ocrx_word' id='word_1_249' title='bbox 515 1764 549 1795; x_wconf 89' lang='lat' dir='ltr'><strong>in</strong></span> <span class='ocrx_word' id='word_1_250' title='bbox 567 1764 685 1796; x_wconf 79' lang='lat' dir='ltr'><strong>Causis</strong></span> <span class='ocrx_word' id='word_1_251' title='bbox 707 1765 1014 1796; x_wconf 79' lang='lat' dir='ltr'><strong>matrimonialibus</strong></span> <span class='ocrx_word' id='word_1_252' title='bbox 1036 1768 1072 1797; x_wconf 89' lang='lat' dir='ltr'><strong>et</strong></span> <span class='ocrx_word' id='word_1_253' title='bbox 1095 1766 1226 1805; x_wconf 88' lang='lat' dir='ltr'><strong>Assisis,</strong></span> <span class='ocrx_word' id='word_1_254' title='bbox 1249 1769 1311 1797; x_wconf 84' lang='lat' dir='ltr'><strong>aut</strong></span> <span class='ocrx_word' id='word_1_255' title='bbox 1333 1765 1414 1797; x_wconf 84' lang='lat' dir='ltr'><strong>alias</strong></span> <span class='ocrx_word' id='word_1_256' title='bbox 1437 1765 1497 1797; x_wconf 90' lang='lat' dir='ltr'><strong>ubi</strong></span> <span class='ocrx_word' id='word_1_257' title='bbox 1519 1766 1677 1807; x_wconf 89' lang='lat' dir='ltr'><strong>sequitur</strong></span> 
     </span>
    </p>
   </div>
   <div class='ocr_carea' id='block_1_8' title="bbox 278 1807 1673 1892">
    <p class='ocr_par' dir='ltr' id='par_1_10' title="bbox 278 1807 1673 1892">
     <span class='ocr_line' id='line_1_30' title="bbox 278 1807 1673 1851; baseline 0.003 -13"><span class='ocrx_word' id='word_1_258' title='bbox 278 1817 368 1838; x_wconf 89' lang='lat' dir='ltr'><strong>mors</strong></span> <span class='ocrx_word' id='word_1_259' title='bbox 382 1807 436 1839; x_wconf 83' lang='lat' dir='ltr'><strong>vel</strong></span> <span class='ocrx_word' id='word_1_260' title='bbox 451 1807 669 1839; x_wconf 85' lang='lat' dir='ltr'><strong>exheredacio</strong></span> <span class='ocrx_word' id='word_1_261' title='bbox 683 1811 746 1840; x_wconf 85' lang='lat' dir='ltr'><strong>aut</strong></span> <span class='ocrx_word' id='word_1_262' title='bbox 759 1809 870 1850; x_wconf 87' lang='lat' dir='ltr'><strong>gravis</strong></span> <span class='ocrx_word' id='word_1_263' title='bbox 885 1809 1128 1850; x_wconf 84' lang='lat' dir='ltr'><strong>depauperacio</strong></span> <span class='ocrx_word' id='word_1_264' title='bbox 1142 1809 1296 1851; x_wconf 86' lang='lat' dir='ltr'><strong>alicujus,</strong></span> <span class='ocrx_word' id='word_1_265' title='bbox 1313 1809 1495 1842; x_wconf 89' lang='lat' dir='ltr'><strong>dumtaxat</strong></span> <span class='ocrx_word' id='word_1_266' title='bbox 1509 1810 1659 1851; x_wconf 86' lang='lat' dir='ltr'><strong>exceptis</strong></span> <span class='ocrx_word' id='word_1_267' title='bbox 1664 1820 1673 1850; x_wconf 73' lang='grc' dir='ltr'><strong><em>ς</em></strong></span> 
     </span>
     <span class='ocr_line' id='line_1_31' title="bbox 278 1851 832 1892; baseline 0.004 -10"><span class='ocrx_word' id='word_1_268' title='bbox 278 1861 339 1892; x_wconf 83' lang='lat' dir='ltr'><strong>per</strong></span> <span class='ocrx_word' id='word_1_269' title='bbox 354 1861 463 1882; x_wconf 90' lang='lat' dir='ltr'><strong>unum</strong></span> <span class='ocrx_word' id='word_1_270' title='bbox 478 1862 603 1883; x_wconf 78' lang='lat' dir='ltr'><strong>annum</strong></span> <span class='ocrx_word' id='word_1_271' title='bbox 621 1851 832 1884; x_wconf 87' lang='lat' dir='ltr'><strong>duraturam.</strong></span> 
     </span>
    </p>
   </div>
   <div class='ocr_carea' id='block_1_9' title="bbox 231 1914 1673 2057">
    <p class='ocr_par' dir='ltr' id='par_1_11' title="bbox 231 1914 1673 2057">
     <span class='ocr_line' id='line_1_32' title="bbox 231 1914 1484 1971; baseline 0.003 -18"><span class='ocrx_word' id='word_1_272' title='bbox 231 1915 397 1967; x_wconf 70' lang='lat' dir='ltr'><strong>Far-way</strong></span> <span class='ocrx_word' id='word_1_273' title='bbox 417 1914 630 1969; x_wconf 85' lang='lat' dir='ltr'><strong>[Farewey,</strong></span> <span class='ocrx_word' id='word_1_274' title='bbox 652 1914 755 1969; x_wconf 69' lang='lat' dir='ltr'><strong>MS]</strong></span> <span class='ocrx_word' id='word_1_275' title='bbox 772 1930 783 1964; x_wconf 68' lang='grc' dir='ltr'>ς</span> <span class='ocrx_word' id='word_1_276' title='bbox 811 1918 875 1956; x_wconf 88' lang='lat' dir='ltr'><strong>Sir</strong></span> <span class='ocrx_word' id='word_1_277' title='bbox 893 1917 1025 1969; x_wconf 87' lang='lat' dir='ltr'><strong>Philip</strong></span> <span class='ocrx_word' id='word_1_278' title='bbox 1045 1915 1342 1971; x_wconf 86' lang='lat' dir='ltr'><strong>[Bogheleghe]‚</strong></span> <span class='ocrx_word' id='word_1_279' title='bbox 1365 1919 1484 1963; x_wconf 68' lang='lat' dir='ltr'><strong>R„-</strong></span> 
     </span>
     <span class='ocr_line' id='line_1_33' title="bbox 234 1970 1673 2013; baseline 0.002 -11"><span class='ocrx_word' id='word_1_280' title='bbox 234 1970 373 2002; x_wconf 87' lang='lat' dir='ltr'><strong>Licence</strong></span> <span class='ocrx_word' id='word_1_281' title='bbox 387 1971 423 2002; x_wconf 81' lang='lat' dir='ltr'><strong>of</strong></span> <span class='ocrx_word' id='word_1_282' title='bbox 437 1971 692 2003; x_wconf 88' lang='lat' dir='ltr'><strong>non-residence</strong></span> <span class='ocrx_word' id='word_1_283' title='bbox 707 1972 761 2003; x_wconf 90' lang='lat' dir='ltr'><strong>till</strong></span> <span class='ocrx_word' id='word_1_284' title='bbox 777 1972 1002 2011; x_wconf 75' lang='lat' dir='ltr'><strong>Miehaelmas,</strong></span> <span class='ocrx_word' id='word_1_285' title='bbox 1021 1972 1040 1987; x_wconf 88' lang='lat'>“</span> <span class='ocrx_word' id='word_1_286' title='bbox 1052 1972 1145 2011; x_wconf 92' lang='lat' dir='ltr'><strong>dum,</strong></span> <span class='ocrx_word' id='word_1_287' title='bbox 1159 1975 1285 2013; x_wconf 85' lang='lat' dir='ltr'><strong>tamen,</strong></span> <span class='ocrx_word' id='word_1_288' title='bbox 1298 1972 1443 2004; x_wconf 87' lang='lat' dir='ltr'><strong>Ecclesie</strong></span> <span class='ocrx_word' id='word_1_289' title='bbox 1458 1982 1519 2005; x_wconf 90' lang='lat' dir='ltr'><strong>sue</strong></span> <span class='ocrx_word' id='word_1_290' title='bbox 1534 1972 1673 2005; x_wconf 85' lang='lat' dir='ltr'><strong>interim</strong></span> 
     </span>
     <span class='ocr_line' id='line_1_34' title="bbox 275 2014 1148 2057; baseline 0.002 -12"><span class='ocrx_word' id='word_1_291' title='bbox 275 2014 486 2046; x_wconf 85' lang='lat' dir='ltr'><strong>deserviatur</strong></span> <span class='ocrx_word' id='word_1_292' title='bbox 498 2015 724 2055; x_wconf 86' lang='lat' dir='ltr'><strong>laudabiliter,</strong></span> <span class='ocrx_word' id='word_1_293' title='bbox 740 2015 831 2048; x_wconf 85' lang='lat' dir='ltr'><strong>etc.&#39;’</strong></span> <span class='ocrx_word' id='word_1_294' title='bbox 847 2015 969 2057; x_wconf 86' lang='lat' dir='ltr'><strong>(Clyst,</strong></span> <span class='ocrx_word' id='word_1_295' title='bbox 985 2017 1027 2047; x_wconf 88' lang='grc'><strong>22</strong></span> <span class='ocrx_word' id='word_1_296' title='bbox 1044 2015 1148 2055; x_wconf 86' lang='lat' dir='ltr'><strong>Feb.).</strong></span> 
     </span>
    </p>
   </div>
   <div class='ocr_carea' id='block_1_10' title="bbox 230 2080 1450 2176">
    <p class='ocr_par' dir='ltr' id='par_1_12' title="bbox 230 2080 1450 2176">
     <span class='ocr_line' id='line_1_35' title="bbox 232 2080 693 2132; baseline 0.004 -14"><span class='ocrx_word' id='word_1_297' title='bbox 232 2080 693 2132; x_wconf 85' lang='lat' dir='ltr'><strong>Letters-Dimissory,—</strong></span> 
     </span>
     <span class='ocr_line' id='line_1_36' title="bbox 230 2134 1450 2176; baseline 0.002 -10"><span class='ocrx_word' id='word_1_298' title='bbox 230 2134 322 2166; x_wconf 86' lang='lat' dir='ltr'><strong>John</strong></span> <span class='ocrx_word' id='word_1_299' title='bbox 338 2135 493 2175; x_wconf 87' lang='lat' dir='ltr'><strong>Persone,</strong></span> <span class='ocrx_word' id='word_1_300' title='bbox 508 2136 644 2175; x_wconf 87' lang='lat' dir='ltr'><strong>deacon,</strong></span> <span class='ocrx_word' id='word_1_301' title='bbox 661 2136 735 2168; x_wconf 86' lang='lat' dir='ltr'><strong>“ad</strong></span> <span class='ocrx_word' id='word_1_302' title='bbox 750 2135 912 2168; x_wconf 90' lang='lat' dir='ltr'><strong>Ordinem</strong></span> <span class='ocrx_word' id='word_1_303' title='bbox 926 2135 1176 2168; x_wconf 87' lang='lat' dir='ltr'><strong>Presbiteratus</strong></span> <span class='ocrx_word' id='word_1_304' title='bbox 1188 2135 1208 2149; x_wconf 91' lang='lat'>”</span> <span class='ocrx_word' id='word_1_305' title='bbox 1225 2136 1330 2176; x_wconf 85' lang='lat' dir='ltr'><strong>(same</strong></span> <span class='ocrx_word' id='word_1_306' title='bbox 1345 2135 1450 2176; x_wconf 80' lang='lat' dir='ltr'><strong>date).</strong></span> 
     </span>
    </p>
   </div>
   <div class='ocr_carea' id='block_1_11' title="bbox 233 2205 1408 2303">
    <p class='ocr_par' dir='ltr' id='par_1_13' title="bbox 233 2205 1408 2303">
     <span class='ocr_line' id='line_1_37' title="bbox 234 2205 1168 2258; baseline 0 -14"><span class='ocrx_word' id='word_1_307' title='bbox 234 2205 274 2243; x_wconf 89' lang='lat' dir='ltr'>N</span> <span class='ocrx_word' id='word_1_308' title='bbox 276 2206 475 2257; x_wconf 85' lang='lat' dir='ltr'><strong>orthleigh</strong></span> <span class='ocrx_word' id='word_1_309' title='bbox 490 2220 501 2255; x_wconf 80' lang='lat'><em>3</em></span> <span class='ocrx_word' id='word_1_310' title='bbox 530 2207 593 2245; x_wconf 87' lang='lat' dir='ltr'><strong>Sir</strong></span> <span class='ocrx_word' id='word_1_311' title='bbox 611 2207 788 2258; x_wconf 83' lang='lat' dir='ltr'><strong>Stephen</strong></span> <span class='ocrx_word' id='word_1_312' title='bbox 809 2207 1027 2254; x_wconf 88' lang='lat' dir='ltr'><strong>Bolestone‚</strong></span> <span class='ocrx_word' id='word_1_313' title='bbox 1052 2207 1168 2254; x_wconf 67' lang='lat' dir='ltr'><strong>R„-</strong></span> 
     </span>
     <span class='ocr_line' id='line_1_38' title="bbox 233 2260 1408 2303; baseline 0.002 -11"><span class='ocrx_word' id='word_1_314' title='bbox 233 2260 373 2292; x_wconf 88' lang='lat' dir='ltr'><strong>Licence</strong></span> <span class='ocrx_word' id='word_1_315' title='bbox 388 2261 424 2292; x_wconf 80' lang='lat' dir='ltr'><strong>of</strong></span> <span class='ocrx_word' id='word_1_316' title='bbox 438 2261 693 2293; x_wconf 88' lang='lat' dir='ltr'><strong>non-residence</strong></span> <span class='ocrx_word' id='word_1_317' title='bbox 708 2262 762 2294; x_wconf 93' lang='lat' dir='ltr'><strong>till</strong></span> <span class='ocrx_word' id='word_1_318' title='bbox 779 2261 994 2294; x_wconf 83' lang='lat' dir='ltr'><strong>Michaelmas</strong></span> <span class='ocrx_word' id='word_1_319' title='bbox 1010 2261 1226 2303; x_wconf 87' lang='lat' dir='ltr'><strong>(Chudleigh,</strong></span> <span class='ocrx_word' id='word_1_320' title='bbox 1244 2263 1286 2293; x_wconf 79' lang='lat'><strong>24</strong></span> <span class='ocrx_word' id='word_1_321' title='bbox 1303 2262 1408 2302; x_wconf 83' lang='lat' dir='ltr'><strong>Feb.).</strong></span> 
     </span>
    </p>
   </div>
   <div class='ocr_carea' id='block_1_12' title="bbox 234 2326 1213 2375">
    <p class='ocr_par' dir='ltr' id='par_1_14' title="bbox 234 2326 1213 2375">
     <span class='ocr_line' id='line_1_39' title="bbox 234 2326 1213 2375; baseline 0.002 -11"><span class='ocrx_word' id='word_1_322' title='bbox 234 2326 510 2374; x_wconf 82' lang='lat' dir='ltr'><strong>Confessions3</strong></span> <span class='ocrx_word' id='word_1_323' title='bbox 539 2328 605 2366; x_wconf 76' lang='lat' dir='ltr'><strong>Ad</strong></span> <span class='ocrx_word' id='word_1_324' title='bbox 622 2328 859 2366; x_wconf 78' lang='lat' dir='ltr'><strong>audiendum</strong></span> <span class='ocrx_word' id='word_1_325' title='bbox 883 2327 1213 2375; x_wconf 72' lang='lat' dir='ltr'><strong>Confessiones‚—</strong></span> 
     </span>
    </p>
   </div>
   <div class='ocr_carea' id='block_1_13' title="bbox 235 2379 1672 2509">
    <p class='ocr_par' dir='ltr' id='par_1_15' title="bbox 235 2379 1672 2509">
     <span class='ocr_line' id='line_1_40' title="bbox 235 2379 1672 2423; baseline 0.001 -11"><span class='ocrx_word' id='word_1_326' title='bbox 235 2379 336 2420; x_wconf 89' lang='lat' dir='ltr'><strong>Item,</strong></span> <span class='ocrx_word' id='word_1_327' title='bbox 351 2382 444 2422; x_wconf 89' lang='lat' dir='ltr'><strong>apud</strong></span> <span class='ocrx_word' id='word_1_328' title='bbox 460 2381 710 2423; x_wconf 87' lang='lat' dir='ltr'><strong>Chuddeleghe,</strong></span> <span class='ocrx_word' id='word_1_329' title='bbox 728 2382 846 2414; x_wconf 88' lang='lat' dir='ltr'><strong>eodem</strong></span> <span class='ocrx_word' id='word_1_330' title='bbox 870 2382 936 2419; x_wconf 90' lang='lat' dir='ltr'><strong>die,</strong></span> <span class='ocrx_word' id='word_1_331' title='bbox 953 2382 1074 2414; x_wconf 87' lang='lat' dir='ltr'><strong>Frater</strong></span> <span class='ocrx_word' id='word_1_332' title='bbox 1088 2382 1278 2413; x_wconf 89' lang='lat' dir='ltr'><strong>Willelmus</strong></span> <span class='ocrx_word' id='word_1_333' title='bbox 1294 2382 1416 2418; x_wconf 80' lang='lat' dir='ltr'><strong>Worle,</strong></span> <span class='ocrx_word' id='word_1_334' title='bbox 1434 2382 1570 2414; x_wconf 85' lang='lat' dir='ltr'><strong>Ordinis</strong></span> <span class='ocrx_word' id='word_1_335' title='bbox 1592 2382 1672 2414; x_wconf 87' lang='lat' dir='ltr'><strong>Fra-</strong></span> 
     </span>
     <span class='ocr_line' id='line_1_41' title="bbox 278 2425 1671 2466; baseline 0.001 -10"><span class='ocrx_word' id='word_1_336' title='bbox 278 2427 374 2456; x_wconf 86' lang='lat' dir='ltr'><strong>trum</strong></span> <span class='ocrx_word' id='word_1_337' title='bbox 392 2425 560 2456; x_wconf 86' lang='lat' dir='ltr'><strong>Minorum</strong></span> <span class='ocrx_word' id='word_1_338' title='bbox 584 2425 782 2458; x_wconf 86' lang='lat' dir='ltr'><strong>Conventus</strong></span> <span class='ocrx_word' id='word_1_339' title='bbox 799 2425 997 2457; x_wconf 88' lang='lat' dir='ltr'><strong>Exoniensis</strong></span> <span class='ocrx_word' id='word_1_340' title='bbox 1020 2425 1220 2465; x_wconf 80' lang='lat' dir='ltr'><strong>Gardianus,</strong></span> <span class='ocrx_word' id='word_1_341' title='bbox 1237 2425 1358 2457; x_wconf 84' lang='lat' dir='ltr'><strong>habuit</strong></span> <span class='ocrx_word' id='word_1_342' title='bbox 1375 2425 1573 2466; x_wconf 81' lang='lat' dir='ltr'><strong>Lieenciam,</strong></span> <span class='ocrx_word' id='word_1_343' title='bbox 1591 2429 1671 2464; x_wconf 81' lang='lat' dir='ltr'><strong>etc.;</strong></span> 
     </span>
     <span class='ocr_line' id='line_1_42' title="bbox 278 2470 832 2509; baseline 0.002 -9"><span class='ocrx_word' id='word_1_344' title='bbox 278 2478 338 2509; x_wconf 87' lang='lat' dir='ltr'><strong>per</strong></span> <span class='ocrx_word' id='word_1_345' title='bbox 353 2478 462 2500; x_wconf 87' lang='lat' dir='ltr'><strong>unum</strong></span> <span class='ocrx_word' id='word_1_346' title='bbox 476 2479 606 2501; x_wconf 89' lang='lat' dir='ltr'><strong>annum</strong></span> <span class='ocrx_word' id='word_1_347' title='bbox 621 2470 832 2501; x_wconf 84' lang='lat' dir='ltr'><strong>duraturam.</strong></span> 
     </span>
    </p>
   </div>
   <div class='ocr_carea' id='block_1_14' title="bbox 236 2531 1528 2587">
    <p class='ocr_par' dir='ltr' id='par_1_16' title="bbox 236 2531 1528 2587">
     <span class='ocr_line' id='line_1_43' title="bbox 236 2531 1528 2587; baseline 0.002 -16"><span class='ocrx_word' id='word_1_348' title='bbox 236 2533 369 2572; x_wconf 87' lang='lat' dir='ltr'><strong>North</strong></span> <span class='ocrx_word' id='word_1_349' title='bbox 388 2534 552 2573; x_wconf 85' lang='lat' dir='ltr'><strong>Tawton</strong></span> <span class='ocrx_word' id='word_1_350' title='bbox 573 2532 902 2587; x_wconf 87' lang='lat' dir='ltr'><strong>[Northtautone,</strong></span> <span class='ocrx_word' id='word_1_351' title='bbox 924 2531 1026 2587; x_wconf 88' lang='lat' dir='ltr'><strong>MS.]</strong></span> <span class='ocrx_word' id='word_1_352' title='bbox 1040 2547 1052 2582; x_wconf 82' lang='lat'><em>3</em></span> <span class='ocrx_word' id='word_1_353' title='bbox 1082 2534 1250 2572; x_wconf 85' lang='lat' dir='ltr'><strong>Edward</strong></span> <span class='ocrx_word' id='word_1_354' title='bbox 1270 2534 1388 2579; x_wconf 90' lang='lat' dir='ltr'><strong>Elier,</strong></span> <span class='ocrx_word' id='word_1_355' title='bbox 1411 2535 1528 2581; x_wconf 80' lang='lat' dir='ltr'><strong>R.‚-</strong></span> 
     </span>
    </p>
   </div>
   <div class='ocr_carea' id='block_1_15' title="bbox 236 2587 1673 2671">
    <p class='ocr_par' dir='ltr' id='par_1_17' title="bbox 236 2587 1673 2671">
     <span class='ocr_line' id='line_1_44' title="bbox 236 2587 1673 2671; baseline 0.001 -52"><span class='ocrx_word' id='word_1_356' title='bbox 236 2587 375 2670; x_wconf 48' lang='lat' dir='ltr'><strong>Licgence</strong></span> <span class='ocrx_word' id='word_1_357' title='bbox 391 2588 703 2671; x_wconf 45' lang='lat' dir='ltr'><strong>ffassgn&#39;mmenoe</strong></span> <span class='ocrx_word' id='word_1_358' title='bbox 725 2589 780 2621; x_wconf 80' lang='lat' dir='ltr'><strong>for</strong></span> <span class='ocrx_word' id='word_1_359' title='bbox 801 2591 870 2621; x_wconf 87' lang='lat' dir='ltr'><strong>two</strong></span> <span class='ocrx_word' id='word_1_360' title='bbox 892 2599 998 2631; x_wconf 71' lang='lat' dir='ltr'><strong>yearS,</strong></span> <span class='ocrx_word' id='word_1_361' title='bbox 1023 2592 1060 2620; x_wconf 88' lang='lat' dir='ltr'><strong>to</strong></span> <span class='ocrx_word' id='word_1_362' title='bbox 1082 2588 1187 2630; x_wconf 87' lang='lat' dir='ltr'><strong>study</strong></span> <span class='ocrx_word' id='word_1_363' title='bbox 1210 2591 1247 2620; x_wconf 84' lang='lat' dir='ltr'><strong>at</strong></span> <span class='ocrx_word' id='word_1_364' title='bbox 1270 2588 1400 2621; x_wconf 84' lang='lat' dir='ltr'><strong>Oxford</strong></span> <span class='ocrx_word' id='word_1_365' title='bbox 1415 2599 1454 2621; x_wconf 89' lang='lat' dir='ltr'><strong>or</strong></span> <span class='ocrx_word' id='word_1_366' title='bbox 1470 2589 1673 2631; x_wconf 84' lang='lat' dir='ltr'><strong>Cambridge</strong></span> 
     </span>
     <span class='ocr_line' id='line_1_45' title="bbox 293 2641 503 2663; baseline 0.005 -1"><span class='ocrx_word' id='word_1_367' title='bbox 293 2641 385 2663; x_wconf 89' lang='lat' dir='ltr'><strong>same</strong></span> <span class='ocrx_word' id='word_1_368' title='bbox 495 2655 503 2663; x_wconf 91' lang='lat'><strong>.</strong></span> 
     </span>
    </p>
   </div>
   <div class='ocr_carea' id='block_1_16' title="bbox 235 2695 1671 2794">
    <p class='ocr_par' dir='ltr' id='par_1_18' title="bbox 235 2695 1671 2794">
     <span class='ocr_line' id='line_1_46' title="bbox 237 2695 697 2748; baseline 0.004 -14"><span class='ocrx_word' id='word_1_369' title='bbox 237 2695 697 2748; x_wconf 82' lang='lat' dir='ltr'><strong>Letters-Dimissory‚—</strong></span> 
     </span>
     <span class='ocr_line' id='line_1_47' title="bbox 235 2750 1671 2794; baseline 0.001 -12"><span class='ocrx_word' id='word_1_370' title='bbox 235 2750 382 2784; x_wconf 84' lang='lat' dir='ltr'><strong>Thomas</strong></span> <span class='ocrx_word' id='word_1_371' title='bbox 397 2751 555 2791; x_wconf 80' lang='lat' dir='ltr'><strong>Tainour,</strong></span> <span class='ocrx_word' id='word_1_372' title='bbox 571 2751 719 2791; x_wconf 81' lang='lat' dir='ltr'><strong>accolite,</strong></span> <span class='ocrx_word' id='word_1_373' title='bbox 736 2750 811 2783; x_wconf 87' lang='lat' dir='ltr'><strong>“ad</strong></span> <span class='ocrx_word' id='word_1_374' title='bbox 826 2761 942 2783; x_wconf 86' lang='lat' dir='ltr'><strong>omnes</strong></span> <span class='ocrx_word' id='word_1_375' title='bbox 958 2751 1077 2783; x_wconf 86' lang='lat' dir='ltr'><strong>Sacros</strong></span> <span class='ocrx_word' id='word_1_376' title='bbox 1093 2750 1237 2784; x_wconf 90' lang='lat' dir='ltr'><strong>Ordines</strong></span> <span class='ocrx_word' id='word_1_377' title='bbox 1247 2751 1266 2765; x_wconf 79' lang='lat'><strong>¹³</strong></span> <span class='ocrx_word' id='word_1_378' title='bbox 1280 2751 1496 2794; x_wconf 87' lang='lat' dir='ltr'><strong>(Chudleigh,</strong></span> <span class='ocrx_word' id='word_1_379' title='bbox 1510 2752 1551 2784; x_wconf 89' lang='lat'><strong>25</strong></span> <span class='ocrx_word' id='word_1_380' title='bbox 1565 2751 1671 2791; x_wconf 89' lang='lat' dir='ltr'><strong>Feb.).</strong></span> 
     </span>
    </p>
   </div>
   <div class='ocr_carea' id='block_1_17' title="bbox 125 2808 1674 3037">
    <p class='ocr_par' dir='ltr' id='par_1_19' title="bbox 125 2804 1674 2995">
     <span class='ocr_line' id='line_1_48' title="bbox 125 2808 1674 2870; baseline 0.001 -22"><span class='ocrx_word' id='word_1_381' title='bbox 125 2808 385 2870; x_wconf 55' lang='lat' dir='ltr'><strong>2¹35T0t1‘1e8</strong></span> <span class='ocrx_word' id='word_1_382' title='bbox 401 2825 411 2859; x_wconf 83' lang='lat'><em>3</em></span> <span class='ocrx_word' id='word_1_383' title='bbox 438 2811 521 2849; x_wconf 82' lang='lat' dir='ltr'><strong>Pro</strong></span> <span class='ocrx_word' id='word_1_384' title='bbox 542 2811 704 2859; x_wconf 82' lang='lat' dir='ltr'><strong>Capella</strong></span> <span class='ocrx_word' id='word_1_385' title='bbox 723 2812 1045 2861; x_wconf 58' lang='lat' dir='ltr'><strong>Leprosorums-</strong></span> <span class='ocrx_word' id='word_1_386' title='bbox 1670 2859 1674 2862; x_wconf 17' lang='grc' dir='ltr'>ὓ</span> 
     </span>
     <span class='ocr_line' id='line_1_49' title="bbox 196 2863 1670 2906; baseline 0.002 -10"><span class='ocrx_word' id='word_1_387' title='bbox 196 2863 203 2870; x_wconf 90' lang='grc'><strong>”</strong></span> <span class='ocrx_word' id='word_1_388' title='bbox 237 2865 339 2903; x_wconf 89' lang='lat' dir='ltr'><strong>Item,</strong></span> <span class='ocrx_word' id='word_1_389' title='bbox 368 2864 459 2906; x_wconf 90' lang='lat' dir='ltr'><strong>apud</strong></span> <span class='ocrx_word' id='word_1_390' title='bbox 485 2865 692 2906; x_wconf 77' lang='lat' dir='ltr'><strong>Peyngtone,</strong></span> <span class='ocrx_word' id='word_1_391' title='bbox 719 2865 918 2897; x_wconf 86' lang='lat' dir='ltr'><strong>duodecimo</strong></span> <span class='ocrx_word' id='word_1_392' title='bbox 940 2865 994 2896; x_wconf 91' lang='lat' dir='ltr'><strong>die</strong></span> <span class='ocrx_word' id='word_1_393' title='bbox 1017 2864 1141 2896; x_wconf 87' lang='lat' dir='ltr'><strong>mensis</strong></span> <span class='ocrx_word' id='word_1_394' title='bbox 1165 2864 1291 2904; x_wconf 87' lang='lat' dir='ltr'><strong>Marcii,</strong></span> <span class='ocrx_word' id='word_1_395' title='bbox 1318 2866 1484 2898; x_wconf 88' lang='lat' dir='ltr'><strong>Dominus</strong></span> <span class='ocrx_word' id='word_1_396' title='bbox 1506 2867 1670 2899; x_wconf 89' lang='lat' dir='ltr'><strong>concessit</strong></span> 
     </span>
     <span class='ocr_line' id='line_1_50' title="bbox 279 2908 1669 2949; baseline 0.002 -10"><span class='ocrx_word' id='word_1_397' title='bbox 279 2908 387 2940; x_wconf 87' lang='lat' dir='ltr'><strong>Priori</strong></span> <span class='ocrx_word' id='word_1_398' title='bbox 402 2911 438 2940; x_wconf 89' lang='lat' dir='ltr'><strong>et</strong></span> <span class='ocrx_word' id='word_1_399' title='bbox 453 2908 630 2940; x_wconf 77' lang='lat' dir='ltr'><strong>Fratribus</strong></span> <span class='ocrx_word' id='word_1_400' title='bbox 652 2909 782 2940; x_wconf 88' lang='lat' dir='ltr'><strong>Domus</strong></span> <span class='ocrx_word' id='word_1_401' title='bbox 805 2909 928 2941; x_wconf 86' lang='lat' dir='ltr'><strong>Sancte</strong></span> <span class='ocrx_word' id='word_1_402' title='bbox 951 2908 1055 2939; x_wconf 82' lang='lat' dir='ltr'><strong>Marie</strong></span> <span class='ocrx_word' id='word_1_403' title='bbox 1071 2908 1277 2949; x_wconf 83' lang='lat' dir='ltr'><strong>Magdalene,</strong></span> <span class='ocrx_word' id='word_1_404' title='bbox 1293 2909 1462 2948; x_wconf 84' lang='lat' dir='ltr'><strong>Tottonie,</strong></span> <span class='ocrx_word' id='word_1_405' title='bbox 1479 2909 1669 2942; x_wconf 85' lang='lat' dir='ltr'><strong>Licenciam</strong></span> 
     </span>
     <span class='ocr_line' id='line_1_51' title="bbox 278 2951 1669 2995; baseline 0.001 -12"><span class='ocrx_word' id='word_1_406' title='bbox 278 2951 369 2993; x_wconf 90' lang='lat' dir='ltr'><strong>quod</strong></span> <span class='ocrx_word' id='word_1_407' title='bbox 383 2951 514 2992; x_wconf 85' lang='lat' dir='ltr'><strong>possint</strong></span> <span class='ocrx_word' id='word_1_408' title='bbox 529 2951 652 2984; x_wconf 88' lang='lat' dir='ltr'><strong>Divina</strong></span> <span class='ocrx_word' id='word_1_409' title='bbox 667 2952 835 2984; x_wconf 86' lang='lat' dir='ltr'><strong>celebrare</strong></span> <span class='ocrx_word' id='word_1_410' title='bbox 849 2952 884 2984; x_wconf 92' lang='lat' dir='ltr'><strong>in</strong></span> <span class='ocrx_word' id='word_1_411' title='bbox 901 2951 1036 2992; x_wconf 85' lang='lat' dir='ltr'><strong>Capella</strong></span> <span class='ocrx_word' id='word_1_412' title='bbox 1051 2952 1122 2984; x_wconf 76' lang='lat' dir='ltr'><strong>sive</strong></span> <span class='ocrx_word' id='word_1_413' title='bbox 1138 2952 1293 2984; x_wconf 66' lang='lat' dir='ltr'><strong>Orat-,orio</strong></span> <span class='ocrx_word' id='word_1_414' title='bbox 1307 2952 1396 2984; x_wconf 85' lang='lat' dir='ltr'><strong>infra</strong></span> <span class='ocrx_word' id='word_1_415' title='bbox 1418 2953 1566 2985; x_wconf 87' lang='lat' dir='ltr'><strong>Domum</strong></span> <span class='ocrx_word' id='word_1_416' title='bbox 1583 2954 1669 2995; x_wconf 88' lang='lat' dir='ltr'><strong>ipso-</strong></span> 
     </span>
    </p>

    <p class='ocr_par' dir='ltr' id='par_1_20' title="bbox 275 2995 1598 3037">
     <span class='ocr_line' id='line_1_52' title="bbox 275 2995 1598 3037; baseline 0.001 -10"><span class='ocrx_word' id='word_1_417' title='bbox 275 3005 352 3027; x_wconf 88' lang='lat' dir='ltr'><strong>rum</strong></span> <span class='ocrx_word' id='word_1_418' title='bbox 369 2995 497 3028; x_wconf 84' lang='lat' dir='ltr'><strong>situato</strong></span> <span class='ocrx_word' id='word_1_419' title='bbox 509 3007 519 3036; x_wconf 85' lang='lat'>3</span> <span class='ocrx_word' id='word_1_420' title='bbox 541 3005 601 3037; x_wconf 87' lang='lat' dir='ltr'><strong>per</strong></span> <span class='ocrx_word' id='word_1_421' title='bbox 615 2995 789 3028; x_wconf 89' lang='lat' dir='ltr'><strong>biennium</strong></span> <span class='ocrx_word' id='word_1_422' title='bbox 805 2995 1016 3028; x_wconf 85' lang='lat' dir='ltr'><strong>duraturam.</strong></span> <span class='ocrx_word' id='word_1_423' title='bbox 1595 3011 1598 3014; x_wconf 49' lang='lat'><strong>⁴</strong></span> 
     </span>
    </p>
   </div>
  </div>
 </body>
</html>
