1988 3256
439 384 441 386 .
462 363 754 398 REGISTRUM
791 361 1255 398 coMMUNs—ANNO
1293 354 1354 396 5⁰.
1594 348 1691 396 347

136 468 213 496 AD·
294 471 336 502 de
353 469 581 512 Aysshestone
595 470 789 512 supradicte
798 470 1064 512 interposuimus
1076 481 1137 511 per
1148 471 1334 502 Decretum
1351 480 1359 508 ;
1380 470 1484 509 vobis,
1501 469 1686 501 communi-

134 503 238 564 ξξῇῐ
295 518 349 545 ter
370 520 406 545 et
428 514 573 552 divisim,
588 514 632 545 ad
655 514 896 555 publicandum
919 514 1117 555 hujusmodi
1140 515 1372 554 Sequestrum,
1395 516 1523 552 nostra,
1550 516 1591 545 ut
1613 523 1686 554 pre-

195 557 201 562 ”
240 555 248 563 ’
295 558 415 597 fertur,
445 558 651 589 auctoritate
680 558 933 598 interpositum,
958 558 1105 589 Domino
1135 558 1285 590 Roberto
1310 558 1411 599 Pavy,
1444 557 1626 598 capellano,
1651 560 1687 588 et

289 601 444 642 ejusdem
480 601 622 632 Ecclesie
653 602 797 637 Rectori,
829 601 1111 637 committentes:
1149 612 1219 640 nos,
1247 604 1372 640 tamen,
1398 601 1686 642 contemplacione

288 645 424 686 speciali
454 645 652 683 Reverendi,
679 648 754 684 etc.,
781 645 916 676 Domini
939 645 1102 676 Willelmi
1125 645 1182 684 [de
1205 644 1444 686 Courtenaye],
1469 644 1687 684 permissione

290 689 412 720 Divina
431 689 685 720 Herefordensis
702 689 866 729 Episcopi,
884 688 994 720 nostri
1011 689 1210 727 Confi-atris,
1227 688 1326 730 cujus
1344 688 1514 729 obsequiis
1530 697 1686 729 persona-

287 732 367 764 liter
396 735 433 764 et
462 732 712 773 prestfflcialiter
742 732 871 764 insistit
903 732 1070 763 Dominus
1101 732 1272 764 Robertus
1296 733 1398 773 Pavy,
1423 733 1548 764 Rector
1570 741 1687 772 supra-

287 776 400 807 dictus
415 786 423 814 ;
445 786 493 815 ac,
511 776 589 817 quia
604 775 694 807 idem
712 775 879 807 Dominus
899 775 1067 807 Robertus
1083 775 1126 807 de
1142 776 1289 817 parendo
1303 775 1380 817 jure
1396 778 1431 807 et-
1447 775 1572 807 nostris
1587 775 1687 806 bene-

288 819 419 860 placitis
450 819 571 851 asserit
595 829 630 850 se
657 822 827 860 paratum,
854 822 956 860 prout
981 820 1072 851 idem
1101 820 1317 851 Reverendus
1346 819 1448 851 Pater
1473 819 1595 850 asserit
1626 829 1688 859 pro

286 863 417 901 eodem,
434 862 634 904 hujusmodi
658 863 882 904 Sequestrum
905 866 1072 902 nostrum,
1089 863 1144 902 sic,
1164 866 1204 895 ut
1227 863 1410 904 prefertur,
1434 863 1686 904 interpositum,

287 906 435 947 graciose
458 906 694 946 relaxavimus,
714 909 750 938 et
773 910 893 938 tenore
917 907 1133 938 Presencium
1156 907 1356 943 relaxamus,
1373 917 1550 948 quousque
1566 906 1686 937 videri-

287 960 364 982 mus
386 960 430 981 an
452 950 651 991 hujusmodi
673 950 878 981 asserciones
900 953 937 982 et
961 950 1148 982 oblaciones
1170 950 1396 982 effectualiter
1418 950 1556 982 duxerit
1579 950 1686 981 adlm-

288 994 381 1034 plere
405 994 570 1025 Dominus
595 993 772 1033 RobertuS,
800 994 922 1025 Rector
945 994 1170 1034 supradictus.
1217 994 1331 1032 Vobis,
1355 994 1470 1035 igitur,
1494 999 1569 1033 etc.,
1595 1004 1686 1025 man-

289 1037 411 1068 damus
437 1037 609 1078 quatinus,
636 1048 704 1068 non
735 1037 893 1069 obstante
918 1037 1116 1079 hujusmodi
1146 1040 1261 1069 nostro
1292 1038 1486 1078 Sequestro,
1517 1037 1689 1078 pendente

289 1084 406 1112 nostra
428 1081 577 1121 graciosa
599 1081 844 1122 expectacione,
868 1081 980 1122 ipsum
1005 1081 1193 1112 Robertum
1219 1082 1321 1122 Pavy,
1342 1083 1516 1112 Rectorem
1542 1080 1688 1112 Ecclesie

289 1124 492 1165 supradicte,
509 1125 809 1156 Procuratoremve
825 1135 928 1156 suum
950 1125 1056 1166 ipsius
1078 1125 1225 1164 nomine,
1242 1125 1379 1156 interim
1402 1125 1507 1156 libere
1528 1124 1687 1156 adminis-

290 1171 390 1207 trare,
407 1178 446 1199 ac
461 1168 495 1199 in
511 1170 548 1200 et
563 1168 606 1199 de
622 1168 723 1199 rebus
738 1172 775 1200 et
798 1168 1063 1200 obvencionibus
1082 1168 1227 1200 Ecclesie
1249 1179 1310 1200 sue
1331 1168 1484 1209 predicte
1506 1168 1598 1200 licite
1621 1168 1686 1199 dis-

291 1221 414 1252 ponere
430 1212 640 1252 permittatis
655 1212 802 1251 omnino,
819 1222 997 1253 quousque
1012 1211 1105 1243 aliud
1127 1222 1148 1243 a
1170 1212 1266 1244 nobis
1282 1212 1475 1253 receperitis
1490 1212 1525 1243 in
1550 1211 1686 1244 manda-

292 1255 507 1287 tis.—-Dated
524 1258 562 1287 at
579 1255 687 1297 Clyst,
707 1256 726 1286 3
743 1255 816 1287 Oct.

248 1309 407 1354 Totnes,
431 1310 566 1348 House
586 1310 647 1347 for
667 1310 821 1360 Lepers,
844 1315 932 1354 etc.,
954 1314 998 1348 at
1013 1323 1024 1357 3
1047 1310 1374 1360 Indulqemia.—

248 1364 349 1401 Item,
375 1364 512 1402 ibidem,
535 1363 617 1404 iiijto
640 1363 695 1395 die
719 1364 841 1395 mensis
865 1367 901 1395 et
921 1364 1000 1395 anni
1028 1364 1310 1405 supradictorum,
1337 1364 1502 1396 Dominus
1525 1364 1690 1396 concessit

296 1407 550 1448 Indulgenciam
566 1405 636 1438 xxt¹
651 1407 784 1438 dierum
800 1408 957 1439 omnibus
974 1408 1182 1448 parochianis
1198 1408 1277 1447 suis,
1293 1411 1330 1439 et
1349 1408 1422 1439 aliis
1446 1418 1592 1449 quorum
1610 1408 1687 1439 Dio-

295 1451 415 1490 cesarii,
438 1455 513 1489 etc.,
544 1451 604 1492 qui
633 1451 676 1482 ad
707 1451 991 1482 sustentacionem
1016 1452 1223 1492 leprosorum
1248 1455 1285 1483 et
1310 1452 1522 1483 infirmorum
1560 1452 1689 1483 Domus

298 1495 400 1526 Beate
423 1494 528 1526 Marie
557 1494 762 1535 Magdalene,
788 1495 956 1534 Tottonie,
985 1495 1202 1534 contulerint,
1226 1499 1313 1533 etc.;
1341 1505 1402 1536 per
1428 1505 1535 1526 unum
1559 1505 1688 1526 annum

0 1543 9 1564 ⁵
298 1537 509 1570 duraturam.

255 1593 719 1643 Letters-Dimissory,—

254 1646 383 1678 Robert
400 1646 647 1687 Molehaunger,
664 1647 765 1686 elerk,
785 1647 804 1662 “
816 1647 860 1678 ad
876 1657 992 1678 omnes
1006 1647 1163 1687 Minores,
1177 1658 1216 1679 ac
1239 1647 1344 1679 eciam
1365 1647 1409 1679 ad
1432 1658 1548 1691 omnes
1572 1648 1689 1680 Sacros

301 1690 445 1721 Ordines
459 1690 477 1702 '’
495 1691 600 1728 (same
615 1690 718 1728 date).

0 1740 11 1820 ἰ
255 1745 649 1796 Woolfardisworthy
667 1759 677 1793 ;
703 1746 939 1793 Alone-io,—

254 1799 408 1836 Thomas,
433 1804 508 1836 etc.,
533 1800 667 1831 Decano
689 1800 732 1831 de
757 1799 1028 1840 Holdesworthy,
1051 1800 1208 1838 salutem,
1235 1800 1399 1832 etc—Ad
1422 1800 1631 1832 monendum
1653 1803 1691 1832 et

0 1837 6 1874 i
297 1843 476 1874 efficaciter
506 1843 738 1875 inducendum
769 1844 956 1875 Dominum
989 1843 1176 1875 Walterum
1212 1844 1360 1883 Hodelle,
1391 1844 1612 1885 capellanum,
1637 1844 1691 1876 vel

0 1890 8 1928 ζ
299 1897 530 1927 quoscumque
556 1887 626 1918 sive
651 1897 900 1928 quemcumque
924 1887 1039 1925 alium,
1067 1897 1151 1928 quos
1178 1887 1231 1918 vel
1257 1898 1360 1928 quem
1384 1888 1550 1919 Dominus
1577 1888 1692 1919 Abbas

0 1933 10 1966 15
300 1930 496 1962 Monasterii
511 1931 553 1961 de
573 1931 750 1969 Hertlond,
765 1935 840 1969 etc.,
858 1930 952 1962 vobis
967 1931 1105 1962 duxerit
1120 1931 1342 1962 nominandos
1357 1932 1398 1963 ad
1418 1932 1690 1970 ministrandum,

6 1990 11 1991 ν
299 1973 526 2012 officiandum,
551 1977 587 2005 et
609 1984 689 2005 cure
711 1975 930 2006 excercicium
954 1974 1141 2015 gerendum
1165 1974 1199 2005 in
1228 1975 1365 2016 Capella
1388 1977 1515 2007 Curata
1536 1975 1579 2007 de
1603 1975 1690 2007 Wal-

299 2017 549 2058 fordisworthy,
580 2018 793 2058 dependente
823 2019 866 2049 de
893 2018 1041 2049 Ecclesia
1070 2018 1256 2050 Parochiali
1282 2019 1325 2050 de
1350 2019 1456 2050 Stoke
1486 2019 1628 2058 Nectan,
1655 2019 1692 2050 in

0 2090 3 2092 ,
25 2096 29 2099 ,
299 2060 415 2102 plenos
439 2071 519 2092 usus
541 2060 642 2093 dictis
658 2061 783 2093 Abbati
805 2064 841 2093 et
863 2061 1070 2093 Monasterio
1091 2062 1317 2102 appropriata,
1340 2072 1408 2094 non
1428 2062 1587 2094 obstante
1609 2072 1691 2104 qua-

0 2096 14 2148 }
297 2114 443 2145 cumque
460 2104 692 2136 Convencione
706 2115 785 2136 cum
807 2105 880 2136 aliis
902 2105 1003 2144 facta,
1026 2108 1180 2137 cessante
1202 2105 1435 2138 Convencione
1455 2105 1563 2147 jurati
1586 2106 1691 2138 inter-

8 2148 15 2162 '
299 2148 466 2189 posicione
494 2148 644 2186 vallata3
675 2151 721 2185 et,
749 2149 778 2179 si
801 2148 964 2180 duxerint
993 2149 1046 2179 vel
1076 2148 1215 2180 duxerit
1244 2149 1412 2188 resistere,
1442 2149 1486 2180 ad
1515 2149 1693 2181 citandum

294 2191 445 2232 eundem
460 2191 514 2222 vel
529 2191 665 2223 eosdem
679 2191 723 2223 ad
738 2192 1002 2232 comparendum
1016 2202 1126 2223 coram
1143 2192 1239 2223 nobis
1255 2193 1307 2224 vel
1323 2197 1440 2224 nostro
1455 2193 1693 2225 Commissario

301 2235 337 2266 in
352 2234 415 2266 hac
430 2238 537 2275 parte,
553 2238 647 2267 certo
661 2235 717 2266 die
738 2245 799 2276 per
821 2246 881 2267 vos
903 2235 1031 2267 eisdem
1052 2235 1106 2267 vel
1129 2236 1238 2267 eidem
1261 2236 1472 2277 assignando,
1496 2237 1532 2268 in
1555 2237 1693 2277 Capella

302 2278 418 2310 Sancti
442 2278 605 2309 Gabrielis
627 2278 671 2310 de
693 2278 781 2311 Clist
807 2279 973 2320 Episcopi,
995 2289 1112 2310 causas
1137 2279 1364 2319 racionabiles,
1388 2280 1414 2311 si
1439 2290 1522 2320 quas
1545 2291 1606 2321 pro
1629 2280 1693 2320 [se]

300 2321 449 2353 habeant
471 2322 525 2353 vel
546 2322 680 2362 habeat,
704 2333 809 2363 quare
831 2332 910 2354 eum
934 2322 986 2353 vel
1013 2333 1069 2354 eos
1095 2333 1157 2363 per
1181 2324 1348 2354 Censuras
1376 2323 1624 2355 Ecclesiasticas
1649 2324 1694 2355 ad

299 2364 526 2396 obediendum
548 2365 746 2406 hujusmodi
770 2365 1015 2397 Monicionibus
1036 2366 1168 2406 vestris,
1191 2369 1308 2398 nostra
1333 2367 1538 2399 auctoritate
1565 2367 1693 2399 eisdem

297 2408 350 2439 vel
366 2408 475 2440 eidem
497 2408 606 2448 factis,
622 2409 823 2450 compellere
847 2409 987 2440 minime
1008 2409 1192 2440 debeamus
1215 2410 1394 2450 allegaturi
1417 2413 1454 2442 et
1476 2411 1692 2451 proposituri,

301 2454 418 2483 tenore
427 2452 643 2483 Presencium
655 2452 903 2484 committimus
915 2453 1004 2484 vices
1016 2455 1158 2492 nostras,
1171 2454 1397 2485 etc.—-Dated
1407 2458 1444 2485 at
1455 2454 1561 2494 Clyst‚
1572 2455 1590 2486 5
1603 2452 1694 2486 Oet}

154 2524 164 2544 ¹
179 2525 252 2557 The
266 2528 350 2557 next
366 2526 485 2566 Entry,
502 2526 613 2557 which
628 2527 688 2558 has
707 2527 790 2558 been
813 2537 889 2558 cau·

999 2537 1077 2559 rum
1093 2531 1129 2559 et
1144 2528 1392 2568 prepositorum
1414 2532 1618 2569 nostrorum,
1635 2541 1696 2571 pro

193 2568 308 2608 celled,
325 2569 426 2609 being
447 2569 587 2601 marked
603 2570 675 2601 “va
699 2593 707 2601 .
735 2593 743 2601 .
770 2593 779 2602 .
801 2570 889 2609 cat,’'

999 2571 1148 2611 proficuo
1177 2575 1294 2603 nostro
1327 2572 1489 2610 faciendo,
1519 2583 1695 2605 removen-

192 2611 222 2643 is
243 2621 280 2643 as
306 2612 435 2644 follows
449 2613 660 2652 z—Thomas,
685 2616 762 2654 etc.,
783 2614 891 2645 omni-

193 2655 258 2686 bus
293 2655 437 2694 ballivis,
485 2657 672 2697 prepositis,
710 2661 748 2689 et
784 2658 890 2689 eciam

193 2698 358 2730 ministris
373 2699 454 2738 suis,
471 2700 617 2731 salutem
639 2700 672 2732 in
691 2700 891 2733 Domino.—

192 2741 364 2774 Noveritis
379 2752 440 2773 nos
455 2742 625 2775 ordinasse
646 2747 684 2775 et
704 2744 890 2785 assignasse

191 2785 357 2816 'rhomam
393 2789 469 2817 atte
502 2786 646 2827 Fursyn,
683 2787 889 2819 staurarium

190 2831 360 2867 nostrum,
388 2829 432 2860 ad
457 2829 756 2870 supervidendum,
777 2834 889 2862 extra-

193 2871 356 2910 hendum,
381 2872 573 2912 emendum,
601 2875 638 2905 et
661 2873 889 2914 vendendum,

191 2924 230 2946 ac
251 2914 355 2946 eciam
381 2915 424 2947 de
447 2915 596 2948 Manerio
618 2919 735 2948 nostro
757 2917 793 2949 in
820 2917 889 2948 Ma-

190 2958 325 2990 nerium
347 2961 514 2999 nostrum,
538 2969 598 3001 per
619 2959 730 2992 visum
754 2960 890 2992 ballivo-

999 2614 1082 2646 dum
1099 2625 1108 2652 ;
1138 2615 1188 2646 ita
1217 2615 1308 2655 quod
1332 2615 1422 2647 idem
1449 2616 1595 2651 Thomas
1621 2621 1696 2649 atte

1000 2658 1134 2698 Fursyn
1160 2658 1207 2690 sit
1231 2658 1311 2690 inde
1336 2669 1556 2699 responsurus
1582 2670 1695 2692 coram

999 2701 1107 2738 nobis,
1121 2701 1334 2733 auditoribus
1355 2703 1490 2742 nostris,
1505 2706 1542 2735 et
1556 2704 1696 2735 concilio

998 2747 1123 2783 nostro,
1135 2748 1239 2785 prout
1253 2745 1351 2777 decet
1362 2746 1469 2777 officio
1483 2756 1554 2778 suo.
1600 2747 1694 2778 Man·

998 2787 1119 2819 dantes
1130 2787 1262 2829 [vobis],
1273 2789 1414 2828 prefatis
1424 2789 1564 2827 ballivis,
1577 2800 1694 2831 prepo-

1000 2831 1085 2869 sitis,
1096 2834 1134 2862 et
1149 2831 1313 2864 ministris
1328 2833 1462 2871 nostris,
1478 2833 1570 2874 quod
1584 2833 1703 2865 eidem·

1000 2874 1128 2905 Thome
1137 2877 1210 2906 atte
1224 2875 1355 2916 Furssn
1373 2875 1406 2907 iu
1420 2876 1527 2908 officio
1542 2877 1694 2917 predicto

1001 2917 1076 2953 sitis
1087 2917 1305 2950 intendentes
1314 2921 1351 2950 et
1362 2919 1614 2960 respondentes,
1625 2923 1691 2953 etc.

1001 2961 1158 2997 —÷Dated
1172 2964 1211 2994 at
1227 2961 1334 3003 Clyst,
1351 2963 1370 2995 6
1387 2962 1461 2997 Oct.
