1988 3256
294 360 390 404 228
496 373 596 407 THE
631 374 874 409 REGISTER
909 375 969 409 OF
1004 375 1183 410 BISHOP
1217 375 1622 412 BRANTYNGHAM.

295 475 373 537 {³2}ss
450 480 612 513 confectis
635 481 768 523 plenius
790 482 1009 521 continetur3
1032 481 1127 513 vobis
1150 482 1351 514 mandamus
1373 481 1536 524 quatinus
1559 482 1793 524 Sequestrum,
1810 481 1840 513 si

293 530 398 572 Vol-'1’
450 525 542 566 quod
558 525 593 557 in
608 525 777 558 fructibus
792 526 937 558 Ecclesie
952 525 1156 567 supradicte,
1174 526 1342 558 occasione
1357 526 1509 558 absencie
1532 526 1683 558 Rectoris
1705 526 1838 567 prefati,

451 579 511 610 per
533 579 601 609 vos,
619 570 822 602 auctoritate
845 572 969 610 nostra,
987 570 1227 610 interpositum
1252 569 1366 609 fuerit,
1382 569 1538 602 relaxetis
1562 570 1667 610 (same
1681 569 1784 610 date).

405 629 562 662 —Litera
577 630 616 662 de
634 630 837 670 absencia,—

414 673 570 713 Thomas,
587 677 661 713 etc.,
678 674 824 706 Domino
840 674 991 705 Waltero
1008 674 1050 705 de
1066 673 1280 715 Colmptone‚
1309 674 1443 706 Rectori
1465 673 1615 706 Ecclesie
1638 672 1841 705 Parochialis

449 718 492 749 de
509 718 788 759 Stokeflemynge,
800 718 958 756 salutem,
971 718 1130 750 etc—Ut
1145 729 1204 759 per
1221 728 1327 750 unum
1343 728 1480 758 annum,
1497 729 1517 749 a
1531 718 1612 749 data
1623 717 1838 749 Presencium

446 761 605 793 continue
621 762 879 801 numerandum,
896 772 916 793 a
931 762 1021 793 dicta
1036 765 1097 793 tua
1121 762 1267 793 Ecclesia
1283 765 1318 793 te
1333 762 1519 801 absentare,
1538 761 1748 803 fructusque,
1765 761 1838 792 red-

451 805 554 844 ditus,
581 809 617 837 et
645 808 828 846 proventus
851 805 1004 847 ejusdem
1028 805 1157 846 integre
1182 803 1378 847 [percipere]
1402 805 1520 845 valeas,
1545 815 1583 836 ac
1605 805 1634 836 si
1661 804 1697 836 in
1721 805 1838 836 eadem

450 849 669 890 personaliter
684 849 844 881 resideres
858 859 867 888 ;
890 850 982 889 dum,
997 852 1120 889 tamen,
1134 849 1224 880 dicte
1240 852 1299 880 tue
1315 849 1461 888 Ecclesie
1477 848 1686 881 deserviatur
1701 848 1838 880 interim

449 892 663 925 laudabiliter
678 893 713 924 in
731 893 862 924 Divinis
877 897 914 924 et
928 893 1117 924 animarum
1133 903 1213 924 cura
1228 893 1262 924 in
1278 894 1394 924 eadem
1412 893 1608 925 nullatenus
1624 892 1812 932 necligatur
1829 902 1838 931 ;

449 936 733 978 contemplacione
749 936 880 968 Nobilis
897 936 1043 975 Domini,
1062 936 1200 968 Domini
1217 936 1359 969 Comitis
1376 936 1531 976 Marchie,
1548 936 1647 978 cujus
1669 935 1839 977 obsequiis

448 990 564 1012 vacare
579 980 707 1019 diceris,
725 980 798 1020 tibi,
815 983 931 1012 tenore
948 980 1173 1019 Presencium,
1192 980 1379 1012 Licenciam
1402 980 1618 1012 concedimus
1641 979 1829 1021 specialem.

449 1024 586 1056 Proviso
602 1024 693 1066 quod
707 1027 959 1066 procuratorem
981 1024 1108 1056 ibidem
1131 1024 1284 1056 dimittas
1307 1024 1540 1064 sufficientem,
1557 1024 1617 1065 qui
1639 1034 1741 1055 onera
1763 1033 1836 1065 pre-

449 1068 571 1109 scripto
587 1071 647 1100 tue
663 1068 808 1100 Ecclesie
824 1068 1055 1099 incumbencia
1077 1068 1265 1108 subportet,
1282 1068 1445 1110 nobisque
1468 1071 1504 1099 et
1526 1067 1649 1099 nostris
1673 1067 1838 1099 Ministris

450 1112 565 1144 debite
580 1112 781 1153 respondeat
795 1112 866 1144 vice
883 1115 943 1143 tua
961 1111 1065 1151 (same
1081 1111 1184 1151 date).

403 1170 677 1223 Ashprington
685 1185 696 1220 ς
708 1171 768 1210 De
782 1172 1013 1210 absentando
1024 1178 1059 1209 et
1073 1171 1303 1210 dimittendo
1315 1171 1527 1210 Ecclesiam
1545 1172 1600 1209 ad
1603 1172 1838 1221 firmam,—

404 1225 560 1266 Thomas,
578 1229 655 1267 etc„
673 1226 818 1258 Domino
836 1226 981 1257 Roberto
997 1226 1220 1267 Arenthorpe,
1240 1225 1376 1257 Rectori
1399 1225 1545 1257 Ecclesie
1562 1225 1605 1257 de
1620 1225 1836 1267 Asprintone,

450 1270 604 1310 salutem,
621 1269 782 1302 etc—Ut
796 1280 855 1311 per
871 1279 979 1301 unum
1000 1279 1137 1309 annum,
1155 1280 1174 1300 a
1195 1270 1276 1301 data
1300 1269 1516 1301 Presencium
1538 1269 1698 1301 continue
1719 1279 1836 1301 nume·

448 1314 603 1354 randum,
620 1324 640 1345 a
655 1314 745 1345 dicta
761 1317 821 1345 tua
837 1313 984 1345 Ecclesia
999 1316 1034 1345 te
1049 1313 1235 1353 absentare,
1246 1313 1456 1355 fructusque,
1468 1313 1633 1353 redditus,
1646 1316 1682 1345 et
1696 1323 1836 1354 proven-

448 1360 505 1389 tus
517 1357 672 1399 ejusdem
683 1357 782 1389 alicui
795 1357 866 1389 viro
882 1357 1113 1388 Ecclesiastico
1128 1357 1266 1388 interim
1278 1358 1320 1389 ad
1333 1356 1465 1389 firmam
1482 1357 1657 1389 dimittere
1673 1356 1812 1397 [valeas]
1827 1367 1837 1396 ,τ

448 1402 544 1441 dum,
563 1405 686 1440 tamen,
704 1401 852 1442 predicte
868 1403 927 1432 tue
942 1401 1088 1432 Ecclesie
1111 1401 1323 1433 deserviatur
1345 1401 1562 1432 laudabiliter
1585 1401 1622 1432 in
1645 1400 1778 1432 Divinis
1801 1403 1837 1433 et

446 1445 635 1477 animarum
662 1455 742 1476 cura
767 1445 802 1476 in
828 1445 944 1476 eadem
971 1444 1166 1476 nullatenus
1197 1444 1386 1486 necligatur
1400 1455 1410 1483 ;
1445 1444 1518 1485 tibi,
1551 1443 1838 1486 contemplacione

447 1489 605 1520 Willelmi
619 1488 720 1528 Stele,
734 1488 968 1520 Archidiaeoni
978 1489 1084 1520 nostri
1095 1488 1263 1524 Tottonie,
1276 1488 1374 1530 cujus
1390 1488 1560 1529 obsequiis
1576 1498 1692 1520 vacare
1705 1487 1836 1528 diceris,

448 1535 563 1564 tenore
574 1533 789 1564 Presencium
801 1532 989 1564 Licenciam
1000 1532 1214 1563 concedimus
1225 1532 1411 1573 specialem.
1447 1532 1584 1564 Proviso
1596 1532 1688 1573 quod
1701 1531 1837 1564 fructus

446 1576 686 1618 autumpnales
703 1576 833 1617 prefate
849 1579 909 1607 tue
926 1575 1071 1607 Ecclesie
1094 1576 1303 1616 pertinentes
1320 1576 1355 1607 in
1372 1576 1441 1607 solo
1458 1575 1605 1607 Ecclesie
1620 1578 1839 1617 reponantur,

446 1621 558 1662 quodq
565 1631 606 1652 ue
621 1624 872 1662 procuratorem
896 1620 1023 1651 ibidem
1045 1619 1200 1651 dimittas
1216 1619 1449 1660 sufficientem,
1467 1619 1527 1661 qui
1543 1619 1640 1651 nobis
1658 1623 1694 1651 et
1716 1619 1841 1652 nostris

449 1664 616 1696 Ministris
632 1663 746 1696 debite
761 1663 962 1705 respondeat
978 1663 1049 1695 vice
1064 1666 1125 1695 tua
1142 1664 1248 1703 (same
1263 1663 1366 1703 date).

295 1716 344 1777 {2¹-
401 1718 849 1769 Combe-in—Teignhead
865 1732 876 1767 ς
905 1719 965 1757 De
982 1718 1551 1765 absentando-Duraunte‚—

332 1770 339 1777 '
447 1773 603 1813 Thomas,
620 1775 693 1813 etc„
711 1773 857 1804 Domino
879 1773 903 1805 J
904 1772 1029 1804 ohanni
1051 1773 1238 1812 Duratium,
1257 1772 1391 1805 Rectori
1407 1772 1554 1804 Ecclesie
1570 1771 1775 1804 parochialis
1797 1773 1840 1804 de

448 1816 768 1858 Combeyntinhide,
786 1816 942 1856 salutem,
958 1816 1118 1848 etc.—Ut
1135 1826 1193 1857 per
1208 1826 1317 1848 unum
1333 1826 1473 1856 annum,
1490 1827 1510 1847 a
1525 1816 1605 1848 data
1621 1815 1838 1848 Presencium

448 1861 609 1893 continue
635 1861 895 1900 numerandum,
923 1871 942 1891 a
968 1860 1060 1892 dicta
1086 1863 1146 1891 tua
1174 1860 1320 1891 Ecclesia
1347 1863 1382 1891 te
1412 1860 1597 1900 absentare,
1625 1859 1837 1902 fructusque,

448 1905 614 1943 redditus,
624 1906 660 1935 et
675 1907 858 1944 proventus
874 1902 1027 1945 ejusdem
1040 1903 1207 1944 percipere
1219 1904 1338 1943 valeas,
1351 1914 1388 1935 ac
1398 1903 1426 1935 si
1441 1903 1476 1935 in
1491 1903 1606 1935 eadem
1621 1903 1840 1945 personaliter

449 1948 621 1987 resideres,
640 1947 924 1988 contemplacione
940 1947 1072 1978 Nobilis
1089 1947 1171 1987 Viri,
1187 1947 1325 1979 Domini
1341 1947 1361 1979 J
1364 1947 1505 1978 ohannis
1521 1947 1564 1978 de
1588 1947 1704 1979 Monte
1727 1950 1837 1988 acuto,

449 1991 579 2031 Militis,
596 1991 695 2032 cujus
717 1991 886 2033 obsequiis
909 2001 1024 2022 vacare
1046 1990 1190 2028 diceris;
1214 1991 1306 2030 dum,
1325 1993 1449 2031 tamen,
1474 1989 1584 2022 eidem
1606 1993 1667 2022 tue
1690 1991 1838 2023 Ecclesie

448 2035 659 2067 deserviatur
675 2034 810 2067 interim
827 2034 1043 2066 laudabiliter
1064 2034 1099 2065 in
1124 2034 1264 2074 Divinis,
1289 2037 1324 2066 et
1346 2034 1537 2066 animarum
1560 2044 1640 2066 cura
1661 2034 1697 2066 in
1721 2035 1839 2067 eadem

448 2079 644 2111 nullatenus
660 2078 847 2119 necligatur
863 2088 872 2117 ;
895 2078 1055 2119 quodque
1071 2081 1320 2119 procuratorem
1343 2077 1649 2110 ibidemdimittas
1671 2078 1836 2111 sufficien-

449 2126 532 2162 tem,
550 2122 609 2164 qui
624 2122 721 2153 nobis
737 2125 771 2153 et
787 2122 910 2153 nostris
925 2121 1089 2153 Ministris
1105 2121 1219 2153 debite
1234 2122 1432 2163 respondeat
1451 2121 1521 2153 vice
1536 2124 1597 2153 tua
1610 2131 1619 2160 ;
1642 2121 1707 2153 tibi
1722 2125 1840 2154 tenore

447 2166 662 2198 Presencium
686 2165 872 2197 Licenciam
900 2165 1114 2196 concedimus
1145 2165 1332 2206 specialem.
1382 2164 1559 2205 Volumus,
1586 2167 1713 2206 autem,
1745 2166 1838 2208 quod

448 2210 602 2242 absencia
627 2212 689 2241 tua
713 2208 911 2251 hujusmodi
940 2208 1198 2240 elemosinarum
1225 2209 1413 2250 largicione,
1436 2209 1526 2240 inter
1549 2219 1712 2250 pauperes
1741 2220 1836 2251 paro-

447 2253 583 2286 chianos
599 2256 676 2285 tuos
691 2253 853 2292 facienda,
870 2255 1153 2294 recompensetur,
1170 2256 1287 2285 nostro
1303 2252 1442 2285 arbitrio
1465 2252 1678 2286 moderanda.
1691 2253 1838 2286 —Dated

451 2298 602 2336 London‚
620 2298 661 2329 23
678 2296 700 2329 J
703 2297 771 2338 uly.

404 2355 661 2411 [waorthy]
677 2370 687 2404 3
714 2356 754 2394 J.
776 2356 990 2406 Flemynye,
1012 2356 1058 2394 de
1075 2357 1378 2404 absentando,—-

405 2412 561 2452 Thomas,
585 2415 658 2451 etc„
683 2410 829 2442 Domino
852 2409 1002 2442 Johanni
1027 2410 1218 2453 Flemynge,
1243 2411 1378 2443 Rectori
1401 2410 1547 2443 Ecclesie
1570 2409 1773 2443 Parochialis
1794 2410 1837 2443 de

449 2454 675 2498 [waorthyL
709 2454 864 2494 salutem,
894 2453 1057 2486 ete—Ut
1078 2464 1138 2495 per
1161 2465 1269 2486 unum
1291 2465 1430 2494 annum,
1454 2458 1528 2494 etc„
1551 2459 1589 2486 ut
1611 2464 1715 2495 supra
1737 2464 1837 2496 usque

448 2499 633 2538 resideres;
655 2499 748 2538 dum,
772 2500 896 2537 tamen,
921 2508 998 2529 cum
1022 2497 1160 2538 Thoma,
1177 2498 1246 2529 filio
1262 2498 1393 2530 Nobilis
1408 2498 1490 2539 Viri,
1507 2497 1646 2530 Domini
1667 2497 1835 2530 Johannis

453 2544 495 2574 de
518 2543 634 2574 Monte
649 2544 759 2581 acuto,
776 2541 904 2581 Militis,
921 2540 1103 2572 Exoniensi
1125 2541 1195 2582 Dic,
1213 2541 1285 2574 MS.
1308 2542 1461 2584 perhaps,
1477 2553 1497 2574 a
1518 2541 1649 2573 clerical
1671 2551 1763 2573 error
1783 2542 1838 2574 for

453 2586 473 2602 “
486 2586 613 2619 Oxonie
626 2585 670 2625 '’],
687 2585 821 2617 insistas
837 2584 951 2616 studio
973 2584 1156 2623 literarum,
1174 2595 1212 2616 ac
1233 2585 1343 2616 eidem
1366 2588 1426 2617 tue
1451 2585 1594 2617 Ecclesie
1617 2584 1835 2626 deserviatur,
1864 2584 1868 2587 '

452 2633 526 2668 ete„
549 2634 587 2661 ut
609 2639 712 2671 supra
731 2639 791 2670 per
813 2633 914 2660 totum
937 2627 1040 2667 (same
1062 2628 1164 2668 date).
1211 2628 1330 2670 [space
1352 2639 1418 2660 was
1441 2629 1504 2660 lest
1525 2629 1580 2660 for
1600 2628 1660 2660 the
1679 2638 1779 2660 name
1799 2629 1837 2661 of

450 2673 509 2706 the
533 2673 658 2705 Parish.
705 2672 797 2705 John
814 2672 998 2713 Flemynge
1013 2682 1079 2703 was
1101 2671 1180 2704 inst.
1197 2675 1233 2703 to
1250 2673 1434 2714 waorthy
1449 2673 1485 2704 in
1509 2671 1604 2712 1367,
1621 2682 1664 2704 on
1681 2671 1740 2704 the
1755 2672 1833 2704 Pre-

452 2716 680 2802 sentation]of
710 2716 765 2748 Sir
794 2715 886 2748 John
917 2715 959 2747 de
989 2715 1195 2747 Montacute.
1244 2716 1307 2748 See
1337 2715 1461 2758 Bislwp
1491 2715 1659 2757 Staffovd’s
1680 2715 1833 2757 chiaeter,

451 2771 534 2802 page
551 2761 622 2793 196.

409 2815 532 2854 Great
550 2815 787 2865 Torrington
806 2825 816 2862 ;
842 2813 1082 2852 Laurencius
1099 2813 1392 2864 Brithleyhe,—

405 2869 560 2909 Thomas,
578 2874 651 2907 etc„
669 2868 815 2900 Domino
831 2867 1014 2900 Laurencio
1029 2868 1072 2899 de
1088 2867 1292 2909 Brithleghe,
1310 2867 1445 2900 Rectori
1461 2867 1608 2900 Ecclesie
1631 2867 1834 2901 Parochialis

453 2913 496 2945 de
511 2913 684 2952 Turytone
707 2922 837 2953 magna,
854 2911 1009 2951 salutem,
1025 2911 1185 2944 ete—Ut
1207 2921 1267 2952 per
1289 2921 1397 2943 unum
1419 2921 1558 2952 annum,
1581 2914 1656 2952 etc„
1673 2916 1711 2944 ut
1732 2922 1834 2953 cupra

451 2965 550 2998 usque
570 2956 743 2995 resideres,
760 2955 861 2987 certis
883 2965 925 2987 ex
947 2954 1055 2987 causis
1077 2958 1114 2987 et
1134 2954 1294 2996 legitimis
1316 2955 1413 2987 nobis
1435 2966 1476 2988 ex
1499 2958 1595 2997 parte
1616 2958 1678 2988 tua
1699 2955 1834 2998 plenius

452 3000 652 3043 expressatis
668 3010 677 3040 ;
700 2999 793 3039 dum,
810 3002 934 3039 tamen,
951 3001 1025 3039 eto„
1042 3002 1080 3031 αι
1094 3008 1196 3040 supra
1210 3009 1269 3041 per
1283 3002 1384 3031 totum
1400 2998 1504 3040 (same
1519 2997 1623 3038 date).
