1988 3256
149 492 226 520 AJ).

149 527 224 554 1³79.

152 561 214 588 Vol.
230 561 255 588 1.

151 1760 199 1788 sol.
214 1760 255 1789 77.

490 382 779 417 REGISTRUM
803 382 1265 417 COMMUNE—-ANNO
1295 375 1315 416 l
1325 371 1386 416 0⁰.
1604 370 1696 413 411

293 491 433 535 barium,
455 497 622 536 tanquam
643 493 901 537 Beatissimum,
925 505 1057 537 verum,
1079 495 1225 536 justum,
1249 499 1284 528 et
1306 494 1518 528 Canonicum
1538 497 1697 526 nostrum

293 540 329 569 et
357 548 475 569 eorum
505 537 638 580 Papam
667 539 897 579 nominantes,
929 544 1145 580 venerantes,
1177 543 1212 572 et
1241 538 1357 572 debite
1386 538 1622 575 admittenteS,
1655 546 1694 568 ac

294 580 427 613 dictum
452 581 645 615 Robertum
671 582 896 624 Antipapam‚
924 587 960 615 et
984 583 1079 616 facta
1105 593 1168 615 sua
1193 593 1233 615 ac
1261 592 1402 614 suorum
1429 579 1636 622 complicum
1662 583 1697 611 et

295 623 483 666 fautorum,
507 626 737 658 communiter
758 627 981 659 detestantes.
1031 627 1078 659 Et
1100 630 1181 669 post
1201 626 1275 666 hec,
1301 637 1344 658 ex
1366 625 1451 657 facti
1474 625 1695 659 notorietate‚

297 667 391 699 fama
412 667 561 710 publica,
587 673 622 702 et
644 669 781 711 vulgari
803 670 972 703 relacione
993 670 1038 703 ad
1059 674 1218 702 nostrum
1241 669 1401 712 pervenit
1423 668 1582 701 auditum
1606 667 1701 710 quod

294 711 436 753 quidam
450 712 626 746 Martinus
639 713 860 753 Halscombe,
879 715 1038 747 Fratrem
1053 713 1192 747 Ordinis
1206 714 1370 747 Fratrum
1386 713 1648 745 Predicatorum
1664 714 1700 743 et

297 755 533 789 Professorem
549 755 690 790 Ordinis
708 758 893 790 eorundem
910 768 946 790 se
962 757 1181 800 pretendens,
1200 758 1260 800 qui
1278 757 1385 789 eciam
1404 767 1426 788 a
1442 756 1502 788 diu
1519 756 1662 797 negocia
1680 766 1701 786 a

298 799 384 832 Sede
414 799 618 843 Apostolica
647 799 724 842 sibi,
759 805 800 834 ut
830 802 964 843 asserit,
999 802 1192 842 commissa,
1226 800 1510 843 predicacionem,
1545 799 1698 842 publica-

298 843 441 884 cionem,
469 848 504 876 et
527 845 780 886 exposicionem
804 843 1006 886 hujusmodi
1031 846 1286 885 concernencia,
1313 844 1460 886 perfecit
1484 848 1520 877 et
1543 843 1702 877 totaliter

295 885 510 929 adimplevit,
527 891 688 930 questum
702 889 942 930 pecuniarium
954 899 976 921 a
989 888 1138 921 subditis
1151 889 1279 921 nost-ris
1293 885 1518 929 simplicibus,
1535 888 1571 919 in
1584 890 1705 919 nostra

295 930 444 971 Diocesi,
466 932 538 964 suis
557 931 714 965 confictis
731 931 879 965 fallaciis
898 936 933 964 et
952 931 1072 965 subtili
1090 932 1241 974 quodam
1259 933 1397 974 ingenio
1416 936 1634 974 extorquens,
1658 942 1697 963 ac

298 974 559 1007 Sacramentum
579 974 779 1008 Penitencie
797 975 918 1008 venale
937 976 1067 1018 passim
1086 974 1250 1009 exhibens
1270 980 1305 1009 et
1324 986 1510 1018 exponens,
1534 975 1703 1017 populum

297 1017 396 1052 nobis
413 1020 634 1052 commissum
651 1030 691 1052 ac
707 1019 907 1061 hujusmodi
925 1019 1083 1053 subditos
1101 1023 1250 1059 nostros,
1270 1020 1425 1061 ipsorum
1443 1019 1702 1052 confessionem

298 1062 478 1102 audiendo,
499 1063 535 1095 in
552 1073 658 1105 grave
677 1064 869 1095 animarum
888 1073 1028 1096 suarum
1047 1063 1238 1106 periculum
1258 1062 1388 1105 decipit
1405 1067 1440 1096 et
1459 1062 1644 1103 subvertit,
1665 1067 1700 1096 et

300 1105 432 1138 nullam
454 1106 490 1138 in
512 1116 552 1138 ea
574 1110 676 1148 parte
697 1118 719 1139 a
741 1107 827 1140 Sede
848 1106 1054 1149 Apostolica
1076 1117 1137 1139 seu
1158 1105 1268 1146 nobis,
1295 1111 1357 1140 aut
1381 1118 1403 1139 a
1422 1108 1512 1148 jure,
1539 1107 1699 1148 optinens

299 1153 519 1191 potestatem,
549 1160 607 1182 eos
635 1149 679 1183 ab
705 1149 865 1184 omnibus
891 1151 1044 1192 peccatis
1071 1151 1153 1192 suis,
1183 1151 1292 1183 eciam
1319 1151 1356 1183 in
1385 1149 1522 1183 casibus
1550 1151 1700 1183 Domino

297 1197 416 1226 nostro
432 1193 527 1235 Pape
543 1197 579 1226 et
594 1194 724 1236 Majori
739 1194 994 1227 Penitenciario
1011 1205 1084 1234 suo,
1103 1205 1144 1226 ac
1159 1193 1270 1234 nobis,
1290 1194 1486 1236 specialiter
1501 1195 1698 1235 reservatis,

298 1240 436 1278 recepta
461 1236 504 1269 ab
528 1237 655 1269 eisdem
681 1239 828 1279 pecunia
852 1238 984 1278 illicite,
1013 1239 1251 1271 indifferenter
1274 1238 1434 1271 absolvit.
1483 1239 1542 1278 Et,
1571 1243 1611 1271 ut
1636 1238 1699 1271 hec

298 1284 333 1313 et
351 1280 478 1314 similia
494 1280 636 1314 liberius
654 1285 860 1323 excerceret,
881 1282 973 1315 inter
992 1282 1169 1315 Seculares
1189 1286 1224 1315 et
1242 1281 1435 1324 Religiosos
1455 1281 1598 1315 alterius
1617 1282 1701 1315 Pro-

298 1324 458 1358 fessionis
473 1328 508 1357 et
525 1324 678 1366 habitus,
697 1326 733 1357 in
749 1329 870 1358 nostra
886 1324 1039 1358 Civitate
1055 1329 1090 1358 et
1108 1325 1245 1358 Diocesi
1264 1325 1329 1359 sibi
1347 1326 1452 1368 elegit
1468 1330 1504 1359 et
1520 1326 1608 1359 facit
1623 1336 1698 1368 per-

297 1371 438 1410 petuam
456 1369 680 1410 mansionem,
702 1369 738 1401 in
757 1369 869 1401 nostri
887 1373 923 1402 et
941 1368 1159 1401 subditorum
1179 1373 1377 1402 nostrorum
1397 1370 1590 1401 animarum
1611 1370 1699 1411 peri-

298 1411 413 1443 culum
429 1412 603 1444 notorium
619 1416 654 1444 et
669 1423 857 1454 gravamen
874 1423 913 1444 ac
930 1411 1130 1444 scandalum
1142 1411 1382 1453 plurimorum,
1397 1416 1501 1454 prout
1512 1411 1574 1444 hec
1587 1413 1703 1445 omnia

299 1458 334 1487 et
360 1455 497 1497 singula
522 1456 557 1488 in
581 1460 702 1488 nostra
726 1456 864 1488 Diocesi
888 1455 1076 1488 manifesta
1100 1457 1265 1495 existunt,
1295 1457 1441 1496 notoria,
1471 1460 1577 1499 atque
1601 1468 1694 1490 vera.

295 1498 398 1531 Unde
418 1510 491 1539 nos,
513 1500 623 1532 tantis
643 1498 816 1532 erroribus
838 1499 1011 1542 dictisque
1030 1499 1193 1541 periculis
1213 1500 1367 1533 volentes
1389 1511 1431 1533 ex
1451 1500 1564 1533 Officii
1587 1502 1698 1534 nostri

298 1541 414 1575 debito
434 1541 586 1583 obviare,
608 1541 708 1575 vobis
728 1543 989 1584 committimus,
1012 1547 1093 1583 etc.‚
1116 1543 1280 1585 quatinus
1301 1544 1336 1576 in
1357 1544 1503 1586 singulis
1523 1545 1698 1578 Convoca-

300 1584 467 1626 cionibus,
488 1585 672 1628 Capitulis,
692 1590 728 1619 et
746 1586 963 1620 Sessionibus
979 1588 1116 1627 vestris,
1138 1591 1174 1620 et
1192 1587 1300 1619 eciam
1317 1587 1353 1619 in
1372 1586 1528 1629 qualibet
1547 1588 1703 1620 Ecclesia

298 1633 414 1663 vestre
434 1630 699 1663 Jurisdiccionis
719 1629 1028 1672 Archidiaconalis,
1050 1629 1299 1664 Absoluciones
1321 1631 1522 1673 huiusmodi
1543 1631 1586 1664 de
1608 1632 1702 1664 facto

299 1674 334 1705 in
353 1671 488 1706 casibus
506 1673 599 1706 dicto
616 1674 765 1706 Domino
782 1677 901 1706 nostro
917 1673 1023 1716 Pa-pe,
1043 1677 1079 1706 et
1095 1673 1225 1716 Majori
1242 1685 1282 1707 ac
1300 1674 1431 1707 Minori
1448 1675 1701 1707 Penitenciario

297 1728 369 1759 suo,
391 1720 427 1749 et
443 1716 554 1758 nobis,
574 1715 771 1759 specialiter
788 1718 984 1758 reservatis,
1006 1721 1086 1759 post
1105 1718 1388 1760 predicacionem,
1410 1717 1695 1760 publicacionem,

297 1761 561 1803 exposicionem,
578 1765 615 1794 et
629 1761 885 1803 expedicionem
899 1762 1121 1803 negociorum
1136 1761 1291 1803 ejusdem
1308 1762 1449 1795 Domini
1464 1763 1574 1795 nostri
1592 1762 1698 1804 Pape,

296 1804 356 1846 sic,
374 1808 416 1837 ut
431 1805 658 1847 premittitur,
678 1815 740 1847 per
757 1804 925 1837 Dominos
941 1804 1251 1847 Archiepiscopum
1269 1805 1539 1848 Episcoposque,
1560 1811 1596 1839 et
1613 1806 1698 1839 alios

298 1848 411 1890 Regni
427 1848 553 1891 Anglie
571 1849 740 1889 Prelatos,
761 1859 801 1881 ac
817 1859 880 1881 nos
897 1852 933 1882 et
949 1853 1099 1890 nostros,
1119 1859 1159 1881 ac
1177 1849 1323 1881 eundem
1342 1848 1546 1889 Martinum‚
1567 1855 1607 1884 ut
1625 1861 1700 1892 pre-

298 1893 420 1933 fertur,
444 1893 566 1933 factas,
590 1891 635 1925 ab
655 1892 774 1925 eodem
796 1892 951 1925 Martino
971 1893 1100 1925 nostris
1121 1891 1322 1934 hujusmodi
1344 1891 1493 1925 subditis
1514 1893 1698 1935 impensas,

295 1935 408 1969 nullas
426 1947 467 1968 ac
483 1936 601 1970 irritas
620 1940 655 1969 et
673 1935 791 1968 inanes
810 1935 854 1968 de
870 1936 948 1977 jure
966 1935 1073 1968 fuisse
1092 1939 1127 1968 et
1145 1947 1229 1976 esse,
1251 1947 1291 1968 ac
1312 1936 1423 1969 dictos
1443 1935 1600 1969 subditos
1620 1948 1695 1969 nos-

297 1983 371 2012 tros
389 1980 426 2012 in
445 1979 582 2013 casibus
601 1979 810 2022 supradictis
827 1979 1025 2013 nullatenus
1045 1976 1233 2019 absolutos,
1256 1983 1310 2012 set
1327 1981 1461 2013 notorie
1481 1984 1517 2013 et
1536 1980 1700 2022 dampna-

301 2021 419 2056 biliter
439 2024 713 2062 circumventos;
744 2026 780 2056 et
801 2023 893 2065 quod
914 2026 1071 2066 potestas
1093 2023 1177 2055 dicti
1199 2023 1356 2064 Martini,
1382 2023 1411 2055 si
1434 2033 1538 2065 quam
1560 2023 1695 2064 habuit,

296 2067 341 2099 ad
362 2066 620 2109 predicandum,
644 2070 684 2099 ut
706 2067 932 2109 premittitur,
957 2070 992 2099 et
1013 2066 1171 2099 subditos
1192 2070 1329 2099 nostros
1352 2065 1610 2108 absolvendum,
1635 2078 1699 2110 per

297 2112 582 2154 predicacionem,
609 2109 893 2153 publicacionem,
920 2115 956 2144 et
979 2110 1232 2153 exposicionem
1255 2109 1456 2152 hujusmodi
1480 2112 1701 2153 negociorum

298 2155 438 2187 Domini
459 2155 567 2187 nostri
589 2155 684 2197 Pape
707 2165 768 2197 per
788 2155 1020 2193 Reverendos,
1044 2158 1126 2193 etc.‚
1150 2154 1470 2199 Archiepiscopum,
1494 2155 1695 2197 Episcopos,

296 2209 336 2230 ac
358 2209 421 2230 nos
443 2201 479 2230 et
499 2201 648 2237 nostros,
672 2198 714 2230 de
735 2197 861 2240 quibus
884 2198 1105 2238 an‘edicitur,
1131 2202 1210 2231 ante
1233 2199 1422 2232 adventum
1446 2201 1530 2233 dicti
1554 2200 1700 2232 Martini

297 2242 333 2273 in
345 2241 508 2284 Angliam
521 2246 556 2274 et·
567 2246 698 2284 postea,
714 2253 776 2284 per
787 2243 900 2284 ipsum
913 2241 1105 2274 Martinum
1117 2240 1312 2283 prehabita,
1325 2243 1483 2275 totaliter
1494 2243 1667 2285 expiravit
1680 2255 1688 2282 ;

301 2285 462 2328 quodque
479 2286 552 2327 jam
570 2290 682 2319 cessat
699 2297 804 2319 causa
819 2290 964 2328 propter
981 2296 1085 2328 quam
1104 2286 1195 2319 idem
1213 2285 1399 2327 Martinus,
1420 2291 1462 2320 ut
1480 2288 1615 2328 asserit,
1637 2297 1700 2329 per

300 2329 447 2362 eundem
468 2330 656 2362 Dominum
677 2333 835 2364 nostrum
856 2329 991 2371 Papa-m
1013 2329 1057 2361 ad
1078 2329 1241 2371 Angliam
1264 2331 1390 2363 missus
1412 2334 1509 2368 erat;
1539 2330 1699 2364 omnibus

299 2372 449 2407 subditis
474 2374 603 2407 nostris
627 2373 719 2406 infra
745 2372 916 2406 ambitum
942 2373 1255 2406 Archidiaconatus
1282 2373 1430 2416 predicti
1457 2374 1697 2414 existentibus,

299 2417 484 2460 Religiosis
510 2422 546 2451 et
573 2415 803 2459 Secularibus,
833 2416 1046 2451 beneficiatis
1073 2421 1109 2451 et
1135 2429 1205 2451 non
1233 2417 1456 2458 beneficiatis,
1487 2419 1637 2452 literatis
1665 2424 1700 2452 et

301 2461 476 2494 illiteratis
495 2459 633 2504 publice
653 2465 688 2494 et
709 2460 932 2503 solempniter
950 2461 1121 2494 nuncietis
1142 2461 1250 2494 eciam
1270 2461 1306 2494 in
1327 2461 1475 2504 vulgari,
1499 2473 1539 2495 ac
1560 2463 1700 2495 faciatis

302 2515 366 2547 per
381 2505 466 2538 alios
484 2506 641 2538 nunciari
658 2504 779 2538 taliter
795 2508 830 2538 et
848 2505 984 2546 exponi.
1032 2503 1245 2544 Inhibentes,
1267 2505 1418 2547 insuper,
1440 2505 1504 2538 sub
1523 2516 1611 2548 pena
1631 2507 1699 2540 Ex-

300 2550 624 2582 communicacionis
645 2549 805 2590 Majofis,
831 2547 990 2581 omnibus
1013 2552 1048 2582 et
1072 2548 1217 2590 singulis
1239 2549 1367 2582 nostris
1391 2549 1540 2583 subditis
1563 2554 1599 2584 et
1622 2550 1699 2584 sub-

298 2593 400 2634 jectis
421 2597 618 2626 nostrarum
640 2593 803 2626 Civitatis
825 2596 861 2625 et
882 2593 1049 2632 Diocesis,
1074 2604 1116 2624 ne
1139 2593 1179 2625 de
1202 2596 1316 2625 cetero
1337 2593 1430 2626 dicto
1452 2592 1618 2634 Martino,
1642 2605 1696 2626 ex-

302 2639 404 2678 cepto
424 2637 546 2669 mortis
568 2635 727 2676 articulo,
751 2636 789 2668 in
810 2635 885 2669 foro
908 2634 1128 2677 penitenciali
1151 2635 1391 2675 confiteantur,
1418 2646 1528 2678 neque
1550 2635 1696 2670 Absolu-

302 2681 435 2712 cionem
454 2680 625 2722 recipiant
645 2679 690 2712 ab
709 2679 837 2712 eodem.
886 2679 1080 2720 Monentes,
1105 2679 1224 2718 eciam,
1248 2678 1404 2711 Priorem
1425 2682 1460 2711 et
1481 2679 1699 2712 Conventum

301 2724 419 2757 Sancti
435 2723 606 2763 Nicholai,
627 2723 789 2756 Civitatis
806 2726 922 2755 nostre
940 2723 1082 2762 Exonie,
1101 2726 1182 2762 etc.‚
1202 2721 1266 2754 sub
1282 2732 1371 2763 pena
1387 2722 1554 2763 predicta,
1574 2723 1697 2764 primo,

301 2767 462 2807 secundo,
486 2770 522 2799 et
541 2766 659 2808 tercio,
683 2777 726 2800 ne
747 2766 894 2799 eundem
915 2766 1076 2799 Fratrem
1096 2765 1290 2805 Martinum
1311 2766 1347 2798 in
1371 2766 1526 2798 Ecclesia
1547 2767 1702 2809 ipsorum

303 2810 543 2850 conventuali,
570 2813 631 2843 aut
656 2809 733 2842 aliis
758 2808 928 2842 Domibus
953 2810 1036 2849 suis,
1064 2808 1108 2841 ad
1132 2809 1379 2842 excercendum
1404 2808 1491 2842 inibi
1516 2808 1698 2842 abusiones

301 2854 501 2896 hujusmodi
521 2858 556 2887 et
577 2864 735 2886 excessus
756 2853 797 2885 de
818 2857 931 2885 cetero
954 2852 1179 2894 quovismodo
1202 2851 1322 2885 illicite
1343 2853 1485 2886 foveant
1506 2853 1563 2886 vel
1585 2853 1698 2886 defenss

305 2898 411 2938 dant;
436 2898 619 2940 presertim
637 2907 715 2930 cum
731 2897 802 2939 juri
820 2900 883 2929 aut
899 2897 1027 2929 racioni
1046 2907 1116 2928 non
1132 2899 1302 2938 congruat
1320 2900 1360 2928 ut
1378 2895 1533 2929 homines
1551 2896 1700 2939 disparis

304 2942 534 2975 Professionis
548 2945 584 2974 et
596 2939 738 2974 habitus
753 2940 855 2973 simul
871 2940 906 2972 in
923 2940 1041 2973 eodem
1055 2939 1268 2972 Monasterio
1285 2939 1479 2979 socientur3
1502 2950 1574 2980 nec,
1593 2940 1702 2974 eciam
