<?xml version="1.0" encoding="UTF-8"?>
<!DOCTYPE html PUBLIC "-//W3C//DTD XHTML 1.0 Transitional//EN"
    "http://www.w3.org/TR/xhtml1/DTD/xhtml1-transitional.dtd">
<html xmlns="http://www.w3.org/1999/xhtml" xml:lang="en" lang="en">
 <head>
  <title>
</title>
<meta http-equiv="Content-Type" content="text/html;charset=utf-8" />
  <meta name='ocr-system' content='tesseract 3.04.00' />
  <meta name='ocr-capabilities' content='ocr_page ocr_carea ocr_par ocr_line ocrx_word'/>
</head>
<body>
  <div class='ocr_page' id='page_1' title='image "./registerofthomas01hinguoft/registerofthomas01hinguoft_0303.png"; bbox 0 0 1988 3256; ppageno 0'>
   <div class='ocr_carea' id='block_1_1' title="bbox 0 2719 8 3007">
    <p class='ocr_par' dir='ltr' id='par_1_1' title="bbox 0 2719 8 3007">
     <span class='ocr_line' id='line_1_1' title="bbox 0 2719 8 3007; textangle 90"><span class='ocrx_word' id='word_1_1' title='bbox 0 2916 8 3007; x_wconf 40' lang='lat' dir='ltr'><strong>ww?-</strong></span> <span class='ocrx_word' id='word_1_2' title='bbox 0 2868 3 2898; x_wconf 59' lang='lat'><strong>—-</strong></span> <span class='ocrx_word' id='word_1_3' title='bbox 0 2823 6 2855; x_wconf 34' lang='grc' dir='ltr'><strong>ηπ</strong></span> <span class='ocrx_word' id='word_1_4' title='bbox 0 2794 4 2805; x_wconf 35' lang='grc' dir='ltr'><strong>Α,</strong></span> <span class='ocrx_word' id='word_1_5' title='bbox 0 2764 4 2779; x_wconf 53' lang='lat' dir='ltr'>w</span> <span class='ocrx_word' id='word_1_6' title='bbox 2 2719 3 2722; x_wconf 62' lang='lat'><em>„</em></span> 
     </span>
    </p>
   </div>
   <div class='ocr_carea' id='block_1_2' title="bbox 157 474 264 570">
    <p class='ocr_par' dir='ltr' id='par_1_2' title="bbox 157 474 264 570">
     <span class='ocr_line' id='line_1_2' title="bbox 157 474 236 502; baseline 0 0"><span class='ocrx_word' id='word_1_7' title='bbox 157 474 236 502; x_wconf 76' lang='lat' dir='ltr'><strong>AJ).</strong></span> 
     </span>
     <span class='ocr_line' id='line_1_3' title="bbox 158 508 235 536; baseline 0.013 -1"><span class='ocrx_word' id='word_1_8' title='bbox 158 508 235 536; x_wconf 75' lang='lat'>1372.</span> 
     </span>
     <span class='ocr_line' id='line_1_4' title="bbox 160 541 264 570; baseline 0.019 -3"><span class='ocrx_word' id='word_1_9' title='bbox 160 541 225 570; x_wconf 85' lang='lat' dir='ltr'><strong>Vol.</strong></span> <span class='ocrx_word' id='word_1_10' title='bbox 241 542 264 569; x_wconf 89' lang='lat'><strong>1.</strong></span> 
     </span>
    </p>
   </div>
   <div class='ocr_carea' id='block_1_3' title="bbox 163 1961 228 2026">
    <p class='ocr_par' dir='ltr' id='par_1_3' title="bbox 163 1961 228 2026">
     <span class='ocr_line' id='line_1_5' title="bbox 163 1961 228 1993; baseline 0.015 -6"><span class='ocrx_word' id='word_1_11' title='bbox 163 1961 228 1993; x_wconf 70' lang='lat' dir='ltr'><strong>[fol.</strong></span> 
     </span>
     <span class='ocr_line' id='line_1_6' title="bbox 163 1996 219 2026; baseline -0.018 -3"><span class='ocrx_word' id='word_1_12' title='bbox 163 1996 219 2026; x_wconf 85' lang='lat' dir='ltr'><strong>31.l</strong></span> 
     </span>
    </p>
   </div>
   <div class='ocr_carea' id='block_1_4' title="bbox 515 361 1702 407">
    <p class='ocr_par' dir='ltr' id='par_1_4' title="bbox 515 361 1702 407">
     <span class='ocr_line' id='line_1_7' title="bbox 515 361 1702 407; baseline 0.003 -4"><span class='ocrx_word' id='word_1_13' title='bbox 515 370 806 406; x_wconf 79' lang='lat' dir='ltr'>REGISTRUM</span> <span class='ocrx_word' id='word_1_14' title='bbox 842 370 1297 406; x_wconf 68' lang='lat' dir='ltr'><strong>connum—Anno</strong></span> <span class='ocrx_word' id='word_1_15' title='bbox 1335 361 1400 406; x_wconf 89' lang='lat'><strong>3⁰.</strong></span> <span class='ocrx_word' id='word_1_16' title='bbox 1608 362 1702 407; x_wconf 88' lang='lat'><strong>285</strong></span> 
     </span>
    </p>
   </div>
   <div class='ocr_carea' id='block_1_5' title="bbox 311 476 1739 3007">
    <p class='ocr_par' dir='ltr' id='par_1_5' title="bbox 311 476 1739 3007">
     <span class='ocr_line' id='line_1_8' title="bbox 321 476 1706 519; baseline 0.001 -10"><span class='ocrx_word' id='word_1_17' title='bbox 321 476 412 509; x_wconf 82' lang='lat' dir='ltr'><strong>cavit</strong></span> <span class='ocrx_word' id='word_1_18' title='bbox 428 477 599 519; x_wconf 80' lang='lat' dir='ltr'><strong>Capellam</strong></span> <span class='ocrx_word' id='word_1_19' title='bbox 614 478 657 509; x_wconf 90' lang='lat' dir='ltr'><strong>de</strong></span> <span class='ocrx_word' id='word_1_20' title='bbox 673 478 907 518; x_wconf 84' lang='lat' dir='ltr'><strong>Dertemuthe,</strong></span> <span class='ocrx_word' id='word_1_21' title='bbox 917 478 952 510; x_wconf 89' lang='lat' dir='ltr'><strong>in</strong></span> <span class='ocrx_word' id='word_1_22' title='bbox 968 478 1094 510; x_wconf 90' lang='lat' dir='ltr'><strong>honore</strong></span> <span class='ocrx_word' id='word_1_23' title='bbox 1108 477 1232 509; x_wconf 86' lang='lat' dir='ltr'><strong>Sancte</strong></span> <span class='ocrx_word' id='word_1_24' title='bbox 1246 477 1422 508; x_wconf 71' lang='lat' dir='ltr'><strong>Trinitatis</strong></span> <span class='ocrx_word' id='word_1_25' title='bbox 1438 479 1494 516; x_wconf 89' lang='lat' dir='ltr'><strong>;et</strong></span> <span class='ocrx_word' id='word_1_26' title='bbox 1509 477 1544 509; x_wconf 90' lang='lat' dir='ltr'><strong>in</strong></span> <span class='ocrx_word' id='word_1_27' title='bbox 1561 478 1706 510; x_wconf 85' lang='lat' dir='ltr'><strong>crastino</strong></span> 
     </span>
     <span class='ocr_line' id='line_1_9' title="bbox 322 521 1706 562; baseline 0.001 -10"><span class='ocrx_word' id='word_1_28' title='bbox 322 523 405 553; x_wconf 86' lang='lat' dir='ltr'><strong>tunc</strong></span> <span class='ocrx_word' id='word_1_29' title='bbox 431 526 604 562; x_wconf 88' lang='lat' dir='ltr'><strong>sequente,</strong></span> <span class='ocrx_word' id='word_1_30' title='bbox 628 522 785 554; x_wconf 88' lang='lat' dir='ltr'><strong>videlicet</strong></span> <span class='ocrx_word' id='word_1_31' title='bbox 807 523 862 553; x_wconf 89' lang='lat' dir='ltr'><strong>die</strong></span> <span class='ocrx_word' id='word_1_32' title='bbox 887 522 991 561; x_wconf 86' lang='lat' dir='ltr'><strong>Jovis,</strong></span> <span class='ocrx_word' id='word_1_33' title='bbox 1019 521 1187 553; x_wconf 86' lang='lat' dir='ltr'><strong>dedicavit</strong></span> <span class='ocrx_word' id='word_1_34' title='bbox 1213 521 1425 553; x_wconf 85' lang='lat' dir='ltr'><strong>Cimiterium</strong></span> <span class='ocrx_word' id='word_1_35' title='bbox 1453 521 1589 560; x_wconf 82' lang='lat' dir='ltr'><strong>ibidem,</strong></span> <span class='ocrx_word' id='word_1_36' title='bbox 1616 522 1706 554; x_wconf 81' lang='lat' dir='ltr'><strong>facta</strong></span> 
     </span>
     <span class='ocr_line' id='line_1_10' title="bbox 316 564 1705 607; baseline 0.001 -12"><span class='ocrx_word' id='word_1_37' title='bbox 316 564 410 606; x_wconf 87' lang='lat' dir='ltr'><strong>prius</strong></span> <span class='ocrx_word' id='word_1_38' title='bbox 432 565 674 606; x_wconf 83' lang='lat' dir='ltr'><strong>composicione</strong></span> <span class='ocrx_word' id='word_1_39' title='bbox 696 566 787 597; x_wconf 87' lang='lat' dir='ltr'><strong>inter</strong></span> <span class='ocrx_word' id='word_1_40' title='bbox 810 566 927 597; x_wconf 85' lang='lat' dir='ltr'><strong>Partes</strong></span> <span class='ocrx_word' id='word_1_41' title='bbox 950 575 1095 607; x_wconf 87' lang='lat' dir='ltr'><strong>quarum</strong></span> <span class='ocrx_word' id='word_1_42' title='bbox 1119 564 1284 603; x_wconf 83' lang='lat' dir='ltr'><strong>interest3</strong></span> <span class='ocrx_word' id='word_1_43' title='bbox 1313 575 1379 606; x_wconf 93' lang='lat' dir='ltr'><strong>que</strong></span> <span class='ocrx_word' id='word_1_44' title='bbox 1404 565 1559 606; x_wconf 88' lang='lat' dir='ltr'><strong>sequitur</strong></span> <span class='ocrx_word' id='word_1_45' title='bbox 1585 566 1618 596; x_wconf 89' lang='lat' dir='ltr'><strong>in</strong></span> <span class='ocrx_word' id='word_1_46' title='bbox 1645 565 1705 597; x_wconf 89' lang='lat' dir='ltr'><strong>hec</strong></span> 
     </span>
     <span class='ocr_line' id='line_1_11' title="bbox 314 608 1703 650; baseline 0.001 -10"><span class='ocrx_word' id='word_1_47' title='bbox 314 608 643 646; x_wconf 83' lang='lat' dir='ltr'><strong>verba‚—Universis</strong></span> <span class='ocrx_word' id='word_1_48' title='bbox 667 613 783 650; x_wconf 84' lang='lat' dir='ltr'><strong>pateat</strong></span> <span class='ocrx_word' id='word_1_49' title='bbox 799 620 858 650; x_wconf 90' lang='lat' dir='ltr'><strong>per</strong></span> <span class='ocrx_word' id='word_1_50' title='bbox 874 610 1049 641; x_wconf 79' lang='lat' dir='ltr'><strong>Presentes</strong></span> <span class='ocrx_word' id='word_1_51' title='bbox 1065 609 1167 650; x_wconf 85' lang='lat' dir='ltr'><strong>quod,</strong></span> <span class='ocrx_word' id='word_1_52' title='bbox 1184 619 1261 640; x_wconf 90' lang='lat' dir='ltr'><strong>cum</strong></span> <span class='ocrx_word' id='word_1_53' title='bbox 1278 609 1369 639; x_wconf 81' lang='lat' dir='ltr'><strong>inter</strong></span> <span class='ocrx_word' id='word_1_54' title='bbox 1383 619 1456 647; x_wconf 91' lang='lat' dir='ltr'><strong>nos,</strong></span> <span class='ocrx_word' id='word_1_55' title='bbox 1475 609 1628 640; x_wconf 83' lang='lat' dir='ltr'><strong>Fratrem</strong></span> <span class='ocrx_word' id='word_1_56' title='bbox 1646 610 1703 641; x_wconf 88' lang='lat' dir='ltr'><strong>Jo-</strong></span> 
     </span>
     <span class='ocr_line' id='line_1_12' title="bbox 313 652 1703 694; baseline 0.001 -11"><span class='ocrx_word' id='word_1_57' title='bbox 313 652 459 683; x_wconf 87' lang='lat' dir='ltr'><strong>hannem</strong></span> <span class='ocrx_word' id='word_1_58' title='bbox 483 653 525 684; x_wconf 88' lang='lat' dir='ltr'><strong>de</strong></span> <span class='ocrx_word' id='word_1_59' title='bbox 549 652 753 692; x_wconf 64' lang='lat' dir='ltr'><strong>Bmkedone,</strong></span> <span class='ocrx_word' id='word_1_60' title='bbox 776 653 944 684; x_wconf 88' lang='lat' dir='ltr'><strong>Abbatem</strong></span> <span class='ocrx_word' id='word_1_61' title='bbox 970 653 1164 684; x_wconf 84' lang='lat' dir='ltr'><strong>Monasterii</strong></span> <span class='ocrx_word' id='word_1_62' title='bbox 1187 653 1229 684; x_wconf 87' lang='lat' dir='ltr'><strong>de</strong></span> <span class='ocrx_word' id='word_1_63' title='bbox 1262 653 1366 684; x_wconf 85' lang='lat' dir='ltr'><strong>Torre</strong></span> <span class='ocrx_word' id='word_1_64' title='bbox 1388 656 1424 683; x_wconf 92' lang='lat' dir='ltr'><strong>et</strong></span> <span class='ocrx_word' id='word_1_65' title='bbox 1446 652 1599 694; x_wconf 83' lang='lat' dir='ltr'><strong>ejusdem</strong></span> <span class='ocrx_word' id='word_1_66' title='bbox 1625 653 1703 685; x_wconf 86' lang='lat' dir='ltr'><strong>Loci</strong></span> 
     </span>
     <span class='ocr_line' id='line_1_13' title="bbox 313 695 1704 736; baseline 0.001 -10"><span class='ocrx_word' id='word_1_67' title='bbox 313 695 538 736; x_wconf 80' lang='lat' dir='ltr'><strong>conventum,</strong></span> <span class='ocrx_word' id='word_1_68' title='bbox 551 697 687 728; x_wconf 83' lang='lat' dir='ltr'><strong>Ordinis</strong></span> <span class='ocrx_word' id='word_1_69' title='bbox 701 697 1031 736; x_wconf 85' lang='lat' dir='ltr'><strong>Premonstratensis,</strong></span> <span class='ocrx_word' id='word_1_70' title='bbox 1045 695 1224 728; x_wconf 76' lang='lat' dir='ltr'><strong>Ecclesiam</strong></span> <span class='ocrx_word' id='word_1_71' title='bbox 1240 696 1467 727; x_wconf 81' lang='lat' dir='ltr'><strong>Parochialem</strong></span> <span class='ocrx_word' id='word_1_72' title='bbox 1481 699 1516 727; x_wconf 90' lang='lat' dir='ltr'><strong>et</strong></span> <span class='ocrx_word' id='word_1_73' title='bbox 1529 696 1704 728; x_wconf 80' lang='lat' dir='ltr'><strong>Matricem</strong></span> 
     </span>
     <span class='ocr_line' id='line_1_14' title="bbox 312 739 1704 779; baseline 0.001 -9"><span class='ocrx_word' id='word_1_74' title='bbox 312 739 355 771; x_wconf 92' lang='lat' dir='ltr'><strong>de</strong></span> <span class='ocrx_word' id='word_1_75' title='bbox 376 739 583 779; x_wconf 86' lang='lat' dir='ltr'><strong>Tounstalle,</strong></span> <span class='ocrx_word' id='word_1_76' title='bbox 599 740 695 771; x_wconf 86' lang='lat' dir='ltr'><strong>nobis</strong></span> <span class='ocrx_word' id='word_1_77' title='bbox 718 744 754 772; x_wconf 86' lang='lat' dir='ltr'><strong>et</strong></span> <span class='ocrx_word' id='word_1_78' title='bbox 777 740 980 772; x_wconf 81' lang='lat' dir='ltr'><strong>Monasterio</strong></span> <span class='ocrx_word' id='word_1_79' title='bbox 995 743 1111 772; x_wconf 85' lang='lat' dir='ltr'><strong>nostro</strong></span> <span class='ocrx_word' id='word_1_80' title='bbox 1128 739 1295 771; x_wconf 84' lang='lat' dir='ltr'><strong>Canonice</strong></span> <span class='ocrx_word' id='word_1_81' title='bbox 1311 740 1455 778; x_wconf 79' lang='lat' dir='ltr'><strong>unitam,</strong></span> <span class='ocrx_word' id='word_1_82' title='bbox 1474 750 1651 776; x_wconf 75' lang='lat' dir='ltr'><strong>annexam,</strong></span> <span class='ocrx_word' id='word_1_83' title='bbox 1669 745 1704 772; x_wconf 87' lang='lat' dir='ltr'><strong>et</strong></span> 
     </span>
     <span class='ocr_line' id='line_1_15' title="bbox 313 783 1702 825; baseline 0.001 -11"><span class='ocrx_word' id='word_1_84' title='bbox 313 784 561 824; x_wconf 77' lang='lat' dir='ltr'><strong>appropriatam</strong></span> <span class='ocrx_word' id='word_1_85' title='bbox 585 784 619 815; x_wconf 87' lang='lat' dir='ltr'><strong>in</strong></span> <span class='ocrx_word' id='word_1_86' title='bbox 643 784 794 825; x_wconf 86' lang='lat' dir='ltr'><strong>proprios</strong></span> <span class='ocrx_word' id='word_1_87' title='bbox 816 795 908 823; x_wconf 85' lang='lat' dir='ltr'><strong>usus,</strong></span> <span class='ocrx_word' id='word_1_88' title='bbox 925 784 1018 815; x_wconf 87' lang='lat' dir='ltr'><strong>salva</strong></span> <span class='ocrx_word' id='word_1_89' title='bbox 1038 783 1194 825; x_wconf 81' lang='lat' dir='ltr'><strong>porcione</strong></span> <span class='ocrx_word' id='word_1_90' title='bbox 1209 783 1343 823; x_wconf 84' lang='lat' dir='ltr'><strong>Vicarii,</strong></span> <span class='ocrx_word' id='word_1_91' title='bbox 1360 783 1565 822; x_wconf 86' lang='lat' dir='ltr'><strong>obtinentes,</strong></span> <span class='ocrx_word' id='word_1_92' title='bbox 1583 788 1619 815; x_wconf 87' lang='lat' dir='ltr'><strong>et</strong></span> <span class='ocrx_word' id='word_1_93' title='bbox 1636 784 1702 815; x_wconf 88' lang='lat' dir='ltr'><strong>Do-</strong></span> 
     </span>
     <span class='ocr_line' id='line_1_16' title="bbox 313 827 1703 869; baseline 0.001 -11"><span class='ocrx_word' id='word_1_94' title='bbox 313 828 444 858; x_wconf 88' lang='lat' dir='ltr'><strong>minum</strong></span> <span class='ocrx_word' id='word_1_95' title='bbox 473 827 637 858; x_wconf 85' lang='lat' dir='ltr'><strong>Thomam</strong></span> <span class='ocrx_word' id='word_1_96' title='bbox 665 828 825 869; x_wconf 85' lang='lat' dir='ltr'><strong>Burgeys,</strong></span> <span class='ocrx_word' id='word_1_97' title='bbox 853 828 1024 859; x_wconf 86' lang='lat' dir='ltr'><strong>Vicarium</strong></span> <span class='ocrx_word' id='word_1_98' title='bbox 1053 828 1260 868; x_wconf 83' lang='lat' dir='ltr'><strong>Perpetuum</strong></span> <span class='ocrx_word' id='word_1_99' title='bbox 1289 827 1320 868; x_wconf 85' lang='lat' dir='ltr'><strong>ej</strong></span> <span class='ocrx_word' id='word_1_100' title='bbox 1326 828 1443 858; x_wconf 84' lang='lat' dir='ltr'><strong>usdem</strong></span> <span class='ocrx_word' id='word_1_101' title='bbox 1473 827 1632 867; x_wconf 90' lang='lat' dir='ltr'><strong>Ecclesie,</strong></span> <span class='ocrx_word' id='word_1_102' title='bbox 1662 839 1703 860; x_wconf 87' lang='lat' dir='ltr'><strong>ex</strong></span> 
     </span>
     <span class='ocr_line' id='line_1_17' title="bbox 314 870 1703 912; baseline 0.001 -11"><span class='ocrx_word' id='word_1_103' title='bbox 314 874 410 911; x_wconf 81' lang='lat' dir='ltr'><strong>parte</strong></span> <span class='ocrx_word' id='word_1_104' title='bbox 421 881 499 910; x_wconf 85' lang='lat' dir='ltr'><strong>una,</strong></span> <span class='ocrx_word' id='word_1_105' title='bbox 510 874 546 902; x_wconf 90' lang='lat' dir='ltr'><strong>et</strong></span> <span class='ocrx_word' id='word_1_106' title='bbox 557 881 628 909; x_wconf 89' lang='lat' dir='ltr'><strong>nos,</strong></span> <span class='ocrx_word' id='word_1_107' title='bbox 642 871 831 903; x_wconf 86' lang='lat' dir='ltr'><strong>Johannem</strong></span> <span class='ocrx_word' id='word_1_108' title='bbox 846 872 974 911; x_wconf 87' lang='lat' dir='ltr'><strong>Clerke,</strong></span> <span class='ocrx_word' id='word_1_109' title='bbox 987 871 1194 902; x_wconf 80' lang='lat' dir='ltr'><strong>willelmum</strong></span> <span class='ocrx_word' id='word_1_110' title='bbox 1211 871 1331 912; x_wconf 74' lang='lat' dir='ltr'><strong>Har-ry,</strong></span> <span class='ocrx_word' id='word_1_111' title='bbox 1345 870 1552 902; x_wconf 87' lang='lat' dir='ltr'><strong>Willelmum</strong></span> <span class='ocrx_word' id='word_1_112' title='bbox 1571 871 1703 910; x_wconf 86' lang='lat' dir='ltr'><strong>Knolle,</strong></span> 
     </span>
     <span class='ocr_line' id='line_1_18' title="bbox 314 914 1703 958; baseline 0.001 -13"><span class='ocrx_word' id='word_1_113' title='bbox 314 914 521 946; x_wconf 88' lang='lat' dir='ltr'><strong>Willelmum</strong></span> <span class='ocrx_word' id='word_1_114' title='bbox 548 914 651 954; x_wconf 87' lang='lat' dir='ltr'><strong>Reda,</strong></span> <span class='ocrx_word' id='word_1_115' title='bbox 668 914 858 946; x_wconf 76' lang='lat' dir='ltr'><strong>,Iohannem</strong></span> <span class='ocrx_word' id='word_1_116' title='bbox 882 915 1012 953; x_wconf 83' lang='lat' dir='ltr'><strong>Mathu,</strong></span> <span class='ocrx_word' id='word_1_117' title='bbox 1030 915 1200 955; x_wconf 87' lang='lat' dir='ltr'><strong>Rogerum</strong></span> <span class='ocrx_word' id='word_1_118' title='bbox 1225 914 1312 952; x_wconf 88' lang='lat' dir='ltr'><strong>Pole,</strong></span> <span class='ocrx_word' id='word_1_119' title='bbox 1328 914 1520 946; x_wconf 84' lang='lat' dir='ltr'><strong>Gilbertum</strong></span> <span class='ocrx_word' id='word_1_120' title='bbox 1536 915 1579 946; x_wconf 92' lang='lat' dir='ltr'><strong>de</strong></span> <span class='ocrx_word' id='word_1_121' title='bbox 1592 915 1703 958; x_wconf 79' lang='lat' dir='ltr'><strong>Fawy,</strong></span> 
     </span>
     <span class='ocr_line' id='line_1_19' title="bbox 312 957 1703 998; baseline 0.001 -10"><span class='ocrx_word' id='word_1_122' title='bbox 312 957 333 989; x_wconf 86' lang='lat' dir='ltr'>J</span> <span class='ocrx_word' id='word_1_123' title='bbox 335 957 502 989; x_wconf 87' lang='lat' dir='ltr'><strong>ohannem</strong></span> <span class='ocrx_word' id='word_1_124' title='bbox 519 957 641 998; x_wconf 88' lang='lat' dir='ltr'><strong>Haule,</strong></span> <span class='ocrx_word' id='word_1_125' title='bbox 656 958 861 990; x_wconf 90' lang='lat' dir='ltr'><strong>Willelmum</strong></span> <span class='ocrx_word' id='word_1_126' title='bbox 875 959 982 998; x_wconf 79' lang='lat' dir='ltr'><strong>Oroft,</strong></span> <span class='ocrx_word' id='word_1_127' title='bbox 994 959 1015 991; x_wconf 84' lang='lat' dir='ltr'><em>J</em></span> <span class='ocrx_word' id='word_1_128' title='bbox 1018 958 1185 990; x_wconf 88' lang='lat' dir='ltr'><strong>ohannem</strong></span> <span class='ocrx_word' id='word_1_129' title='bbox 1202 958 1391 997; x_wconf 86' lang='lat' dir='ltr'><strong>Brasutere‚</strong></span> <span class='ocrx_word' id='word_1_130' title='bbox 1403 958 1593 990; x_wconf 88' lang='lat' dir='ltr'><strong>Walterum</strong></span> <span class='ocrx_word' id='word_1_131' title='bbox 1609 959 1703 990; x_wconf 89' lang='lat' dir='ltr'><strong>Wor·</strong></span> 
     </span>
     <span class='ocr_line' id='line_1_20' title="bbox 312 1001 1702 1044; baseline 0.001 -12"><span class='ocrx_word' id='word_1_132' title='bbox 312 1001 384 1042; x_wconf 82' lang='lat' dir='ltr'><strong>thy,</strong></span> <span class='ocrx_word' id='word_1_133' title='bbox 408 1003 445 1032; x_wconf 92' lang='lat' dir='ltr'><strong>et</strong></span> <span class='ocrx_word' id='word_1_134' title='bbox 465 1001 656 1033; x_wconf 78' lang='lat' dir='ltr'><strong>Johannem</strong></span> <span class='ocrx_word' id='word_1_135' title='bbox 685 1002 811 1042; x_wconf 89' lang='lat' dir='ltr'><strong>Cnolle‚</strong></span> <span class='ocrx_word' id='word_1_136' title='bbox 841 1002 1056 1044; x_wconf 88' lang='lat' dir='ltr'><strong>parochianos</strong></span> <span class='ocrx_word' id='word_1_137' title='bbox 1079 1002 1232 1044; x_wconf 84' lang='lat' dir='ltr'><strong>ejusdem</strong></span> <span class='ocrx_word' id='word_1_138' title='bbox 1260 1001 1403 1033; x_wconf 78' lang='lat' dir='ltr'><strong>Ecclesie</strong></span> <span class='ocrx_word' id='word_1_139' title='bbox 1429 1002 1470 1033; x_wconf 90' lang='lat' dir='ltr'><strong>de</strong></span> <span class='ocrx_word' id='word_1_140' title='bbox 1497 1002 1702 1043; x_wconf 71' lang='lat' dir='ltr'><strong>Tounstnne,</strong></span> 
     </span>
     <span class='ocr_line' id='line_1_21' title="bbox 311 1045 1702 1087; baseline 0.001 -11"><span class='ocrx_word' id='word_1_141' title='bbox 311 1045 402 1086; x_wconf 90' lang='lat' dir='ltr'><strong>apud</strong></span> <span class='ocrx_word' id='word_1_142' title='bbox 418 1045 543 1077; x_wconf 88' lang='lat' dir='ltr'><strong>Villam</strong></span> <span class='ocrx_word' id='word_1_143' title='bbox 557 1046 600 1076; x_wconf 93' lang='lat' dir='ltr'><strong>de</strong></span> <span class='ocrx_word' id='word_1_144' title='bbox 616 1045 876 1085; x_wconf 89' lang='lat' dir='ltr'><strong>Derthemuthe,</strong></span> <span class='ocrx_word' id='word_1_145' title='bbox 895 1046 983 1077; x_wconf 77' lang='lat' dir='ltr'><strong>infra</strong></span> <span class='ocrx_word' id='word_1_146' title='bbox 999 1046 1082 1077; x_wconf 84' lang='lat' dir='ltr'><strong>fines</strong></span> <span class='ocrx_word' id='word_1_147' title='bbox 1098 1049 1134 1077; x_wconf 88' lang='lat' dir='ltr'><strong>et</strong></span> <span class='ocrx_word' id='word_1_148' title='bbox 1148 1045 1272 1077; x_wconf 83' lang='lat' dir='ltr'><strong>limites</strong></span> <span class='ocrx_word' id='word_1_149' title='bbox 1290 1046 1449 1077; x_wconf 91' lang='lat' dir='ltr'><strong>Parochie</strong></span> <span class='ocrx_word' id='word_1_150' title='bbox 1465 1045 1618 1087; x_wconf 87' lang='lat' dir='ltr'><strong>ejusdem</strong></span> <span class='ocrx_word' id='word_1_151' title='bbox 1641 1047 1702 1078; x_wconf 89' lang='lat' dir='ltr'><strong>Ec—</strong></span> 
     </span>
     <span class='ocr_line' id='line_1_22' title="bbox 313 1088 1703 1131; baseline 0.001 -12"><span class='ocrx_word' id='word_1_152' title='bbox 313 1088 411 1120; x_wconf 88' lang='lat' dir='ltr'><strong>clesie</strong></span> <span class='ocrx_word' id='word_1_153' title='bbox 426 1088 628 1127; x_wconf 77' lang='lat' dir='ltr'><strong>habitantes,</strong></span> <span class='ocrx_word' id='word_1_154' title='bbox 645 1093 682 1121; x_wconf 87' lang='lat' dir='ltr'><strong>et</strong></span> <span class='ocrx_word' id='word_1_155' title='bbox 701 1093 828 1121; x_wconf 88' lang='lat' dir='ltr'><strong>ceteros</strong></span> <span class='ocrx_word' id='word_1_156' title='bbox 844 1100 960 1121; x_wconf 85' lang='lat' dir='ltr'><strong>omnes</strong></span> <span class='ocrx_word' id='word_1_157' title='bbox 982 1090 1201 1131; x_wconf 80' lang='lat' dir='ltr'><strong>parochianos</strong></span> <span class='ocrx_word' id='word_1_158' title='bbox 1222 1089 1376 1130; x_wconf 79' lang='lat' dir='ltr'><strong>ejusdem</strong></span> <span class='ocrx_word' id='word_1_159' title='bbox 1400 1089 1558 1129; x_wconf 89' lang='lat' dir='ltr'><strong>Ecclesie,</strong></span> <span class='ocrx_word' id='word_1_160' title='bbox 1574 1100 1703 1122; x_wconf 89' lang='lat' dir='ltr'><strong>moram</strong></span> 
     </span>
     <span class='ocr_line' id='line_1_23' title="bbox 313 1132 1703 1175; baseline 0.001 -12"><span class='ocrx_word' id='word_1_161' title='bbox 313 1132 396 1163; x_wconf 91' lang='lat' dir='ltr'><strong>inibi</strong></span> <span class='ocrx_word' id='word_1_162' title='bbox 419 1132 590 1172; x_wconf 76' lang='lat' dir='ltr'><strong>facientes,</strong></span> <span class='ocrx_word' id='word_1_163' title='bbox 613 1143 654 1164; x_wconf 86' lang='lat' dir='ltr'><strong>ex</strong></span> <span class='ocrx_word' id='word_1_164' title='bbox 677 1133 791 1172; x_wconf 83' lang='lat' dir='ltr'><strong>altera,</strong></span> <span class='ocrx_word' id='word_1_165' title='bbox 816 1144 917 1175; x_wconf 89' lang='lat' dir='ltr'><strong>super</strong></span> <span class='ocrx_word' id='word_1_166' title='bbox 940 1144 978 1165; x_wconf 90' lang='lat' dir='ltr'><strong>eo</strong></span> <span class='ocrx_word' id='word_1_167' title='bbox 1000 1133 1092 1175; x_wconf 87' lang='lat' dir='ltr'><strong>quod</strong></span> <span class='ocrx_word' id='word_1_168' title='bbox 1116 1133 1180 1174; x_wconf 88' lang='lat' dir='ltr'><strong>ipsi</strong></span> <span class='ocrx_word' id='word_1_169' title='bbox 1210 1133 1402 1174; x_wconf 82' lang='lat' dir='ltr'><strong>parochiani</strong></span> <span class='ocrx_word' id='word_1_170' title='bbox 1434 1134 1525 1174; x_wconf 87' lang='lat' dir='ltr'><strong>apud</strong></span> <span class='ocrx_word' id='word_1_171' title='bbox 1555 1134 1703 1165; x_wconf 85' lang='lat' dir='ltr'><strong>Cliftone</strong></span> 
     </span>
     <span class='ocr_line' id='line_1_24' title="bbox 314 1175 1702 1219; baseline 0.001 -12"><span class='ocrx_word' id='word_1_172' title='bbox 314 1175 563 1207; x_wconf 87' lang='lat' dir='ltr'><strong>Derthemuthe</strong></span> <span class='ocrx_word' id='word_1_173' title='bbox 578 1180 832 1216; x_wconf 78' lang='lat' dir='ltr'><strong>commorantes,</strong></span> <span class='ocrx_word' id='word_1_174' title='bbox 850 1178 1020 1219; x_wconf 83' lang='lat' dir='ltr'><strong>quandam</strong></span> <span class='ocrx_word' id='word_1_175' title='bbox 1039 1177 1208 1218; x_wconf 80' lang='lat' dir='ltr'><strong>Capellam</strong></span> <span class='ocrx_word' id='word_1_176' title='bbox 1220 1176 1254 1207; x_wconf 94' lang='lat' dir='ltr'><strong>in</strong></span> <span class='ocrx_word' id='word_1_177' title='bbox 1271 1177 1387 1208; x_wconf 86' lang='lat' dir='ltr'><strong>eadem</strong></span> <span class='ocrx_word' id='word_1_178' title='bbox 1401 1177 1488 1208; x_wconf 81' lang='lat' dir='ltr'><strong>Villa</strong></span> <span class='ocrx_word' id='word_1_179' title='bbox 1502 1177 1545 1208; x_wconf 93' lang='lat' dir='ltr'><strong>de</strong></span> <span class='ocrx_word' id='word_1_180' title='bbox 1562 1177 1702 1209; x_wconf 87' lang='lat' dir='ltr'><strong>Derthe-</strong></span> 
     </span>
     <span class='ocr_line' id='line_1_25' title="bbox 313 1219 1703 1262; baseline 0.001 -12"><span class='ocrx_word' id='word_1_181' title='bbox 313 1219 442 1258; x_wconf 77' lang='lat' dir='ltr'><strong>muthe,</strong></span> <span class='ocrx_word' id='word_1_182' title='bbox 457 1220 545 1251; x_wconf 80' lang='lat' dir='ltr'><strong>infra</strong></span> <span class='ocrx_word' id='word_1_183' title='bbox 562 1220 756 1252; x_wconf 83' lang='lat' dir='ltr'><strong>Parochiam</strong></span> <span class='ocrx_word' id='word_1_184' title='bbox 772 1220 926 1262; x_wconf 86' lang='lat' dir='ltr'><strong>ejusdem</strong></span> <span class='ocrx_word' id='word_1_185' title='bbox 946 1221 1090 1252; x_wconf 76' lang='lat' dir='ltr'><strong>Ecclesia</strong></span> <span class='ocrx_word' id='word_1_186' title='bbox 1105 1221 1147 1251; x_wconf 90' lang='lat' dir='ltr'><strong>de</strong></span> <span class='ocrx_word' id='word_1_187' title='bbox 1163 1220 1369 1259; x_wconf 81' lang='lat' dir='ltr'><strong>Tounstalle,</strong></span> <span class='ocrx_word' id='word_1_188' title='bbox 1388 1220 1538 1252; x_wconf 87' lang='lat' dir='ltr'><strong>Licencia</strong></span> <span class='ocrx_word' id='word_1_189' title='bbox 1553 1221 1703 1262; x_wconf 89' lang='lat' dir='ltr'><strong>ipsorum</strong></span> 
     </span>
     <span class='ocr_line' id='line_1_26' title="bbox 314 1263 1703 1306; baseline 0.001 -12"><span class='ocrx_word' id='word_1_190' title='bbox 314 1263 457 1295; x_wconf 84' lang='lat' dir='ltr'><strong>Abbatis</strong></span> <span class='ocrx_word' id='word_1_191' title='bbox 468 1267 504 1294; x_wconf 89' lang='lat' dir='ltr'><strong>et</strong></span> <span class='ocrx_word' id='word_1_192' title='bbox 517 1263 711 1295; x_wconf 74' lang='lat' dir='ltr'><strong>Conventus</strong></span> <span class='ocrx_word' id='word_1_193' title='bbox 723 1275 762 1295; x_wconf 86' lang='lat' dir='ltr'><strong>ac</strong></span> <span class='ocrx_word' id='word_1_194' title='bbox 771 1265 896 1296; x_wconf 81' lang='lat' dir='ltr'><strong>Vicarii</strong></span> <span class='ocrx_word' id='word_1_195' title='bbox 910 1265 1068 1306; x_wconf 84' lang='lat' dir='ltr'><strong>Perpetui</strong></span> <span class='ocrx_word' id='word_1_196' title='bbox 1081 1275 1147 1296; x_wconf 89' lang='lat' dir='ltr'><strong>non</strong></span> <span class='ocrx_word' id='word_1_197' title='bbox 1161 1267 1311 1305; x_wconf 86' lang='lat' dir='ltr'><strong>optenta,</strong></span> <span class='ocrx_word' id='word_1_198' title='bbox 1324 1267 1518 1296; x_wconf 84' lang='lat' dir='ltr'><strong>construere</strong></span> <span class='ocrx_word' id='word_1_199' title='bbox 1530 1275 1703 1306; x_wconf 90' lang='lat' dir='ltr'><strong>presump-</strong></span> 
     </span>
     <span class='ocr_line' id='line_1_27' title="bbox 314 1307 1705 1349; baseline 0.001 -11"><span class='ocrx_word' id='word_1_200' title='bbox 314 1309 444 1346; x_wconf 86' lang='lat' dir='ltr'><strong>serunt,</strong></span> <span class='ocrx_word' id='word_1_201' title='bbox 454 1307 586 1338; x_wconf 89' lang='lat' dir='ltr'><strong>dudum</strong></span> <span class='ocrx_word' id='word_1_202' title='bbox 597 1307 742 1339; x_wconf 85' lang='lat' dir='ltr'><strong>fuissent</strong></span> <span class='ocrx_word' id='word_1_203' title='bbox 751 1308 890 1340; x_wconf 85' lang='lat' dir='ltr'><strong>suborte</strong></span> <span class='ocrx_word' id='word_1_204' title='bbox 900 1309 1065 1340; x_wconf 81' lang='lat' dir='ltr'><strong>discordia</strong></span> <span class='ocrx_word' id='word_1_205' title='bbox 1075 1313 1110 1339; x_wconf 91' lang='lat' dir='ltr'><strong>et</strong></span> <span class='ocrx_word' id='word_1_206' title='bbox 1122 1308 1262 1339; x_wconf 85' lang='lat' dir='ltr'><strong>materia</strong></span> <span class='ocrx_word' id='word_1_207' title='bbox 1274 1307 1460 1349; x_wconf 81' lang='lat' dir='ltr'><strong>questionis</strong></span> <span class='ocrx_word' id='word_1_208' title='bbox 1476 1318 1484 1346; x_wconf 94' lang='lat'>;</span> <span class='ocrx_word' id='word_1_209' title='bbox 1510 1308 1648 1340; x_wconf 89' lang='lat' dir='ltr'><strong>demum</strong></span> <span class='ocrx_word' id='word_1_210' title='bbox 1662 1310 1705 1340; x_wconf 91' lang='lat' dir='ltr'><strong>de</strong></span> 
     </span>
     <span class='ocr_line' id='line_1_28' title="bbox 314 1351 1703 1393; baseline 0.002 -12"><span class='ocrx_word' id='word_1_211' title='bbox 314 1351 515 1382; x_wconf 82' lang='lat' dir='ltr'><strong>auctoritate</strong></span> <span class='ocrx_word' id='word_1_212' title='bbox 530 1354 566 1382; x_wconf 84' lang='lat' dir='ltr'><strong>et</strong></span> <span class='ocrx_word' id='word_1_213' title='bbox 580 1361 716 1382; x_wconf 83' lang='lat' dir='ltr'><strong>assensu</strong></span> <span class='ocrx_word' id='word_1_214' title='bbox 732 1351 941 1383; x_wconf 81' lang='lat' dir='ltr'><strong>Venerabilis</strong></span> <span class='ocrx_word' id='word_1_215' title='bbox 957 1352 991 1383; x_wconf 92' lang='lat' dir='ltr'><strong>in</strong></span> <span class='ocrx_word' id='word_1_216' title='bbox 1017 1352 1153 1383; x_wconf 86' lang='lat' dir='ltr'><strong>Christo</strong></span> <span class='ocrx_word' id='word_1_217' title='bbox 1170 1352 1288 1391; x_wconf 86' lang='lat' dir='ltr'><strong>Patris,</strong></span> <span class='ocrx_word' id='word_1_218' title='bbox 1315 1351 1452 1383; x_wconf 87' lang='lat' dir='ltr'><strong>Domini</strong></span> <span class='ocrx_word' id='word_1_219' title='bbox 1467 1351 1606 1391; x_wconf 84' lang='lat' dir='ltr'><strong>Thome,</strong></span> <span class='ocrx_word' id='word_1_220' title='bbox 1625 1356 1703 1393; x_wconf 63' lang='lat' dir='ltr'><strong>etc„</strong></span> 
     </span>
     <span class='ocr_line' id='line_1_29' title="bbox 316 1393 1704 1435; baseline 0.001 -9"><span class='ocrx_word' id='word_1_221' title='bbox 316 1394 395 1426; x_wconf 91' lang='lat' dir='ltr'><strong>Loci</strong></span> <span class='ocrx_word' id='word_1_222' title='bbox 418 1393 603 1434; x_wconf 87' lang='lat' dir='ltr'><strong>Diocesani,</strong></span> <span class='ocrx_word' id='word_1_223' title='bbox 621 1398 806 1427; x_wconf 81' lang='lat' dir='ltr'><strong>memorata</strong></span> <span class='ocrx_word' id='word_1_224' title='bbox 821 1396 987 1427; x_wconf 87' lang='lat' dir='ltr'><strong>discordia</strong></span> <span class='ocrx_word' id='word_1_225' title='bbox 1009 1395 1230 1427; x_wconf 74' lang='lat' dir='ltr'><strong>amicabiliter</strong></span> <span class='ocrx_word' id='word_1_226' title='bbox 1245 1395 1451 1435; x_wconf 86' lang='lat' dir='ltr'><strong>conquievit,</strong></span> <span class='ocrx_word' id='word_1_227' title='bbox 1469 1406 1507 1426; x_wconf 86' lang='lat' dir='ltr'><strong>ac</strong></span> <span class='ocrx_word' id='word_1_228' title='bbox 1529 1395 1621 1427; x_wconf 88' lang='lat' dir='ltr'><strong>inter</strong></span> <span class='ocrx_word' id='word_1_229' title='bbox 1642 1406 1704 1428; x_wconf 91' lang='lat' dir='ltr'><strong>nos</strong></span> 
     </span>
     <span class='ocr_line' id='line_1_30' title="bbox 315 1438 1705 1479; baseline 0.002 -11"><span class='ocrx_word' id='word_1_230' title='bbox 315 1441 520 1469; x_wconf 85' lang='lat' dir='ltr'><strong>conventum</strong></span> <span class='ocrx_word' id='word_1_231' title='bbox 536 1438 654 1470; x_wconf 86' lang='lat' dir='ltr'><strong>extitit</strong></span> <span class='ocrx_word' id='word_1_232' title='bbox 669 1439 732 1470; x_wconf 92' lang='lat' dir='ltr'><strong>sub</strong></span> <span class='ocrx_word' id='word_1_233' title='bbox 755 1438 818 1470; x_wconf 89' lang='lat' dir='ltr'><strong>hac</strong></span> <span class='ocrx_word' id='word_1_234' title='bbox 832 1439 1078 1479; x_wconf 81' lang='lat' dir='ltr'><strong>forma,—N0s,</strong></span> <span class='ocrx_word' id='word_1_235' title='bbox 1095 1439 1253 1470; x_wconf 83' lang='lat' dir='ltr'><strong>videlicet</strong></span> <span class='ocrx_word' id='word_1_236' title='bbox 1267 1438 1382 1470; x_wconf 87' lang='lat' dir='ltr'><strong>Abbas</strong></span> <span class='ocrx_word' id='word_1_237' title='bbox 1397 1442 1434 1471; x_wconf 89' lang='lat' dir='ltr'><strong>et</strong></span> <span class='ocrx_word' id='word_1_238' title='bbox 1453 1439 1651 1471; x_wconf 87' lang='lat' dir='ltr'><strong>Conventus</strong></span> <span class='ocrx_word' id='word_1_239' title='bbox 1667 1451 1705 1472; x_wconf 87' lang='lat' dir='ltr'><strong>ac</strong></span> 
     </span>
     <span class='ocr_line' id='line_1_31' title="bbox 316 1481 1705 1524; baseline 0.002 -12"><span class='ocrx_word' id='word_1_240' title='bbox 316 1481 469 1513; x_wconf 87' lang='lat' dir='ltr'><strong>Vicarius</strong></span> <span class='ocrx_word' id='word_1_241' title='bbox 484 1482 679 1522; x_wconf 78' lang='lat' dir='ltr'><strong>supradicti,</strong></span> <span class='ocrx_word' id='word_1_242' title='bbox 689 1483 938 1514; x_wconf 82' lang='lat' dir='ltr'><strong>considerantes</strong></span> <span class='ocrx_word' id='word_1_243' title='bbox 949 1483 1039 1524; x_wconf 90' lang='lat' dir='ltr'><strong>quod</strong></span> <span class='ocrx_word' id='word_1_244' title='bbox 1053 1482 1244 1524; x_wconf 83' lang='lat' dir='ltr'><strong>parochiani</strong></span> <span class='ocrx_word' id='word_1_245' title='bbox 1255 1482 1407 1524; x_wconf 79' lang='lat' dir='ltr'><strong>ejusdem</strong></span> <span class='ocrx_word' id='word_1_246' title='bbox 1420 1483 1566 1514; x_wconf 88' lang='lat' dir='ltr'><strong>Ecclesie</strong></span> <span class='ocrx_word' id='word_1_247' title='bbox 1577 1483 1705 1516; x_wconf 83' lang='lat' dir='ltr'><strong>dictam</strong></span> 
     </span>
     <span class='ocr_line' id='line_1_32' title="bbox 315 1525 1705 1567; baseline 0.002 -11"><span class='ocrx_word' id='word_1_248' title='bbox 315 1525 438 1557; x_wconf 81' lang='lat' dir='ltr'><strong>Villam</strong></span> <span class='ocrx_word' id='word_1_249' title='bbox 462 1525 505 1556; x_wconf 91' lang='lat' dir='ltr'><strong>de</strong></span> <span class='ocrx_word' id='word_1_250' title='bbox 528 1525 787 1564; x_wconf 80' lang='lat' dir='ltr'><strong>Derthemuthe,</strong></span> <span class='ocrx_word' id='word_1_251' title='bbox 808 1526 843 1557; x_wconf 92' lang='lat' dir='ltr'><strong>in</strong></span> <span class='ocrx_word' id='word_1_252' title='bbox 867 1527 966 1558; x_wconf 88' lang='lat' dir='ltr'><strong>litore</strong></span> <span class='ocrx_word' id='word_1_253' title='bbox 989 1527 1090 1558; x_wconf 86' lang='lat' dir='ltr'><strong>maris</strong></span> <span class='ocrx_word' id='word_1_254' title='bbox 1109 1536 1189 1567; x_wconf 85' lang='lat' dir='ltr'><strong>ymo</strong></span> <span class='ocrx_word' id='word_1_255' title='bbox 1211 1526 1324 1566; x_wconf 82' lang='lat' dir='ltr'><strong>sitam,</strong></span> <span class='ocrx_word' id='word_1_256' title='bbox 1348 1526 1588 1567; x_wconf 85' lang='lat' dir='ltr'><strong>inhabitantes,</strong></span> <span class='ocrx_word' id='word_1_257' title='bbox 1609 1538 1705 1559; x_wconf 87' lang='lat' dir='ltr'><strong>senes</strong></span> 
     </span>
     <span class='ocr_line' id='line_1_33' title="bbox 316 1568 1703 1611; baseline 0.003 -12"><span class='ocrx_word' id='word_1_258' title='bbox 316 1568 493 1610; x_wconf 84' lang='lat' dir='ltr'><strong>presertim</strong></span> <span class='ocrx_word' id='word_1_259' title='bbox 501 1569 659 1600; x_wconf 87' lang='lat' dir='ltr'><strong>mulieres</strong></span> <span class='ocrx_word' id='word_1_260' title='bbox 675 1573 710 1601; x_wconf 89' lang='lat' dir='ltr'><strong>et</strong></span> <span class='ocrx_word' id='word_1_261' title='bbox 719 1570 775 1601; x_wconf 87' lang='lat' dir='ltr'><strong>alii</strong></span> <span class='ocrx_word' id='word_1_262' title='bbox 790 1570 994 1611; x_wconf 81' lang='lat' dir='ltr'><strong>inpotentes,</strong></span> <span class='ocrx_word' id='word_1_263' title='bbox 1006 1574 1141 1611; x_wconf 83' lang='lat' dir='ltr'><strong>propter</strong></span> <span class='ocrx_word' id='word_1_264' title='bbox 1156 1580 1291 1609; x_wconf 77' lang='lat' dir='ltr'><strong>gravem</strong></span> <span class='ocrx_word' id='word_1_265' title='bbox 1305 1573 1338 1601; x_wconf 83' lang='lat' dir='ltr'><strong>et</strong></span> <span class='ocrx_word' id='word_1_266' title='bbox 1356 1570 1524 1602; x_wconf 86' lang='lat' dir='ltr'><strong>difficilem</strong></span> <span class='ocrx_word' id='word_1_267' title='bbox 1535 1581 1703 1603; x_wconf 85' lang='lat' dir='ltr'><strong>accessum</strong></span> 
     </span>
     <span class='ocr_line' id='line_1_34' title="bbox 316 1607 1705 1655; baseline 0.002 -12"><span class='ocrx_word' id='word_1_268' title='bbox 316 1613 359 1644; x_wconf 84' lang='lat' dir='ltr'><strong>ad</strong></span> <span class='ocrx_word' id='word_1_269' title='bbox 384 1612 526 1644; x_wconf 85' lang='lat' dir='ltr'><strong>eandem</strong></span> <span class='ocrx_word' id='word_1_270' title='bbox 553 1613 746 1653; x_wconf 84' lang='lat' dir='ltr'><strong>Ecclesiam,</strong></span> <span class='ocrx_word' id='word_1_271' title='bbox 769 1607 914 1655; x_wconf 68' lang='lat' dir='ltr'><strong>desuper</strong></span> <span class='ocrx_word' id='word_1_272' title='bbox 939 1617 976 1645; x_wconf 86' lang='lat' dir='ltr'><strong>et</strong></span> <span class='ocrx_word' id='word_1_273' title='bbox 1001 1614 1035 1645; x_wconf 89' lang='lat' dir='ltr'><strong>in</strong></span> <span class='ocrx_word' id='word_1_274' title='bbox 1063 1614 1133 1646; x_wconf 89' lang='lat' dir='ltr'><strong>alto</strong></span> <span class='ocrx_word' id='word_1_275' title='bbox 1161 1614 1351 1653; x_wconf 81' lang='lat' dir='ltr'><strong>fundatam,</strong></span> <span class='ocrx_word' id='word_1_276' title='bbox 1375 1616 1527 1654; x_wconf 86' lang='lat' dir='ltr'><strong>tempore</strong></span> <span class='ocrx_word' id='word_1_277' title='bbox 1557 1614 1705 1646; x_wconf 83' lang='lat' dir='ltr'><strong>maxime</strong></span> 
     </span>
     <span class='ocr_line' id='line_1_35' title="bbox 318 1655 1706 1699; baseline 0.003 -12"><span class='ocrx_word' id='word_1_278' title='bbox 318 1655 466 1697; x_wconf 81' lang='lat' dir='ltr'><strong>hyemali</strong></span> <span class='ocrx_word' id='word_1_279' title='bbox 492 1659 528 1687; x_wconf 88' lang='lat' dir='ltr'><strong>et</strong></span> <span class='ocrx_word' id='word_1_280' title='bbox 557 1656 638 1688; x_wconf 86' lang='lat' dir='ltr'><strong>alias</strong></span> <span class='ocrx_word' id='word_1_281' title='bbox 668 1660 944 1698; x_wconf 82' lang='lat' dir='ltr'><strong>tempestuosam,</strong></span> <span class='ocrx_word' id='word_1_282' title='bbox 965 1657 1072 1699; x_wconf 87' lang='lat' dir='ltr'><strong>ipsam</strong></span> <span class='ocrx_word' id='word_1_283' title='bbox 1101 1657 1283 1689; x_wconf 84' lang='lat' dir='ltr'><strong>Ecclesiam</strong></span> <span class='ocrx_word' id='word_1_284' title='bbox 1306 1657 1435 1688; x_wconf 90' lang='lat' dir='ltr'><strong>Diebus</strong></span> <span class='ocrx_word' id='word_1_285' title='bbox 1459 1657 1643 1689; x_wconf 87' lang='lat' dir='ltr'><strong>Dominicis</strong></span> <span class='ocrx_word' id='word_1_286' title='bbox 1670 1662 1706 1691; x_wconf 86' lang='lat' dir='ltr'><strong>et</strong></span> 
     </span>
     <span class='ocr_line' id='line_1_36' title="bbox 318 1699 1703 1743; baseline 0.003 -13"><span class='ocrx_word' id='word_1_287' title='bbox 318 1699 462 1731; x_wconf 83' lang='lat' dir='ltr'><strong>Festivis</strong></span> <span class='ocrx_word' id='word_1_288' title='bbox 479 1700 587 1731; x_wconf 88' lang='lat' dir='ltr'><strong>rarius</strong></span> <span class='ocrx_word' id='word_1_289' title='bbox 602 1704 637 1731; x_wconf 89' lang='lat' dir='ltr'><strong>et</strong></span> <span class='ocrx_word' id='word_1_290' title='bbox 654 1701 785 1732; x_wconf 88' lang='lat' dir='ltr'><strong>tardius</strong></span> <span class='ocrx_word' id='word_1_291' title='bbox 800 1701 1068 1742; x_wconf 84' lang='lat' dir='ltr'><strong>frequentantes,</strong></span> <span class='ocrx_word' id='word_1_292' title='bbox 1085 1701 1119 1732; x_wconf 90' lang='lat' dir='ltr'><strong>in</strong></span> <span class='ocrx_word' id='word_1_293' title='bbox 1135 1711 1274 1732; x_wconf 84' lang='lat' dir='ltr'><strong>suarum</strong></span> <span class='ocrx_word' id='word_1_294' title='bbox 1292 1701 1478 1742; x_wconf 88' lang='lat' dir='ltr'><strong>periculum</strong></span> <span class='ocrx_word' id='word_1_295' title='bbox 1502 1701 1703 1743; x_wconf 86' lang='lat' dir='ltr'><strong>animarum,</strong></span> 
     </span>
     <span class='ocr_line' id='line_1_37' title="bbox 317 1742 1704 1786; baseline 0.002 -12"><span class='ocrx_word' id='word_1_296' title='bbox 317 1742 433 1774; x_wconf 90' lang='lat' dir='ltr'><strong>Divini</strong></span> <span class='ocrx_word' id='word_1_297' title='bbox 450 1743 573 1776; x_wconf 88' lang='lat' dir='ltr'><strong>Cultus</strong></span> <span class='ocrx_word' id='word_1_298' title='bbox 596 1744 868 1784; x_wconf 88' lang='lat' dir='ltr'><strong>diminucionem,</strong></span> <span class='ocrx_word' id='word_1_299' title='bbox 885 1748 920 1776; x_wconf 86' lang='lat' dir='ltr'><strong>et</strong></span> <span class='ocrx_word' id='word_1_300' title='bbox 942 1749 1098 1776; x_wconf 87' lang='lat' dir='ltr'><strong>nostrum</strong></span> <span class='ocrx_word' id='word_1_301' title='bbox 1120 1744 1294 1786; x_wconf 81' lang='lat' dir='ltr'><strong>ipsiusque</strong></span> <span class='ocrx_word' id='word_1_302' title='bbox 1318 1744 1463 1776; x_wconf 77' lang='lat' dir='ltr'><strong>Ecclesie</strong></span> <span class='ocrx_word' id='word_1_303' title='bbox 1479 1745 1704 1786; x_wconf 83' lang='lat' dir='ltr'><strong>prejudicium</strong></span> 
     </span>
     <span class='ocr_line' id='line_1_38' title="bbox 316 1786 1704 1831; baseline 0.002 -14"><span class='ocrx_word' id='word_1_304' title='bbox 316 1786 534 1828; x_wconf 86' lang='lat' dir='ltr'><strong>quamplures</strong></span> <span class='ocrx_word' id='word_1_305' title='bbox 543 1788 749 1819; x_wconf 88' lang='lat' dir='ltr'><strong>neclexerint</strong></span> <span class='ocrx_word' id='word_1_306' title='bbox 761 1788 893 1820; x_wconf 91' lang='lat' dir='ltr'><strong>Divinis</strong></span> <span class='ocrx_word' id='word_1_307' title='bbox 908 1789 991 1819; x_wconf 88' lang='lat' dir='ltr'><strong>inibi</strong></span> <span class='ocrx_word' id='word_1_308' title='bbox 1008 1788 1132 1820; x_wconf 85' lang='lat' dir='ltr'><strong>Officiis</strong></span> <span class='ocrx_word' id='word_1_309' title='bbox 1143 1788 1303 1819; x_wconf 87' lang='lat' dir='ltr'><strong>interesse</strong></span> <span class='ocrx_word' id='word_1_310' title='bbox 1318 1798 1326 1827; x_wconf 90' lang='lat'>;</span> <span class='ocrx_word' id='word_1_311' title='bbox 1343 1791 1382 1819; x_wconf 90' lang='lat' dir='ltr'><strong>ut</strong></span> <span class='ocrx_word' id='word_1_312' title='bbox 1394 1788 1542 1829; x_wconf 84' lang='lat' dir='ltr'><strong>ipsorum</strong></span> <span class='ocrx_word' id='word_1_313' title='bbox 1555 1789 1704 1831; x_wconf 87' lang='lat' dir='ltr'><strong>parochi-</strong></span> 
     </span>
     <span class='ocr_line' id='line_1_39' title="bbox 317 1830 1704 1872; baseline 0.001 -10"><span class='ocrx_word' id='word_1_314' title='bbox 317 1840 458 1862; x_wconf 84' lang='lat' dir='ltr'><strong>anorum</strong></span> <span class='ocrx_word' id='word_1_315' title='bbox 482 1830 618 1862; x_wconf 89' lang='lat' dir='ltr'><strong>devocio</strong></span> <span class='ocrx_word' id='word_1_316' title='bbox 641 1832 682 1863; x_wconf 88' lang='lat' dir='ltr'><strong>ad</strong></span> <span class='ocrx_word' id='word_1_317' title='bbox 708 1832 869 1863; x_wconf 87' lang='lat' dir='ltr'><strong>Divinum</strong></span> <span class='ocrx_word' id='word_1_318' title='bbox 893 1832 1034 1864; x_wconf 87' lang='lat' dir='ltr'><strong>Cultum</strong></span> <span class='ocrx_word' id='word_1_319' title='bbox 1069 1843 1107 1863; x_wconf 90' lang='lat' dir='ltr'><strong>eo</strong></span> <span class='ocrx_word' id='word_1_320' title='bbox 1130 1832 1275 1872; x_wconf 86' lang='lat' dir='ltr'><strong>amplius</strong></span> <span class='ocrx_word' id='word_1_321' title='bbox 1297 1832 1474 1871; x_wconf 86' lang='lat' dir='ltr'><strong>excitetur,</strong></span> <span class='ocrx_word' id='word_1_322' title='bbox 1493 1832 1537 1864; x_wconf 91' lang='lat' dir='ltr'><strong>ob</strong></span> <span class='ocrx_word' id='word_1_323' title='bbox 1559 1832 1704 1865; x_wconf 87' lang='lat' dir='ltr'><strong>salutem</strong></span> 
     </span>
     <span class='ocr_line' id='line_1_40' title="bbox 317 1874 1739 1916; baseline 0.002 -11"><span class='ocrx_word' id='word_1_324' title='bbox 317 1874 505 1905; x_wconf 87' lang='lat' dir='ltr'><strong>animarum</strong></span> <span class='ocrx_word' id='word_1_325' title='bbox 522 1885 658 1906; x_wconf 85' lang='lat' dir='ltr'><strong>suarum</strong></span> <span class='ocrx_word' id='word_1_326' title='bbox 677 1878 845 1916; x_wconf 85' lang='lat' dir='ltr'><strong>quantum</strong></span> <span class='ocrx_word' id='word_1_327' title='bbox 857 1876 899 1907; x_wconf 82' lang='lat' dir='ltr'><strong>ad</strong></span> <span class='ocrx_word' id='word_1_328' title='bbox 915 1886 976 1907; x_wconf 86' lang='lat' dir='ltr'><strong>nos</strong></span> <span class='ocrx_word' id='word_1_329' title='bbox 991 1876 1126 1915; x_wconf 86' lang='lat' dir='ltr'><strong>attinet,</strong></span> <span class='ocrx_word' id='word_1_330' title='bbox 1140 1875 1295 1907; x_wconf 88' lang='lat' dir='ltr'><strong>dedimus</strong></span> <span class='ocrx_word' id='word_1_331' title='bbox 1311 1879 1347 1907; x_wconf 89' lang='lat' dir='ltr'><strong>et</strong></span> <span class='ocrx_word' id='word_1_332' title='bbox 1360 1876 1593 1916; x_wconf 85' lang='lat' dir='ltr'><strong>concessimus,</strong></span> <span class='ocrx_word' id='word_1_333' title='bbox 1604 1877 1705 1908; x_wconf 89' lang='lat' dir='ltr'><strong>sicuti</strong></span> <span class='ocrx_word' id='word_1_334' title='bbox 1736 1899 1739 1901; x_wconf 22' lang='grc' dir='ltr'><strong>Α</strong></span> 
     </span>
     <span class='ocr_line' id='line_1_41' title="bbox 319 1918 1703 1960; baseline 0.002 -12"><span class='ocrx_word' id='word_1_335' title='bbox 319 1928 377 1959; x_wconf 90' lang='lat' dir='ltr'><strong>per</strong></span> <span class='ocrx_word' id='word_1_336' title='bbox 394 1918 569 1949; x_wconf 81' lang='lat' dir='ltr'><strong>Presentes</strong></span> <span class='ocrx_word' id='word_1_337' title='bbox 585 1919 705 1950; x_wconf 87' lang='lat' dir='ltr'><strong>damus</strong></span> <span class='ocrx_word' id='word_1_338' title='bbox 723 1922 759 1950; x_wconf 91' lang='lat' dir='ltr'><strong>et</strong></span> <span class='ocrx_word' id='word_1_339' title='bbox 774 1919 998 1959; x_wconf 88' lang='lat' dir='ltr'><strong>concedimus,</strong></span> <span class='ocrx_word' id='word_1_340' title='bbox 1015 1919 1154 1960; x_wconf 83' lang='lat' dir='ltr'><strong>prefatis</strong></span> <span class='ocrx_word' id='word_1_341' title='bbox 1171 1919 1379 1960; x_wconf 86' lang='lat' dir='ltr'><strong>parochianis</strong></span> <span class='ocrx_word' id='word_1_342' title='bbox 1401 1919 1491 1951; x_wconf 90' lang='lat' dir='ltr'><strong>dicte</strong></span> <span class='ocrx_word' id='word_1_343' title='bbox 1507 1920 1653 1952; x_wconf 77' lang='lat' dir='ltr'><strong>Ecclesie</strong></span> <span class='ocrx_word' id='word_1_344' title='bbox 1668 1921 1703 1952; x_wconf 89' lang='lat' dir='ltr'><strong>in</strong></span> 
     </span>
     <span class='ocr_line' id='line_1_42' title="bbox 322 1961 1704 2004; baseline 0.002 -12"><span class='ocrx_word' id='word_1_345' title='bbox 322 1961 474 2002; x_wconf 83' lang='lat' dir='ltr'><strong>predicta</strong></span> <span class='ocrx_word' id='word_1_346' title='bbox 484 1961 572 1993; x_wconf 80' lang='lat' dir='ltr'><strong>Villa</strong></span> <span class='ocrx_word' id='word_1_347' title='bbox 587 1963 873 1994; x_wconf 86' lang='lat' dir='ltr'><strong>commorantibus</strong></span> <span class='ocrx_word' id='word_1_348' title='bbox 891 1963 1077 1995; x_wconf 89' lang='lat' dir='ltr'><strong>Licenciam</strong></span> <span class='ocrx_word' id='word_1_349' title='bbox 1095 1967 1130 1995; x_wconf 90' lang='lat' dir='ltr'><strong>et</strong></span> <span class='ocrx_word' id='word_1_350' title='bbox 1145 1973 1316 1994; x_wconf 85' lang='lat' dir='ltr'><strong>assensum</strong></span> <span class='ocrx_word' id='word_1_351' title='bbox 1333 1963 1425 2004; x_wconf 89' lang='lat' dir='ltr'><strong>quod</strong></span> <span class='ocrx_word' id='word_1_352' title='bbox 1441 1963 1503 2004; x_wconf 90' lang='lat' dir='ltr'><strong>ipsi</strong></span> <span class='ocrx_word' id='word_1_353' title='bbox 1514 1964 1704 2004; x_wconf 83' lang='lat' dir='ltr'><strong>parochiani</strong></span> 
     </span>
     <span class='ocr_line' id='line_1_43' title="bbox 322 2005 1705 2047; baseline 0.002 -12"><span class='ocrx_word' id='word_1_354' title='bbox 322 2005 446 2036; x_wconf 87' lang='lat' dir='ltr'><strong>ibidem</strong></span> <span class='ocrx_word' id='word_1_355' title='bbox 463 2006 644 2037; x_wconf 84' lang='lat' dir='ltr'><strong>dumtaxat</strong></span> <span class='ocrx_word' id='word_1_356' title='bbox 659 2006 898 2046; x_wconf 76' lang='lat' dir='ltr'><strong>inhabitantes,</strong></span> <span class='ocrx_word' id='word_1_357' title='bbox 910 2008 1080 2047; x_wconf 88' lang='lat' dir='ltr'><strong>degentes,</strong></span> <span class='ocrx_word' id='word_1_358' title='bbox 1097 2010 1133 2038; x_wconf 90' lang='lat' dir='ltr'><strong>et</strong></span> <span class='ocrx_word' id='word_1_359' title='bbox 1155 2007 1256 2038; x_wconf 77' lang='lat' dir='ltr'><strong>larem</strong></span> <span class='ocrx_word' id='word_1_360' title='bbox 1274 2007 1437 2046; x_wconf 87' lang='lat' dir='ltr'><strong>foventes,</strong></span> <span class='ocrx_word' id='word_1_361' title='bbox 1454 2008 1487 2038; x_wconf 89' lang='lat' dir='ltr'><strong>in</strong></span> <span class='ocrx_word' id='word_1_362' title='bbox 1505 2007 1652 2039; x_wconf 77' lang='lat' dir='ltr'><strong>favorem</strong></span> <span class='ocrx_word' id='word_1_363' title='bbox 1669 2012 1705 2039; x_wconf 89' lang='lat' dir='ltr'><strong>et</strong></span> 
     </span>
     <span class='ocr_line' id='line_1_44' title="bbox 320 2049 1703 2092; baseline 0.003 -13"><span class='ocrx_word' id='word_1_364' title='bbox 320 2049 533 2080; x_wconf 87' lang='lat' dir='ltr'><strong>commodum</strong></span> <span class='ocrx_word' id='word_1_365' title='bbox 547 2049 739 2090; x_wconf 89' lang='lat' dir='ltr'><strong>eorundem,</strong></span> <span class='ocrx_word' id='word_1_366' title='bbox 755 2050 882 2092; x_wconf 86' lang='lat' dir='ltr'><strong>absque</strong></span> <span class='ocrx_word' id='word_1_367' title='bbox 897 2051 1050 2091; x_wconf 87' lang='lat' dir='ltr'><strong>quolibet</strong></span> <span class='ocrx_word' id='word_1_368' title='bbox 1072 2050 1256 2092; x_wconf 85' lang='lat' dir='ltr'><strong>prejudicio</strong></span> <span class='ocrx_word' id='word_1_369' title='bbox 1268 2050 1358 2082; x_wconf 88' lang='lat' dir='ltr'><strong>dicte</strong></span> <span class='ocrx_word' id='word_1_370' title='bbox 1375 2050 1519 2082; x_wconf 86' lang='lat' dir='ltr'><strong>Ecclesie</strong></span> <span class='ocrx_word' id='word_1_371' title='bbox 1534 2051 1577 2082; x_wconf 90' lang='lat' dir='ltr'><strong>de</strong></span> <span class='ocrx_word' id='word_1_372' title='bbox 1593 2051 1703 2083; x_wconf 83' lang='lat' dir='ltr'><strong>&#39;roun-</strong></span> 
     </span>
     <span class='ocr_line' id='line_1_45' title="bbox 318 2091 1704 2136; baseline 0.002 -13"><span class='ocrx_word' id='word_1_373' title='bbox 318 2091 417 2124; x_wconf 87' lang='lat' dir='ltr'><strong>stalle</strong></span> <span class='ocrx_word' id='word_1_374' title='bbox 442 2095 478 2123; x_wconf 87' lang='lat' dir='ltr'><strong>et</strong></span> <span class='ocrx_word' id='word_1_375' title='bbox 504 2095 692 2124; x_wconf 86' lang='lat' dir='ltr'><strong>ceterorum</strong></span> <span class='ocrx_word' id='word_1_376' title='bbox 723 2094 1001 2135; x_wconf 84' lang='lat' dir='ltr'><strong>parochianorum</strong></span> <span class='ocrx_word' id='word_1_377' title='bbox 1032 2093 1196 2135; x_wconf 83' lang='lat' dir='ltr'><strong>ejusdem,</strong></span> <span class='ocrx_word' id='word_1_378' title='bbox 1223 2104 1262 2125; x_wconf 89' lang='lat' dir='ltr'><strong>ac</strong></span> <span class='ocrx_word' id='word_1_379' title='bbox 1289 2094 1484 2126; x_wconf 81' lang='lat' dir='ltr'><strong>Monasterii</strong></span> <span class='ocrx_word' id='word_1_380' title='bbox 1510 2095 1704 2136; x_wconf 85' lang='lat' dir='ltr'><strong>supradicti,</strong></span> 
     </span>
     <span class='ocr_line' id='line_1_46' title="bbox 318 2135 1702 2180; baseline 0.003 -14"><span class='ocrx_word' id='word_1_381' title='bbox 318 2135 500 2176; x_wconf 86' lang='lat' dir='ltr'><strong>quamdam</strong></span> <span class='ocrx_word' id='word_1_382' title='bbox 525 2136 705 2177; x_wconf 81' lang='lat' dir='ltr'><strong>Capellam,</strong></span> <span class='ocrx_word' id='word_1_383' title='bbox 721 2148 798 2168; x_wconf 93' lang='lat' dir='ltr'><strong>cum</strong></span> <span class='ocrx_word' id='word_1_384' title='bbox 822 2137 1026 2179; x_wconf 86' lang='lat' dir='ltr'><strong>Baptisterio</strong></span> <span class='ocrx_word' id='word_1_385' title='bbox 1049 2142 1084 2169; x_wconf 89' lang='lat' dir='ltr'><strong>et</strong></span> <span class='ocrx_word' id='word_1_386' title='bbox 1109 2137 1282 2170; x_wconf 84' lang='lat' dir='ltr'><strong>Cimiterio</strong></span> <span class='ocrx_word' id='word_1_387' title='bbox 1305 2137 1557 2179; x_wconf 83' lang='lat' dir='ltr'><strong>circumjacenti</strong></span> <span class='ocrx_word' id='word_1_388' title='bbox 1573 2149 1702 2180; x_wconf 86' lang='lat' dir='ltr'><strong>compe-</strong></span> 
     </span>
     <span class='ocr_line' id='line_1_47' title="bbox 317 2178 1704 2222; baseline 0.002 -12"><span class='ocrx_word' id='word_1_389' title='bbox 317 2179 481 2218; x_wconf 82' lang='lat' dir='ltr'><strong>tentibus,</strong></span> <span class='ocrx_word' id='word_1_390' title='bbox 505 2179 539 2210; x_wconf 88' lang='lat' dir='ltr'><strong>in</strong></span> <span class='ocrx_word' id='word_1_391' title='bbox 556 2178 648 2211; x_wconf 81' lang='lat' dir='ltr'><strong>Villa</strong></span> <span class='ocrx_word' id='word_1_392' title='bbox 671 2181 821 2222; x_wconf 86' lang='lat' dir='ltr'><strong>predicta</strong></span> <span class='ocrx_word' id='word_1_393' title='bbox 842 2185 878 2212; x_wconf 92' lang='lat' dir='ltr'><strong>et</strong></span> <span class='ocrx_word' id='word_1_394' title='bbox 899 2181 969 2212; x_wconf 89' lang='lat' dir='ltr'><strong>solo</strong></span> <span class='ocrx_word' id='word_1_395' title='bbox 991 2181 1140 2222; x_wconf 87' lang='lat' dir='ltr'><strong>ipsorum</strong></span> <span class='ocrx_word' id='word_1_396' title='bbox 1167 2181 1308 2212; x_wconf 75' lang='lat' dir='ltr'><strong>Abbatis</strong></span> <span class='ocrx_word' id='word_1_397' title='bbox 1331 2185 1365 2212; x_wconf 90' lang='lat' dir='ltr'><strong>et</strong></span> <span class='ocrx_word' id='word_1_398' title='bbox 1389 2182 1594 2222; x_wconf 80' lang='lat' dir='ltr'><strong>Conventus,</strong></span> <span class='ocrx_word' id='word_1_399' title='bbox 1617 2182 1704 2214; x_wconf 83' lang='lat' dir='ltr'><strong>infra</strong></span> 
     </span>
     <span class='ocr_line' id='line_1_48' title="bbox 317 2222 1705 2265; baseline 0.003 -12"><span class='ocrx_word' id='word_1_400' title='bbox 317 2222 511 2254; x_wconf 86' lang='lat' dir='ltr'><strong>Parochiam</strong></span> <span class='ocrx_word' id='word_1_401' title='bbox 527 2223 679 2265; x_wconf 87' lang='lat' dir='ltr'><strong>ejusdem</strong></span> <span class='ocrx_word' id='word_1_402' title='bbox 698 2225 843 2256; x_wconf 86' lang='lat' dir='ltr'><strong>Ecclesie</strong></span> <span class='ocrx_word' id='word_1_403' title='bbox 865 2224 1068 2264; x_wconf 88' lang='lat' dir='ltr'><strong>situandam,</strong></span> <span class='ocrx_word' id='word_1_404' title='bbox 1084 2225 1128 2256; x_wconf 88' lang='lat' dir='ltr'><strong>ab</strong></span> <span class='ocrx_word' id='word_1_405' title='bbox 1143 2225 1258 2256; x_wconf 86' lang='lat' dir='ltr'><strong>eadem</strong></span> <span class='ocrx_word' id='word_1_406' title='bbox 1276 2225 1422 2256; x_wconf 87' lang='lat' dir='ltr'><strong>Ecclesia</strong></span> <span class='ocrx_word' id='word_1_407' title='bbox 1444 2225 1486 2256; x_wconf 88' lang='lat' dir='ltr'><strong>de</strong></span> <span class='ocrx_word' id='word_1_408' title='bbox 1509 2226 1705 2257; x_wconf 80' lang='lat' dir='ltr'><strong>&#39;Pounstalle</strong></span> 
     </span>
     <span class='ocr_line' id='line_1_49' title="bbox 318 2266 1705 2310; baseline 0.002 -13"><span class='ocrx_word' id='word_1_409' title='bbox 318 2269 359 2297; x_wconf 92' lang='lat' dir='ltr'><strong>ut</strong></span> <span class='ocrx_word' id='word_1_410' title='bbox 385 2266 525 2298; x_wconf 87' lang='lat' dir='ltr'><strong>Matrice</strong></span> <span class='ocrx_word' id='word_1_411' title='bbox 550 2267 808 2309; x_wconf 78' lang='lat' dir='ltr'><strong>dependentem,</strong></span> <span class='ocrx_word' id='word_1_412' title='bbox 835 2271 872 2300; x_wconf 88' lang='lat' dir='ltr'><strong>et</strong></span> <span class='ocrx_word' id='word_1_413' title='bbox 896 2268 1005 2300; x_wconf 86' lang='lat' dir='ltr'><strong>eidem</strong></span> <span class='ocrx_word' id='word_1_414' title='bbox 1032 2268 1205 2300; x_wconf 87' lang='lat' dir='ltr'><strong>subditam</strong></span> <span class='ocrx_word' id='word_1_415' title='bbox 1230 2273 1266 2300; x_wconf 92' lang='lat' dir='ltr'><strong>et</strong></span> <span class='ocrx_word' id='word_1_416' title='bbox 1291 2268 1491 2309; x_wconf 87' lang='lat' dir='ltr'><strong>subjectam,</strong></span> <span class='ocrx_word' id='word_1_417' title='bbox 1514 2270 1644 2310; x_wconf 89' lang='lat' dir='ltr'><strong>possint</strong></span> <span class='ocrx_word' id='word_1_418' title='bbox 1669 2273 1705 2301; x_wconf 88' lang='lat' dir='ltr'><strong>et</strong></span> 
     </span>
     <span class='ocr_line' id='line_1_50' title="bbox 317 2309 1703 2354; baseline 0.001 -12"><span class='ocrx_word' id='word_1_419' title='bbox 317 2309 451 2342; x_wconf 82' lang='lat' dir='ltr'><strong>valeant</strong></span> <span class='ocrx_word' id='word_1_420' title='bbox 465 2310 590 2351; x_wconf 85' lang='lat' dir='ltr'><strong>erigere</strong></span> <span class='ocrx_word' id='word_1_421' title='bbox 611 2314 647 2342; x_wconf 91' lang='lat' dir='ltr'><strong>et</strong></span> <span class='ocrx_word' id='word_1_422' title='bbox 668 2314 871 2352; x_wconf 87' lang='lat' dir='ltr'><strong>construere,</strong></span> <span class='ocrx_word' id='word_1_423' title='bbox 887 2322 926 2343; x_wconf 87' lang='lat' dir='ltr'><strong>ac</strong></span> <span class='ocrx_word' id='word_1_424' title='bbox 948 2312 1054 2354; x_wconf 90' lang='lat' dir='ltr'><strong>ipsam</strong></span> <span class='ocrx_word' id='word_1_425' title='bbox 1079 2312 1248 2353; x_wconf 88' lang='lat' dir='ltr'><strong>Capellam</strong></span> <span class='ocrx_word' id='word_1_426' title='bbox 1264 2316 1299 2343; x_wconf 91' lang='lat' dir='ltr'><strong>et</strong></span> <span class='ocrx_word' id='word_1_427' title='bbox 1320 2312 1533 2344; x_wconf 77' lang='lat' dir='ltr'><strong>cimiterium</strong></span> <span class='ocrx_word' id='word_1_428' title='bbox 1548 2312 1703 2354; x_wconf 82' lang='lat' dir='ltr'><strong>adjacens</strong></span> 
     </span>
     <span class='ocr_line' id='line_1_51' title="bbox 317 2353 1702 2397; baseline 0.003 -14"><span class='ocrx_word' id='word_1_429' title='bbox 317 2363 377 2394; x_wconf 88' lang='lat' dir='ltr'><strong>per</strong></span> <span class='ocrx_word' id='word_1_430' title='bbox 399 2353 633 2386; x_wconf 81' lang='lat' dir='ltr'><strong>Reverendum</strong></span> <span class='ocrx_word' id='word_1_431' title='bbox 658 2355 792 2387; x_wconf 85' lang='lat' dir='ltr'><strong>Patrem</strong></span> <span class='ocrx_word' id='word_1_432' title='bbox 817 2356 1000 2387; x_wconf 89' lang='lat' dir='ltr'><strong>Dominum</strong></span> <span class='ocrx_word' id='word_1_433' title='bbox 1026 2355 1228 2397; x_wconf 86' lang='lat' dir='ltr'><strong>Episcopum</strong></span> <span class='ocrx_word' id='word_1_434' title='bbox 1259 2355 1491 2395; x_wconf 71' lang='lat' dir='ltr'><strong>Exoniensem,</strong></span> <span class='ocrx_word' id='word_1_435' title='bbox 1514 2366 1572 2388; x_wconf 91' lang='lat' dir='ltr'><strong>seu</strong></span> <span class='ocrx_word' id='word_1_436' title='bbox 1598 2357 1702 2388; x_wconf 91' lang='lat' dir='ltr'><strong>alium</strong></span> 
     </span>
     <span class='ocr_line' id='line_1_52' title="bbox 317 2397 1702 2441; baseline 0.003 -14"><span class='ocrx_word' id='word_1_437' title='bbox 317 2397 505 2438; x_wconf 88' lang='lat' dir='ltr'><strong>quemlibet</strong></span> <span class='ocrx_word' id='word_1_438' title='bbox 527 2397 742 2439; x_wconf 86' lang='lat' dir='ltr'><strong>Episcopum,</strong></span> <span class='ocrx_word' id='word_1_439' title='bbox 758 2399 829 2430; x_wconf 88' lang='lat' dir='ltr'><strong>vice</strong></span> <span class='ocrx_word' id='word_1_440' title='bbox 845 2403 881 2431; x_wconf 88' lang='lat' dir='ltr'><strong>et</strong></span> <span class='ocrx_word' id='word_1_441' title='bbox 902 2399 1104 2431; x_wconf 83' lang='lat' dir='ltr'><strong>auctoritate</strong></span> <span class='ocrx_word' id='word_1_442' title='bbox 1119 2399 1224 2440; x_wconf 89' lang='lat' dir='ltr'><strong>ipsius</strong></span> <span class='ocrx_word' id='word_1_443' title='bbox 1247 2399 1383 2430; x_wconf 91' lang='lat' dir='ltr'><strong>Domini</strong></span> <span class='ocrx_word' id='word_1_444' title='bbox 1409 2400 1607 2431; x_wconf 86' lang='lat' dir='ltr'><strong>Exoniensis</strong></span> <span class='ocrx_word' id='word_1_445' title='bbox 1625 2400 1702 2441; x_wconf 90' lang='lat' dir='ltr'><strong>Epi-</strong></span> 
     </span>
     <span class='ocr_line' id='line_1_53' title="bbox 318 2439 1701 2484; baseline 0.004 -14"><span class='ocrx_word' id='word_1_446' title='bbox 318 2440 407 2481; x_wconf 87' lang='lat' dir='ltr'><strong>scopi</strong></span> <span class='ocrx_word' id='word_1_447' title='bbox 423 2440 465 2471; x_wconf 82' lang='lat' dir='ltr'><strong>ad</strong></span> <span class='ocrx_word' id='word_1_448' title='bbox 481 2439 544 2472; x_wconf 89' lang='lat' dir='ltr'><strong>boc</strong></span> <span class='ocrx_word' id='word_1_449' title='bbox 555 2441 800 2482; x_wconf 82' lang='lat' dir='ltr'><strong>deputandum,</strong></span> <span class='ocrx_word' id='word_1_450' title='bbox 813 2442 979 2475; x_wconf 82' lang='lat' dir='ltr'><strong>Canonice</strong></span> <span class='ocrx_word' id='word_1_451' title='bbox 995 2443 1176 2474; x_wconf 85' lang='lat' dir='ltr'><strong>consecrari</strong></span> <span class='ocrx_word' id='word_1_452' title='bbox 1191 2446 1226 2474; x_wconf 89' lang='lat' dir='ltr'><strong>et</strong></span> <span class='ocrx_word' id='word_1_453' title='bbox 1238 2442 1393 2482; x_wconf 85' lang='lat' dir='ltr'><strong>dedicari,</strong></span> <span class='ocrx_word' id='word_1_454' title='bbox 1407 2453 1600 2484; x_wconf 90' lang='lat' dir='ltr'><strong>munusque</strong></span> <span class='ocrx_word' id='word_1_455' title='bbox 1617 2444 1701 2475; x_wconf 84' lang='lat' dir='ltr'><strong>Cou-</strong></span> 
     </span>
     <span class='ocr_line' id='line_1_54' title="bbox 319 2483 1702 2528; baseline 0.003 -14"><span class='ocrx_word' id='word_1_456' title='bbox 319 2483 515 2515; x_wconf 85' lang='lat' dir='ltr'><strong>secracionis</strong></span> <span class='ocrx_word' id='word_1_457' title='bbox 530 2484 682 2526; x_wconf 88' lang='lat' dir='ltr'><strong>ejusdem</strong></span> <span class='ocrx_word' id='word_1_458' title='bbox 703 2486 853 2527; x_wconf 90' lang='lat' dir='ltr'><strong>impendi</strong></span> <span class='ocrx_word' id='word_1_459' title='bbox 874 2487 981 2518; x_wconf 78' lang='lat' dir='ltr'><strong>facere</strong></span> <span class='ocrx_word' id='word_1_460' title='bbox 995 2486 1065 2517; x_wconf 88' lang='lat' dir='ltr'><strong>suis</strong></span> <span class='ocrx_word' id='word_1_461' title='bbox 1080 2486 1286 2527; x_wconf 87' lang='lat' dir='ltr'><strong>sumptubus</strong></span> <span class='ocrx_word' id='word_1_462' title='bbox 1299 2490 1334 2517; x_wconf 90' lang='lat' dir='ltr'><strong>et</strong></span> <span class='ocrx_word' id='word_1_463' title='bbox 1349 2487 1512 2527; x_wconf 85' lang='lat' dir='ltr'><strong>expensis,</strong></span> <span class='ocrx_word' id='word_1_464' title='bbox 1528 2497 1566 2518; x_wconf 88' lang='lat' dir='ltr'><strong>ac</strong></span> <span class='ocrx_word' id='word_1_465' title='bbox 1581 2487 1702 2528; x_wconf 89' lang='lat' dir='ltr'><strong>imper-</strong></span> 
     </span>
     <span class='ocr_line' id='line_1_55' title="bbox 317 2527 1702 2571; baseline 0.003 -13"><span class='ocrx_word' id='word_1_466' title='bbox 317 2530 460 2568; x_wconf 86' lang='lat' dir='ltr'><strong>petuum</strong></span> <span class='ocrx_word' id='word_1_467' title='bbox 477 2527 511 2558; x_wconf 91' lang='lat' dir='ltr'><strong>in</strong></span> <span class='ocrx_word' id='word_1_468' title='bbox 528 2528 643 2559; x_wconf 83' lang='lat' dir='ltr'><strong>eadem</strong></span> <span class='ocrx_word' id='word_1_469' title='bbox 669 2529 802 2570; x_wconf 80' lang='lat' dir='ltr'><strong>Capella</strong></span> <span class='ocrx_word' id='word_1_470' title='bbox 826 2529 948 2561; x_wconf 85' lang='lat' dir='ltr'><strong>Divina</strong></span> <span class='ocrx_word' id='word_1_471' title='bbox 971 2530 1087 2562; x_wconf 80' lang='lat' dir='ltr'><strong>Officia</strong></span> <span class='ocrx_word' id='word_1_472' title='bbox 1110 2529 1226 2561; x_wconf 87' lang='lat' dir='ltr'><strong>audire</strong></span> <span class='ocrx_word' id='word_1_473' title='bbox 1248 2533 1284 2561; x_wconf 88' lang='lat' dir='ltr'><strong>et</strong></span> <span class='ocrx_word' id='word_1_474' title='bbox 1305 2529 1374 2561; x_wconf 90' lang='lat' dir='ltr'><strong>suis</strong></span> <span class='ocrx_word' id='word_1_475' title='bbox 1397 2531 1604 2571; x_wconf 88' lang='lat' dir='ltr'><strong>sumptubus</strong></span> <span class='ocrx_word' id='word_1_476' title='bbox 1620 2531 1702 2562; x_wconf 87' lang='lat' dir='ltr'><strong>cele-</strong></span> 
     </span>
     <span class='ocr_line' id='line_1_56' title="bbox 316 2569 1703 2614; baseline 0.004 -13"><span class='ocrx_word' id='word_1_477' title='bbox 316 2569 405 2601; x_wconf 87' lang='lat' dir='ltr'><strong>brari</strong></span> <span class='ocrx_word' id='word_1_478' title='bbox 427 2570 545 2611; x_wconf 82' lang='lat' dir='ltr'><strong>facere,</strong></span> <span class='ocrx_word' id='word_1_479' title='bbox 561 2572 741 2613; x_wconf 88' lang='lat' dir='ltr'><strong>omniaque</strong></span> <span class='ocrx_word' id='word_1_480' title='bbox 763 2576 799 2604; x_wconf 90' lang='lat' dir='ltr'><strong>et</strong></span> <span class='ocrx_word' id='word_1_481' title='bbox 820 2573 952 2614; x_wconf 86' lang='lat' dir='ltr'><strong>singula</strong></span> <span class='ocrx_word' id='word_1_482' title='bbox 974 2573 1190 2605; x_wconf 85' lang='lat' dir='ltr'><strong>Sacramenta</strong></span> <span class='ocrx_word' id='word_1_483' title='bbox 1205 2576 1241 2604; x_wconf 90' lang='lat' dir='ltr'><strong>et</strong></span> <span class='ocrx_word' id='word_1_484' title='bbox 1256 2573 1517 2605; x_wconf 66' lang='lat' dir='ltr'><strong>Sacramentalia</strong></span> <span class='ocrx_word' id='word_1_485' title='bbox 1536 2584 1556 2605; x_wconf 83' lang='lat' dir='ltr'><strong>a</strong></span> <span class='ocrx_word' id='word_1_486' title='bbox 1572 2574 1703 2606; x_wconf 80' lang='lat' dir='ltr'><strong>Vicario</strong></span> 
     </span>
     <span class='ocr_line' id='line_1_57' title="bbox 318 2613 1702 2658; baseline 0.003 -14"><span class='ocrx_word' id='word_1_487' title='bbox 318 2613 485 2654; x_wconf 88' lang='lat' dir='ltr'><strong>Perpetuo</strong></span> <span class='ocrx_word' id='word_1_488' title='bbox 500 2615 653 2655; x_wconf 89' lang='lat' dir='ltr'><strong>ejusdem</strong></span> <span class='ocrx_word' id='word_1_489' title='bbox 670 2616 816 2648; x_wconf 87' lang='lat' dir='ltr'><strong>Ecclesie</strong></span> <span class='ocrx_word' id='word_1_490' title='bbox 839 2617 898 2657; x_wconf 86' lang='lat' dir='ltr'><strong>qui</strong></span> <span class='ocrx_word' id='word_1_491' title='bbox 915 2627 974 2658; x_wconf 87' lang='lat' dir='ltr'><strong>pro</strong></span> <span class='ocrx_word' id='word_1_492' title='bbox 990 2620 1142 2658; x_wconf 87' lang='lat' dir='ltr'><strong>tempore</strong></span> <span class='ocrx_word' id='word_1_493' title='bbox 1156 2616 1270 2656; x_wconf 81' lang='lat' dir='ltr'><strong>fuerit,</strong></span> <span class='ocrx_word' id='word_1_494' title='bbox 1287 2617 1314 2648; x_wconf 87' lang='lat' dir='ltr'><strong>si</strong></span> <span class='ocrx_word' id='word_1_495' title='bbox 1326 2627 1364 2648; x_wconf 84' lang='lat' dir='ltr'><strong>ea</strong></span> <span class='ocrx_word' id='word_1_496' title='bbox 1375 2617 1422 2648; x_wconf 90' lang='lat' dir='ltr'><strong>ibi</strong></span> <span class='ocrx_word' id='word_1_497' title='bbox 1433 2628 1492 2658; x_wconf 91' lang='lat' dir='ltr'><strong>per</strong></span> <span class='ocrx_word' id='word_1_498' title='bbox 1506 2627 1542 2648; x_wconf 86' lang='lat' dir='ltr'><strong>se</strong></span> <span class='ocrx_word' id='word_1_499' title='bbox 1558 2618 1702 2650; x_wconf 87' lang='lat' dir='ltr'><strong>voluerit</strong></span> 
     </span>
     <span class='ocr_line' id='line_1_58' title="bbox 315 2656 1702 2702; baseline 0.004 -15"><span class='ocrx_word' id='word_1_500' title='bbox 315 2656 525 2696; x_wconf 53' lang='lat' dir='ltr'><strong>ministrnm</strong></span> <span class='ocrx_word' id='word_1_501' title='bbox 540 2658 698 2700; x_wconf 86' lang='lat' dir='ltr'><strong>alioquin,</strong></span> <span class='ocrx_word' id='word_1_502' title='bbox 715 2670 735 2691; x_wconf 90' lang='lat' dir='ltr'><strong>a</strong></span> <span class='ocrx_word' id='word_1_503' title='bbox 747 2659 928 2701; x_wconf 89' lang='lat' dir='ltr'><strong>Capellano</strong></span> <span class='ocrx_word' id='word_1_504' title='bbox 942 2660 1062 2691; x_wconf 89' lang='lat' dir='ltr'><strong>idoneo</strong></span> <span class='ocrx_word' id='word_1_505' title='bbox 1074 2659 1258 2692; x_wconf 83' lang='lat' dir='ltr'><strong>Parochiali</strong></span> <span class='ocrx_word' id='word_1_506' title='bbox 1269 2660 1393 2691; x_wconf 90' lang='lat' dir='ltr'><strong>ibidem</strong></span> <span class='ocrx_word' id='word_1_507' title='bbox 1406 2660 1604 2701; x_wconf 83' lang='lat' dir='ltr'><strong>celebrante,</strong></span> <span class='ocrx_word' id='word_1_508' title='bbox 1617 2662 1702 2702; x_wconf 89' lang='lat' dir='ltr'><strong>ipso-</strong></span> 
     </span>
     <span class='ocr_line' id='line_1_59' title="bbox 315 2696 1704 2744; baseline 0.003 -13"><span class='ocrx_word' id='word_1_509' title='bbox 315 2710 392 2731; x_wconf 88' lang='lat' dir='ltr'><strong>rum</strong></span> <span class='ocrx_word' id='word_1_510' title='bbox 403 2700 678 2742; x_wconf 80' lang='lat' dir='ltr'><strong>parochianorum</strong></span> <span class='ocrx_word' id='word_1_511' title='bbox 688 2703 1101 2744; x_wconf 86' lang='lat' dir='ltr'><strong>sumptubus,insolidum,</strong></span> <span class='ocrx_word' id='word_1_512' title='bbox 1112 2696 1314 2734; x_wconf 76' lang='lat' dir='ltr'><strong>in&#39;veniendo</strong></span> <span class='ocrx_word' id='word_1_513' title='bbox 1324 2706 1359 2735; x_wconf 88' lang='lat' dir='ltr'><strong>et</strong></span> <span class='ocrx_word' id='word_1_514' title='bbox 1368 2704 1577 2744; x_wconf 88' lang='lat' dir='ltr'><strong>sustinendo,</strong></span> <span class='ocrx_word' id='word_1_515' title='bbox 1587 2705 1630 2736; x_wconf 90' lang='lat' dir='ltr'><strong>ad</strong></span> <span class='ocrx_word' id='word_1_516' title='bbox 1641 2705 1704 2736; x_wconf 86' lang='lat' dir='ltr'><strong>hoc</strong></span> 
     </span>
     <span class='ocr_line' id='line_1_60' title="bbox 317 2744 1703 2788; baseline 0.004 -14"><span class='ocrx_word' id='word_1_517' title='bbox 317 2744 474 2784; x_wconf 87' lang='lat' dir='ltr'><strong>primitus</strong></span> <span class='ocrx_word' id='word_1_518' title='bbox 486 2744 528 2775; x_wconf 86' lang='lat' dir='ltr'><strong>ab</strong></span> <span class='ocrx_word' id='word_1_519' title='bbox 542 2745 615 2786; x_wconf 91' lang='lat' dir='ltr'><strong>ipso</strong></span> <span class='ocrx_word' id='word_1_520' title='bbox 626 2745 766 2786; x_wconf 87' lang='lat' dir='ltr'><strong>Vicario,</strong></span> <span class='ocrx_word' id='word_1_521' title='bbox 779 2746 814 2778; x_wconf 90' lang='lat' dir='ltr'><strong>in</strong></span> <span class='ocrx_word' id='word_1_522' title='bbox 827 2747 990 2788; x_wconf 86' lang='lat' dir='ltr'><strong>principio</strong></span> <span class='ocrx_word' id='word_1_523' title='bbox 1001 2746 1185 2788; x_wconf 85' lang='lat' dir='ltr'><strong>cujuslibet</strong></span> <span class='ocrx_word' id='word_1_524' title='bbox 1196 2747 1285 2786; x_wconf 84' lang='lat' dir='ltr'><strong>anni,</strong></span> <span class='ocrx_word' id='word_1_525' title='bbox 1298 2747 1487 2788; x_wconf 88' lang='lat' dir='ltr'><strong>specialiter</strong></span> <span class='ocrx_word' id='word_1_526' title='bbox 1499 2748 1703 2780; x_wconf 88' lang='lat' dir='ltr'><strong>licenciando</strong></span> 
     </span>
     <span class='ocr_line' id='line_1_61' title="bbox 317 2786 1702 2830; baseline 0.003 -12"><span class='ocrx_word' id='word_1_527' title='bbox 317 2790 362 2826; x_wconf 87' lang='lat' dir='ltr'><strong>et,</strong></span> <span class='ocrx_word' id='word_1_528' title='bbox 374 2786 475 2828; x_wconf 83' lang='lat' dir='ltr'><strong>juxta</strong></span> <span class='ocrx_word' id='word_1_529' title='bbox 485 2787 774 2821; x_wconf 88' lang='lat' dir='ltr'><strong>Constitucionem</strong></span> <span class='ocrx_word' id='word_1_530' title='bbox 782 2790 984 2830; x_wconf 85' lang='lat' dir='ltr'><strong>Synodalem</strong></span> <span class='ocrx_word' id='word_1_531' title='bbox 998 2790 1196 2822; x_wconf 77' lang='lat' dir='ltr'><strong>Exoniensis</strong></span> <span class='ocrx_word' id='word_1_532' title='bbox 1210 2790 1517 2829; x_wconf 87' lang='lat' dir='ltr'><strong>Diocesis,0fficiali</strong></span> <span class='ocrx_word' id='word_1_533' title='bbox 1531 2791 1702 2823; x_wconf 85' lang='lat' dir='ltr'><strong>Archidia-</strong></span> 
     </span>
     <span class='ocr_line' id='line_1_62' title="bbox 316 2830 1703 2874; baseline 0.004 -13"><span class='ocrx_word' id='word_1_534' title='bbox 316 2830 392 2862; x_wconf 88' lang='lat' dir='ltr'><strong>coni</strong></span> <span class='ocrx_word' id='word_1_535' title='bbox 406 2830 565 2862; x_wconf 83' lang='lat' dir='ltr'><strong>Tottonie</strong></span> <span class='ocrx_word' id='word_1_536' title='bbox 579 2832 756 2864; x_wconf 88' lang='lat' dir='ltr'><strong>annuatim</strong></span> <span class='ocrx_word' id='word_1_537' title='bbox 774 2834 1006 2874; x_wconf 68' lang='lat' dir='ltr'><strong>preswtando,</strong></span> <span class='ocrx_word' id='word_1_538' title='bbox 1024 2838 1065 2865; x_wconf 87' lang='lat' dir='ltr'><strong>ut</strong></span> <span class='ocrx_word' id='word_1_539' title='bbox 1079 2834 1246 2873; x_wconf 86' lang='lat' dir='ltr'><strong>convenit,</strong></span> <span class='ocrx_word' id='word_1_540' title='bbox 1264 2837 1299 2865; x_wconf 85' lang='lat' dir='ltr'><strong>et</strong></span> <span class='ocrx_word' id='word_1_541' title='bbox 1315 2834 1538 2866; x_wconf 81' lang='lat' dir='ltr'><strong>admittendo.</strong></span> <span class='ocrx_word' id='word_1_542' title='bbox 1584 2835 1703 2874; x_wconf 81' lang='lat' dir='ltr'><strong>Quem,</strong></span> 
     </span>
     <span class='ocr_line' id='line_1_63' title="bbox 315 2873 1705 2918; baseline 0.004 -14"><span class='ocrx_word' id='word_1_543' title='bbox 315 2878 427 2904; x_wconf 89' lang='lat' dir='ltr'><strong>tamen</strong></span> <span class='ocrx_word' id='word_1_544' title='bbox 431 2873 475 2913; x_wconf 89' lang='lat' dir='ltr'><strong>,si</strong></span> <span class='ocrx_word' id='word_1_545' title='bbox 484 2874 636 2916; x_wconf 79' lang='lat' dir='ltr'><strong>ydoneus</strong></span> <span class='ocrx_word' id='word_1_546' title='bbox 645 2875 759 2916; x_wconf 81' lang='lat' dir='ltr'><strong>fuerit,</strong></span> <span class='ocrx_word' id='word_1_547' title='bbox 770 2876 860 2908; x_wconf 87' lang='lat' dir='ltr'><strong>idem</strong></span> <span class='ocrx_word' id='word_1_548' title='bbox 872 2877 1024 2908; x_wconf 83' lang='lat' dir='ltr'><strong>Vicarius</strong></span> <span class='ocrx_word' id='word_1_549' title='bbox 1034 2877 1206 2908; x_wconf 89' lang='lat' dir='ltr'><strong>licenciare</strong></span> <span class='ocrx_word' id='word_1_550' title='bbox 1216 2882 1252 2908; x_wconf 86' lang='lat' dir='ltr'><strong>et</strong></span> <span class='ocrx_word' id='word_1_551' title='bbox 1260 2877 1441 2909; x_wconf 85' lang='lat' dir='ltr'><strong>admittere</strong></span> <span class='ocrx_word' id='word_1_552' title='bbox 1454 2881 1619 2918; x_wconf 85' lang='lat' dir='ltr'><strong>teneatur,</strong></span> <span class='ocrx_word' id='word_1_553' title='bbox 1627 2881 1705 2910; x_wconf 85' lang='lat' dir='ltr'><strong>cum</strong></span> 
     </span>
     <span class='ocr_line' id='line_1_64' title="bbox 315 2916 1706 2962; baseline 0.004 -15"><span class='ocrx_word' id='word_1_554' title='bbox 315 2916 363 2948; x_wconf 88' lang='lat' dir='ltr'><strong>sic</strong></span> <span class='ocrx_word' id='word_1_555' title='bbox 375 2921 587 2958; x_wconf 81' lang='lat' dir='ltr'><strong>presentatus</strong></span> <span class='ocrx_word' id='word_1_556' title='bbox 598 2922 634 2950; x_wconf 89' lang='lat' dir='ltr'><strong>et</strong></span> <span class='ocrx_word' id='word_1_557' title='bbox 648 2919 815 2951; x_wconf 83' lang='lat' dir='ltr'><strong>admissus</strong></span> <span class='ocrx_word' id='word_1_558' title='bbox 826 2920 942 2960; x_wconf 81' lang='lat' dir='ltr'><strong>fuerit,</strong></span> <span class='ocrx_word' id='word_1_559' title='bbox 953 2921 988 2952; x_wconf 89' lang='lat' dir='ltr'><strong>in</strong></span> <span class='ocrx_word' id='word_1_560' title='bbox 1002 2921 1117 2951; x_wconf 87' lang='lat' dir='ltr'><strong>eadem</strong></span> <span class='ocrx_word' id='word_1_561' title='bbox 1133 2919 1268 2960; x_wconf 81' lang='lat' dir='ltr'><strong>Capella</strong></span> <span class='ocrx_word' id='word_1_562' title='bbox 1283 2920 1429 2962; x_wconf 88' lang='lat' dir='ltr'><strong>recipere</strong></span> <span class='ocrx_word' id='word_1_563' title='bbox 1441 2924 1477 2952; x_wconf 91' lang='lat' dir='ltr'><strong>et</strong></span> <span class='ocrx_word' id='word_1_564' title='bbox 1489 2921 1620 2961; x_wconf 86' lang='lat' dir='ltr'><strong>habere,</strong></span> <span class='ocrx_word' id='word_1_565' title='bbox 1632 2931 1706 2952; x_wconf 87' lang='lat' dir='ltr'><strong>nec-</strong></span> 
     </span>
     <span class='ocr_line' id='line_1_65' title="bbox 316 2959 1709 3007; baseline 0.003 -16"><span class='ocrx_word' id='word_1_566' title='bbox 316 2969 383 2992; x_wconf 88' lang='lat' dir='ltr'><strong>non</strong></span> <span class='ocrx_word' id='word_1_567' title='bbox 399 2959 434 2992; x_wconf 84' lang='lat' dir='ltr'><strong>in</strong></span> <span class='ocrx_word' id='word_1_568' title='bbox 451 2961 568 2993; x_wconf 85' lang='lat' dir='ltr'><strong>eadem</strong></span> <span class='ocrx_word' id='word_1_569' title='bbox 584 2961 721 3005; x_wconf 83' lang='lat' dir='ltr'><strong>Capella</strong></span> <span class='ocrx_word' id='word_1_570' title='bbox 745 2966 782 2994; x_wconf 89' lang='lat' dir='ltr'><strong>et</strong></span> <span class='ocrx_word' id='word_1_571' title='bbox 808 2963 983 2996; x_wconf 83' lang='lat' dir='ltr'><strong>Cimiterio</strong></span> <span class='ocrx_word' id='word_1_572' title='bbox 1011 2963 1135 2996; x_wconf 89' lang='lat' dir='ltr'><strong>habere</strong></span> <span class='ocrx_word' id='word_1_573' title='bbox 1159 2963 1296 2996; x_wconf 87' lang='lat' dir='ltr'><strong>liberam</strong></span> <span class='ocrx_word' id='word_1_574' title='bbox 1315 2964 1536 3007; x_wconf 87' lang='lat' dir='ltr'><strong>sepulturam.</strong></span> <span class='ocrx_word' id='word_1_575' title='bbox 1589 2965 1709 3006; x_wconf 82' lang='lat' dir='ltr'><strong>Salvis,</strong></span> 
     </span>
    </p>
   </div>
  </div>
 </body>
</html>
