1988 3256
155 475 233 505 Λα).

155 510 261 573 Ῑνῧῶιζῐ.

153 1618 206 1645 fol.

153 1653 214 1679 uh.

482 373 774 410 REGISTRUM
810 374 1278 410 commune—Anno
1315 367 1377 412 2⁰.
1607 364 1703 408 245

307 480 458 522 [HantsL
483 484 518 514 et
540 482 640 524 petiit
662 493 697 515 se
720 482 848 515 absolvi
870 483 914 515 ab
937 481 1337 515 Excommunicacionum
1368 480 1555 513 Sentenciis
1577 479 1703 521 quibus

308 528 446 567 propter
474 524 692 559 violacionem
723 527 906 559 Libertatis
936 526 1052 559 Sancti
1082 525 1257 567 Stephani,
1289 525 1447 558 Civitatis
1476 523 1635 566 predicte,
1666 525 1704 555 et

307 569 464 611 capcione
479 570 656 611 presbiteri
678 571 874 612 supradicti,
899 571 1000 603 modo
1022 580 1090 612 quo
1112 570 1334 612 premittitur,
1352 579 1420 601 nna
1435 579 1513 600 cum
1528 568 1598 599 suis
1613 567 1648 599 in
1665 577 1703 599 ea

307 617 403 654 parte
419 614 646 655 complicibus,
663 615 779 646 extitit
801 615 984 646 innodatus
999 618 1034 646 et
1049 613 1361 646 excommunicatus
1384 612 1516 653 publice
1531 612 1566 644 in
1582 621 1703 653 genere

306 657 539 690 denunciatus.
598 659 653 698 Et,
670 662 804 700 recepto
817 659 860 690 ab
874 659 991 690 eodem
1015 657 1176 699 corporali
1195 656 1390 699 juramento
1406 656 1448 688 de
1464 656 1611 697 parendo
1633 655 1704 696 juri

306 703 343 732 et
357 702 479 733 stando
493 702 664 734 mandatis
679 702 835 742 Ecclesie,
848 713 886 734 ac
897 702 1129 744 perimplendo
1143 701 1368 743 penitenciam
1381 701 1446 732 sibi
1455 711 1515 741 pro
1530 699 1702 741 premissis

306 744 560 786 injungendam,
571 749 608 778 et
617 747 709 787 quod
724 746 767 778 de
779 751 888 778 cetero
899 746 1025 778 dictam
1039 746 1247 778 Libertatem
1258 745 1375 777 Sancti
1386 744 1551 785 Stephani
1562 743 1702 775 minime

306 788 454 829 violabit,
471 800 532 822 nec
546 790 734 831 permittet,
751 794 920 831 quatenus
942 790 1079 831 poterit,
1097 790 1132 822 in
1148 789 1262 831 aliquo
1276 789 1402 829 violari,
1419 799 1480 820 nec
1503 787 1700 819 violenciam

304 832 513 874 hujusmodi,
529 837 591 866 aut
605 833 765 875 injuriam
782 834 934 875 predicto
949 834 1135 875 presbitero
1150 833 1289 873 illatam,
1307 832 1483 875 quibusvis
1506 830 1700 873 presbiteris

305 886 372 908 non
388 880 561 918 presumet
582 877 690 909 facere
705 878 740 909 in
755 878 940 918 futurum3
962 878 1056 918 item,
1081 877 1173 919 quod
1196 877 1304 908 eidem
1327 876 1514 918 presbitero
1536 874 1700 916 injuriam

304 931 401 961 passo
416 921 608 962 satisfaciet,
626 925 667 953 nt
682 925 818 953 tenetur
834 930 842 958 ;
865 933 924 962 per
940 922 1125 953 Dominum
1149 921 1239 952 idem
1262 920 1435 953 Johannes
1451 923 1545 959 tunc,
1562 918 1698 957 ibidem,

303 964 422 996 extitit
435 965 611 997 absolutus
626 966 661 997 in
677 965 786 997 forma
802 965 947 997 Ecclesie
963 969 1132 1004 consueta,
1149 968 1184 996 et
1199 964 1386 1006 reportavit
1401 964 1531 995 Literas
1546 963 1698 994 testimo·

303 1008 409 1040 niales
423 1019 525 1050 super
540 1009 604 1041 hiis
620 1010 758 1050 clausas,
774 1010 938 1051 Magistro
955 1010 1006 1041 W.
1023 1008 1273 1041 Tuddeworthe
1288 1008 1444 1047 directas,
1462 1008 1606 1039 formam
1631 1016 1699 1047 que

301 1052 456 1094 sequitur
470 1053 737 1093 continentes,—

262 1095 405 1128 Domine
421 1099 456 1128 et
471 1096 588 1129 Amice
604 1097 980 1138 precarissime,—Cum
996 1097 1135 1139 quidam
1158 1096 1331 1129 Johannes
1354 1095 1397 1127 de
1421 1093 1632 1135 Canterbyri,
1656 1094 1699 1125 de

306 1140 454 1172 Civitate
472 1141 662 1181 Exoniensi,
679 1142 720 1173 ad
738 1141 943 1182 presenciam
966 1144 1117 1172 nostram
1141 1140 1326 1180 accesserit,
1342 1142 1415 1171 tam
1432 1150 1492 1180 pro
1515 1137 1698 1170 violacione

307 1183 490 1216 Libertatis
506 1185 623 1217 Sancti
648 1185 811 1226 Stephani
832 1196 934 1226 quam
959 1185 1113 1216 horribili
1123 1187 1159 1216 et
1169 1184 1316 1215 violenta
1328 1193 1492 1214 manuum
1502 1181 1697 1224 injeccione,

306 1238 365 1268 per
379 1228 502 1269 ipsum,
518 1228 607 1260 inter
623 1229 714 1268 alios,
730 1229 765 1260 in
782 1229 968 1260 Dominum
991 1229 1183 1260 Johannem
1209 1229 1306 1269 Eyre,
1330 1227 1566 1268 presbiterum,
1583 1225 1696 1266 ipsum

305 1271 476 1312 capiendo,
500 1273 686 1313 tractando,
703 1276 739 1304 et
761 1273 1007 1312 incarcerando,
1023 1283 1061 1304 ac
1082 1283 1142 1313 per
1166 1272 1350 1304 Civitatem
1373 1270 1570 1312 predictam,
1586 1270 1622 1300 in
1639 1270 1694 1300 de-

306 1319 423 1356 spectu
439 1316 548 1348 tocius
564 1316 699 1349 Ordinis
724 1316 902 1356 clericalis,
918 1317 1066 1358 quodam
1088 1316 1143 1347 die
1166 1315 1306 1348 Sabbati
1327 1314 1462 1356 publice
1483 1314 1519 1345 in
1541 1314 1614 1344 foro
1630 1315 1695 1344 tra-

306 1358 427 1398 hendo,
444 1360 603 1399 fugando,
619 1363 655 1392 et
669 1360 838 1401 agitando,
854 1371 915 1401 pro
931 1363 1076 1401 utroque
1098 1359 1222 1391 delicto
1245 1358 1445 1390 beneficium
1460 1356 1696 1389 Absolucionis

306 1413 325 1433 a
341 1403 436 1434 nobis
454 1403 628 1435 humiliter
649 1404 785 1445 petierit
802 1415 810 1443 ;
833 1414 904 1444 nos,
916 1402 1114 1445 juramento
1129 1403 1172 1434 ab
1187 1403 1306 1435 eodem
1321 1402 1356 1433 in
1372 1402 1480 1433 forma
1499 1401 1586 1443 juris
1603 1400 1696 1442 prius

307 1450 449 1487 recepto,
466 1450 502 1478 ct
517 1448 607 1489 quod
626 1458 801 1489 nunquam
818 1448 965 1489 prefatas
980 1447 1095 1480 Sancti
1112 1447 1276 1488 Stephani
1293 1446 1492 1484 Libertates,
1512 1455 1571 1486 per
1586 1455 1621 1476 se
1637 1455 1694 1476 seu

306 1496 365 1530 per
381 1490 472 1530 alios,
489 1491 628 1523 violabit
642 1491 875 1533 quovismodo,
893 1494 946 1523 set
960 1491 1033 1523 aliis
1049 1491 1182 1522 easdem
1206 1490 1329 1522 violare
1351 1489 1554 1528 volentibus,
1577 1491 1695 1530 quate-

307 1544 371 1565 nus
387 1535 420 1565 in
437 1545 476 1566 eo
492 1538 544 1566 est
559 1535 612 1566 vel
635 1535 708 1575 erit,
733 1546 794 1576 pro
817 1535 945 1567 viribus
967 1535 1037 1566 suis
1060 1534 1344 1576 impedimentum
1367 1533 1532 1574 prestabit
1547 1532 1582 1563 in
1598 1532 1694 1564 futu-

307 1588 392 1615 rum,
421 1581 456 1609 et
478 1579 636 1610 emendas
660 1589 719 1620 per
741 1579 918 1610 arbitrium
943 1581 1095 1610 vestrum
1119 1582 1154 1610 et
1177 1577 1331 1619 Magistri
1347 1577 1512 1609 Johannis
1530 1574 1690 1616 Wyliete,

309 1621 505 1654 Cancellarii
521 1622 667 1654 Ecclesie
683 1626 797 1654 nostre
813 1622 1011 1654 Exoniensis
1027 1622 1219 1664 prescripta
1234 1622 1464 1659 moderandas,
1477 1619 1585 1651 eidem
1600 1620 1694 1651 Pres-

307 1665 426 1705 bitero,
443 1666 489 1697 sic
504 1666 665 1707 injuriam
681 1677 788 1707 passo,
804 1677 865 1708 pro
880 1677 1021 1707 persona
1037 1677 1097 1698 sua
1112 1665 1215 1698 faciet
1230 1667 1463 1706 competenter
1480 1675 1487 1702 ;
1510 1663 1623 1704 ipsum
1635 1664 1692 1695 Jo-

305 1709 453 1741 hannem
480 1710 522 1741 de
548 1710 776 1752 Caunterbyri
797 1710 1013 1750 absolvimus,
1037 1713 1073 1742 et
1095 1709 1303 1751 penitencias
1326 1708 1568 1748 infrascriptas,
1592 1710 1696 1748 prout

304 1753 401 1784 nobis
417 1754 597 1785 videbatur
612 1754 803 1795 expediens,
818 1754 1032 1795 injunximus
1047 1754 1213 1785 salutares
1230 1763 1238 1792 ;
1261 1752 1428 1792 videlicet,
1444 1751 1537 1793 quod
1552 1761 1613 1792 pro
1625 1751 1692 1783 vio-

305 1796 432 1829 lacione
443 1797 626 1830 Libertatis
642 1798 758 1830 Sancti
771 1798 946 1839 Stephani,
957 1798 992 1830 in
1009 1797 1162 1839 proximo
1179 1798 1242 1829 Die
1259 1796 1435 1828 Dominico
1450 1806 1518 1836 quo
1533 1795 1623 1826 idem
1635 1795 1657 1827 J
1659 1806 1692 1826 o-

304 1840 433 1873 hannes
458 1841 501 1872 de
529 1841 731 1883 Canterbyri
757 1842 865 1874 fuerit
890 1842 926 1873 in
951 1842 1102 1874 Civitate
1129 1841 1321 1880 Exoniensi,
1346 1840 1412 1872 ibit
1435 1839 1479 1871 ad
1510 1838 1693 1871 Ecclesiam

305 1884 422 1916 Sancti
437 1885 612 1926 Stephani,
628 1885 700 1917 sine
715 1885 862 1927 capucio,
885 1896 979 1925 zona,
1002 1888 1038 1917 et
1062 1885 1234 1924 mantello,
1250 1887 1286 1916 et
1306 1884 1351 1915 ad
1373 1883 1532 1924 Magnam
1548 1883 1693 1915 Crucem

303 1927 337 1959 in
353 1929 470 1960 eadem
487 1929 634 1961 Ecclesia.
649 1929 823 1961 candelam
846 1939 921 1961 cere
943 1929 1102 1970 ponderis
1125 1929 1265 1960 dimidie
1287 1928 1382 1967 libre,
1399 1927 1490 1959 inter
1513 1926 1692 1958 Missarum

305 1972 500 2013 solempnia,
517 1973 638 2005 offerat
653 1984 731 2005 cum
747 1973 892 2010 effectu;
917 1978 954 2005 et
969 1974 1071 2014 quod,
1089 1983 1150 2014 pro
1166 1973 1314 2004 violenta
1328 1981 1493 2003 manuum
1508 1970 1693 2011 injeccione

303 2015 338 2047 in
355 2016 527 2057 prefatum
544 2017 786 2056 Presbiterum,
805 2017 959 2058 proximo
975 2017 1029 2048 die
1045 2016 1185 2049 Sabbati
1207 2026 1275 2056 quo
1298 2015 1404 2047 fuerit
1419 2015 1452 2046 in
1470 2014 1588 2046 eadem
1605 2014 1692 2046 Civi-

303 2062 386 2097 tate,
403 2064 480 2101 post
495 2063 611 2092 ortum
627 2061 714 2100 solis,
731 2061 868 2092 accedat
883 2061 927 2092 ad
941 2061 1053 2092 locum
1068 2061 1104 2092 in
1120 2071 1188 2101 quo
1202 2060 1292 2091 idem
1309 2059 1477 2100 presbiter
1490 2058 1605 2090 fuerat
1616 2068 1690 2099 cap-

303 2106 370 2143 tus,
387 2107 423 2136 et
437 2104 569 2141 abhinc,
585 2105 657 2136 sine
672 2105 818 2146 capucio,
835 2115 928 2144 zona,
951 2107 987 2136 et
1010 2104 1182 2143 mantello,
1199 2114 1306 2144 usque
1320 2102 1364 2134 ad
1379 2112 1546 2134 carcerem
1565 2101 1600 2133 in
1625 2112 1693 2143 quo

303 2147 393 2179 idem
412 2148 584 2180 Presbiter
599 2148 836 2187 incarceratus,
852 2158 930 2180 cum
945 2148 1085 2180 candela
1100 2158 1174 2179 cere
1190 2147 1348 2188 ponderis
1364 2146 1465 2178 unius
1480 2146 1566 2177 libre
1582 2148 1690 2177 transss

303 2191 368 2222 ibit
382 2202 390 2230 ;
412 2194 449 2223 et
463 2192 507 2223 ab
522 2192 640 2223 eodem
662 2203 803 2231 carcere,
819 2192 963 2233 publice,
979 2192 1096 2223 eadem
1113 2191 1196 2223 hora
1211 2191 1287 2230 diei,
1303 2193 1340 2222 et
1361 2201 1422 2231 per
1435 2190 1578 2221 eandem
1601 2189 1691 2221 viam

303 2245 363 2275 per
378 2245 480 2276 quam
502 2235 592 2267 idem
618 2236 789 2267 Presbiter
810 2236 924 2267 fuerat
945 2235 1071 2267 ductus
1093 2245 1201 2276 usque
1222 2235 1266 2266 ad
1290 2235 1428 2266 Portam
1452 2233 1610 2265 Civitatis
1633 2233 1692 2264 ubi

301 2278 392 2310 idem
407 2279 581 2319 presbiter,
598 2289 659 2320 per
669 2280 815 2311 factores
830 2279 1027 2320 hujusmodi
1042 2279 1176 2311 sceleris
1198 2282 1272 2310 erat
1287 2277 1455 2317 dimissus,
1472 2287 1550 2309 cum
1572 2277 1691 2308 eadem

303 2322 441 2353 candela
455 2327 492 2355 et
507 2323 607 2355 modo
623 2323 785 2364 predicto,
802 2333 840 2354 ac
856 2323 899 2355 ab
915 2323 1031 2354 eadem
1049 2324 1152 2354 Porta
1169 2333 1275 2364 usque
1289 2322 1333 2353 ad
1350 2322 1510 2362 Magnum
1523 2320 1640 2352 Altare
1655 2321 1692 2352 in

305 2366 451 2397 Ecclesia
466 2370 582 2398 nostra
598 2366 804 2407 Cathedrali,
821 2377 883 2407 per
903 2367 993 2398 viam
1016 2377 1119 2408 quam
1142 2366 1280 2398 duxerit
1302 2365 1502 2406 eligendam,
1519 2364 1690 2404 transibit,

301 2409 427 2441 ibidem
442 2410 615 2442 candelam
631 2411 818 2452 predictam
832 2410 923 2442 infra
938 2410 1117 2442 Missamm
1133 2409 1318 2451 solempnia
1332 2408 1514 2440 offerendo.
1564 2408 1688 2440 Vosin-

301 2456 434 2485 stanter
448 2464 606 2495 rogamus
621 2454 783 2495 quatinus
798 2454 946 2495 aliquem
963 2454 1199 2494 presbiterum,
1216 2464 1275 2485 seu
1291 2453 1450 2485 clericum
1465 2454 1628 2491 vestrum,
1646 2452 1690 2484 ad

303 2496 367 2528 hoc
383 2497 556 2536 idoneum,
574 2498 762 2539 disponatis
783 2498 827 2529 ad
842 2498 1130 2538 supervidendum
1145 2508 1188 2529 an
1204 2495 1394 2539 penitencia
1409 2496 1518 2527 eidem
1533 2495 1690 2536 injuncta

302 2539 449 2573 fideliter
463 2551 524 2582 per
538 2541 648 2582 ipsum
660 2541 844 2582 impleatur
859 2552 868 2579 3
891 2552 1020 2583 nosque
1035 2542 1078 2573 de
1092 2545 1167 2573 toto
1182 2541 1272 2573 facto
1287 2551 1349 2572 suo
1363 2540 1399 2571 in
1414 2540 1477 2571 bac
1492 2542 1600 2581 parte,
1625 2539 1690 2571 sub

302 2583 410 2624 sigillo
445 2587 567 2624 vestro,
600 2585 806 2626 quamcicius
840 2586 1014 2617 commode
1048 2585 1213 2627 poteritis,
1244 2583 1630 2616 certificando.—Dated
1652 2586 1689 2615 at

299 2627 488 2669 Faringdon
506 2628 654 2668 (Hanni),
671 2630 712 2660 28
729 2629 803 2661 Oct.

257 2670 401 2710 —Item‚
425 2672 495 2713 xxij
519 2672 574 2704 die
597 2672 721 2704 mensis
743 2671 954 2711 Novembris,
977 2670 1069 2712 apud
1098 2670 1304 2708 Farendone,
1328 2668 1446 2702 Simon
1469 2669 1630 2701 Grandon
1652 2672 1690 2702 et

303 2714 468 2746 Ricardus
482 2716 647 2757 Medwyn,
661 2716 877 2755 Exonienses,
887 2714 1036 2746 absoluti
1045 2714 1188 2745 fuerunt
1202 2723 1260 2754 per
1271 2713 1456 2744 Dominum
1468 2723 1488 2744 a
1500 2713 1689 2745 Sentenciis

302 2758 505 2799 supradictis
522 2770 530 2798 3
552 2763 689 2801 recepto
704 2759 798 2801 prius
813 2759 857 2791 ab
873 2769 990 2791 eorum
1013 2758 1167 2799 quolibet
1187 2756 1383 2798 juramento
1404 2756 1577 2799 corporali,
1602 2760 1662 2789 etc.

257 2812 490 2852 Montacute
511 2814 647 2865 Priory
655 2827 666 2862 3
687 2813 914 2854 Commissio
932 2826 1044 2862 super
1062 2811 1301 2850 conservacia
1318 2811 1475 2849 Prioris
1493 2811 1539 2848 de
1559 2811 1690 2850 Monte

311 2873 490 2913 acuto,—

259 2920 414 2961 Thomas,
430 2924 505 2961 etc„
521 2921 543 2954 J
546 2921 660 2953 urium
676 2924 713 2954 et
729 2921 986 2963 Privilegiorum
1001 2920 1176 2962 Religiosis
1191 2919 1289 2958 Viris,
1302 2919 1430 2951 Abbati
1444 2925 1482 2951 et
1497 2918 1690 2951 Conventui

301 2964 499 2997 Monasterii
523 2965 761 3005 cluniacensis,
777 2976 908 2998 necnon
931 2964 1133 3003 Abbatibus,
1150 2963 1333 3002 Prioribus,
1350 2963 1504 3003 Decanis,
1519 2967 1557 2996 et
1572 2974 1688 2995 eorum

304 3007 549 3041 Conventubus
574 3008 804 3041 Cluniacensis
828 3009 973 3048 Ordinis,
1001 3019 1021 3040 a
1047 3007 1135 3040 Sede
1159 3007 1353 3048 Apostolica
1376 3006 1598 3047 indultorum,
1624 3017 1693 3039 una
