1988 3256
283 342 379 391 2⁹70

277 457 316 484 A.
321 457 359 484 D.

279 490 355 518 1372.

278 525 342 552 vol.
357 525 382 552 1.

278 558 327 586 fol.
340 560 382 586 22.

275 2225 337 2258 [fol.

274 2261 331 2291 23.1

472 357 572 390 THE
607 356 853 390 REGISTER
888 356 950 389 OF
985 355 1164 389 BISHOP
1199 355 1612 393 BRANTYNGHAM.

388 462 487 501 Item,
503 461 593 502 apud
611 460 769 493 Sanctam
787 459 963 491 Mabenam
980 458 1042 499 [St.
1059 457 1209 500 Mabyn}
1226 457 1332 500 xiiijto
1347 459 1401 491 die
1415 459 1498 492 dicti
1512 460 1646 499 mensis,
1665 459 1819 502 Regina]-

430 505 494 537 dus
511 505 655 545 Heligan
672 507 707 536 et
723 503 797 545 ejus
814 514 898 535 uxor
914 503 1109 535 habuerunt
1124 502 1331 534 consimilem
1356 503 1542 536 Licenciam
1557 504 1592 536 in
1608 504 1743 546 Capella
1759 514 1821 536 sua

428 551 471 582 de
489 549 643 590 Heligan,
661 558 719 589 per
734 558 871 579 annum.

388 605 652 656 Illegitimacy
670 618 680 651 3
709 602 1092 652 Dispensaciones,-

388 662 429 694 In
453 661 573 692 favour
596 659 631 691 of
652 659 743 691 John
767 658 906 698 Tregeu,
929 656 1029 696 clerk,
1055 656 1128 688 “de
1151 656 1262 687 soluto
1284 656 1419 697 genitus
1442 659 1477 688 et
1499 656 1641 688 soluta”
1658 656 1817 698 (Penryn,

387 704 722 789 —ss’l‘iil'ilggaunden
739 745 877 784 scholar,
896 744 914 759 “
927 743 1082 775 similiter
1095 743 1114 756 ”
1131 743 1346 784 (Lawhitton,
1365 745 1405 775 16
1421 744 1443 776 J
1447 743 1530 786 uly).

386 792 575 823 —William
594 791 755 830 Couraye,
772 789 911 827 scholar,
932 787 1117 819 “similiter
1131 787 1148 800 '¹
1166 787 1354 828 (Wyke-St.
1372 787 1479 830 Mary,
1499 789 1539 820 19
1556 788 1577 820 J
1581 788 1662 830 uly).

388 850 425 887 M
432 845 657 886 atrimonial
673 859 683 892 ;
713 844 962 892 Dispensat-io
982 842 1145 880 Domini
1165 842 1370 891 Radulpki
1390 842 1632 892 Carmynow,
1655 843 1814 889 Militis,

440 909 474 941 et
494 900 681 939 Katerine
710 899 923 945 Wodelond‚
946 900 1024 946 ejus
1042 898 1184 943 uxoris,
1202 897 1246 934 in
1263 897 1392 944 yradu
1410 910 1435 935 a
1444 899 1537 946 jure
1549 898 1758 946 prohibito,
1770 920 1816 926 --

386 956 552 990 Omnibus
569 964 714 996 quorum
731 953 884 992 in'terest,
902 963 960 983 seu
978 952 1139 983 interesse
1161 951 1294 992 poterit,
1311 951 1346 982 in
1362 951 1424 982 hac
1441 955 1546 992 purte,
1566 952 1721 990 Thomas,
1741 954 1815 992 etc„

428 1001 582 1038 salutem,
600 997 765 1030 etc.-—Ex
781 997 888 1028 Officii
911 996 1017 1027 nostri
1040 995 1136 1026 nobis
1158 995 1325 1026 commissi
1339 995 1465 1033 debito,
1483 995 1648 1027 Diocesim
1666 998 1816 1027 nostram

428 1043 653 1076 Exoniensem
679 1040 856 1073 actualiter
882 1040 1069 1079 visitantes,
1097 1039 1214 1070 eadem
1238 1038 1440 1070 Visitacione
1470 1038 1615 1070 durante
1642 1039 1816 1070 detectum

429 1091 502 1120 erat
516 1096 626 1119 coram
642 1085 738 1117 nobis
761 1087 795 1116 et
817 1084 969 1115 delatum
991 1083 1082 1124 quod
1106 1082 1236 1114 Nobilis
1252 1082 1320 1122 Vir,
1338 1082 1504 1113 Dominus
1522 1082 1720 1123 Radulphus
1737 1082 1816 1114 cur-

428 1141 592 1174 mynowe,
616 1129 722 1168 Miles,
746 1131 782 1160 et
806 1128 968 1159 Katerina
995 1126 1187 1166 Wodelond‚
1211 1125 1365 1167 ejusdem
1392 1125 1550 1165 Diocesis,
1567 1126 1815 1167 consanguinei,

428 1173 682 1208 matrimonium
700 1172 884 1203 adinvicem
901 1173 1151 1209 contraxerunt,
1168 1173 1203 1201 et
1218 1170 1303 1200 illud
1319 1169 1354 1200 in
1370 1169 1453 1200 facie
1478 1169 1622 1201 Ecclesie
1637 1169 1815 1211 solempni-

429 1220 496 1252 zari
511 1219 735 1260 procurarunt
749 1219 784 1247 et
800 1216 963 1254 fecerunt,
981 1217 1016 1245 et
1031 1218 1195 1254 tanquam
1213 1213 1263 1244 vir
1277 1216 1313 1244 et
1330 1223 1413 1244 uxor
1428 1213 1675 1252 cohabitarunt,
1689 1213 1723 1244 in
1736 1223 1814 1245 casu

429 1274 449 1295 a
463 1264 539 1305 jure
555 1271 621 1293 non
639 1260 799 1302 permisso
813 1270 821 1297 ;
845 1269 946 1299 super
961 1257 1086 1299 quibus
1099 1258 1233 1288 eosdem
1257 1256 1476 1297 Radulphum
1491 1260 1526 1288 et
1542 1257 1740 1288 Katerinam
1762 1267 1814 1289 co-

429 1317 501 1339 ram
517 1305 613 1337 nobis
629 1304 770 1336 fecimus
781 1304 828 1341 ,ad
843 1302 1009 1344 judicium
1023 1301 1162 1333 evocari.
1207 1299 1300 1340 Pars,
1325 1310 1411 1340 vero,
1435 1300 1598 1341 ipsorum,
1616 1311 1676 1342 pro
1691 1300 1814 1342 justifi-

429 1350 561 1383 cacione
577 1348 815 1390 predictorum,
833 1346 962 1378 Literas
987 1344 1278 1383 Reverendissimi,
1304 1346 1382 1384 etc„
1408 1344 1545 1375 Domini
1560 1344 1717 1384 Simonis,
1735 1344 1814 1376 Car-

430 1394 552 1426 dinalis
574 1391 788 1432 infrascripti,
813 1391 855 1422 de
878 1390 980 1421 verbo
1003 1389 1045 1420 ad
1068 1388 1210 1420 verbum
1233 1391 1384 1419 tenorem
1408 1388 1467 1428 qui
1490 1388 1646 1429 sequitur
1661 1388 1817 1420 exhibuit

432 1435 826 1476 continentes‚—Simon‚
851 1432 1066 1465 miseracione
1091 1432 1214 1463 Divina
1235 1431 1342 1462 Tituli
1366 1431 1481 1463 Sancti
1504 1432 1593 1463 Sixti
1616 1432 1738 1464 Sancte
1754 1432 1816 1464 Ro-

430 1492 528 1513 mane
545 1479 690 1512 Ecclesie
707 1478 874 1510 Presbiter
891 1476 1088 1512 Cardinalis,
1101 1480 1175 1515 etc„
1192 1475 1305 1506 Nobili
1317 1475 1399 1507 Viro
1413 1475 1589 1516 Radulpho
1606 1476 1817 1517 Carmynow,

431 1525 542 1566 Militi,
559 1535 597 1556 ac
612 1523 726 1555 Nobili
742 1521 887 1560 Mulieri,
906 1520 1067 1552 Katerine
1082 1519 1275 1558 Wodelond‚
1292 1519 1447 1558 salutem,
1463 1519 1715 1551 etc—Romani
1732 1519 1816 1551 Pon-

430 1570 530 1601 tificis
546 1567 727 1610 precellens
743 1565 906 1597 autoritas
921 1574 1074 1596 concessa
1089 1563 1152 1595 sibi
1168 1563 1311 1603 desuper
1333 1566 1511 1604 potestate,
1525 1566 1598 1594 tam
1613 1573 1672 1604 per
1686 1573 1731 1603 se,
1744 1565 1816 1594 tam

431 1613 603 1645 interdum
621 1621 680 1652 per
695 1610 776 1641 alios
791 1609 825 1640 in
842 1619 927 1650 quos
950 1610 1153 1649 potestatem
1177 1617 1244 1648 quo
1266 1606 1308 1638 ad
1332 1606 1444 1647 aliqua
1459 1617 1520 1648 pro
1535 1611 1686 1648 tempore
1708 1610 1815 1638 trans-

430 1656 547 1689 fundit
563 1655 712 1694 eandem,
729 1653 871 1694 rigorem
887 1652 1047 1684 continue
1063 1650 1322 1682 mansuetudine
1337 1650 1565 1691 temperando,
1576 1650 1697 1690 utitur,
1714 1653 1816 1692 prout

430 1701 465 1733 id
490 1701 524 1732 in
552 1701 623 1731 Deo
649 1697 835 1729 condicioni
859 1700 895 1728 et
921 1695 1023 1727 saluti
1049 1704 1266 1736 personarum
1297 1694 1447 1725 noscitur
1476 1694 1618 1726 feliciter
1648 1693 1814 1735 expedire.

430 1745 517 1777 Sane
546 1742 728 1775 Peticionis
752 1743 871 1779 vestre,
892 1750 952 1781 pro
978 1742 1073 1780 parte
1095 1741 1206 1769 vestra
1233 1737 1329 1769 nobis
1352 1737 1473 1778 oblate,
1498 1738 1599 1769 series
1621 1737 1817 1769 continebat

428 1789 530 1830 quod,
554 1797 614 1828 pro
635 1786 823 1817 multorum
846 1783 995 1816 utilitate
1018 1786 1054 1814 et
1075 1781 1202 1814 salubri
1223 1781 1397 1813 concordia
1419 1784 1452 1813 et
1476 1781 1625 1813 amicicia
1640 1781 1818 1823 utriusque

429 1835 579 1864 vestrum
603 1832 795 1871 parentum,
822 1827 1154 1868 consanguineorum,
1180 1828 1216 1857 et
1238 1825 1341 1856 eciam
1372 1825 1556 1856 amicorum
1583 1826 1815 1857 communium

430 1874 673 1912 conservandis,
698 1872 776 1909 fuit,
800 1881 867 1903 non
891 1871 961 1902 sine
984 1869 1094 1901 multa
1115 1868 1338 1910 providencia,
1363 1872 1605 1910 pertractatum
1629 1870 1720 1910 quod
1743 1879 1813 1907 vos,

429 1920 489 1961 qui
505 1918 585 1951 estis
601 1919 721 1959 quarto
737 1914 1037 1955 consanguinitatis
1053 1924 1093 1944 ex
1117 1923 1184 1944 uno
1205 1912 1317 1952 latere,
1335 1915 1370 1944 et
1390 1912 1494 1944 tercio
1509 1913 1552 1943 ab
1566 1912 1640 1952 alio,
1657 1912 1816 1953 gradibus

428 1961 610 2005 conjuncti,
625 1959 882 2002 Dispensacione
895 1961 1007 1990 tamen
1022 1957 1117 1989 Sedis
1133 1956 1322 1997 Apostolice
1335 1956 1473 1987 minime
1483 1967 1582 1997 super
1591 1956 1653 1987 hoc
1666 1956 1816 1996 obtenta,

428 2005 682 2039 matrimonium
706 2003 849 2035 invicem
872 2000 1096 2034 contraxistis.
1144 2000 1375 2039 Postmodum,
1399 2010 1485 2039 vem,
1502 2001 1545 2031 ad
1566 2003 1718 2031 vestrum
1742 2010 1813 2041 per—

429 2051 524 2082 venit
535 2049 690 2081 auditum
703 2047 794 2088 quod
810 2045 1007 2087 hujusmodi
1022 2044 1286 2082 matrimonium,
1298 2043 1386 2075 sicut
1398 2043 1582 2084 predicitur
1593 2045 1815 2083 contractum,

428 2095 518 2127 licite
530 2103 700 2125 remanere
716 2094 751 2122 et
766 2090 812 2122 sic
827 2094 916 2121 stare
931 2089 1002 2120 sine
1019 2088 1113 2120 Sedis
1128 2087 1318 2128 Apostolice
1334 2087 1591 2128 Dispensacione
1601 2087 1734 2128 speciali
1747 2097 1814 2119 non

428 2140 571 2180 poterat,
588 2146 696 2177 neque
712 2137 870 2176 potuerat
883 2144 892 2173 ;
916 2132 1006 2164 unde
1021 2131 1118 2163 nobis
1133 2141 1193 2171 pro
1217 2134 1311 2171 parte
1331 2137 1446 2162 vvestra
1462 2130 1530 2162 fuit
1545 2130 1720 2163 humiliter
1734 2140 1812 2172 sup-

428 2183 590 2223 plicatum
619 2183 659 2211 ut
688 2178 859 2210 vobiscum
886 2187 986 2218 super
1012 2174 1181 2217 premissis
1207 2174 1249 2206 de
1273 2178 1440 2216 oportuno
1466 2174 1614 2205 remedio
1640 2174 1815 2215 providere

433 2226 661 2267 dignaremur.
710 2222 791 2260 Nos,
811 2221 925 2262 igitur,
942 2231 962 2251 a
985 2219 1202 2251 Sanctissimo
1225 2222 1302 2258 etc„
1327 2218 1472 2249 Domino
1496 2218 1664 2259 Gregorio,
1690 2217 1815 2250 Divina

434 2267 651 2301 Providencia
667 2267 757 2307 Papa
779 2265 856 2304 XI0,
873 2265 933 2305 qui
955 2273 1016 2295 nos
1038 2263 1081 2294 ad
1105 2262 1243 2294 Francie
1258 2265 1293 2293 et
1315 2262 1435 2303 Anglie
1459 2262 1585 2302 Regna,
1600 2272 1660 2303 pro
1683 2261 1813 2303 magnis

427 2316 462 2345 et
477 2312 590 2344 arduis
608 2310 762 2351 negociis,
779 2308 951 2340 Nuncium
975 2306 1206 2348 Apostolicum
1231 2306 1420 2346 deputavit,
1436 2306 1551 2337 volens
1576 2309 1725 2337 nostram
1753 2305 1811 2337 ho-

427 2367 544 2389 norare
561 2364 735 2397 personam
752 2363 811 2394 per
826 2352 986 2383 honorem
1003 2349 1200 2392 hujusmodi
1215 2349 1310 2380 nobis
1327 2349 1526 2387 exhibitum,
1544 2359 1724 2391 possumus
1739 2349 1812 2381 aliis

427 2401 569 2433 existere
585 2397 734 2439 graciosi,
753 2395 969 2438 dispensandi
992 2404 1070 2425 cum
1087 2393 1153 2425 illis
1169 2393 1227 2434 qui
1244 2396 1365 2434 quarto
1380 2403 1421 2424 ex
1437 2403 1506 2425 uno
1521 2396 1555 2424 et
1572 2392 1675 2424 tercio
1690 2392 1733 2424 ab
1747 2393 1812 2424 alio

424 2445 529 2476 latere
551 2442 710 2484 gradibus
732 2438 1032 2481 consanguinitatis
1054 2437 1196 2468 invicem
1220 2447 1255 2468 se
1278 2436 1463 2477 attingunt,
1487 2436 1557 2477 [ut]
1579 2436 1718 2478 possint,
1741 2446 1809 2468 nou

424 2488 579 2520 obstante
595 2484 791 2527 hujusmodi
814 2482 1065 2524 impedimento,
1081 2481 1116 2512 in
1140 2480 1352 2512 matrimonio
1375 2490 1434 2521 per
1456 2491 1512 2512 eos
1536 2483 1706 2512 contracto
1721 2479 1812 2512 licite

427 2541 609 2569 remanere,
618 2531 822 2571 potestatem
833 2527 1004 2564 habentes,
1018 2535 1055 2556 ac
1071 2524 1318 2556 considerantes
1329 2524 1517 2555 devocionis
1532 2524 1688 2555 effectum
1699 2533 1810 2565 quem,

427 2575 522 2608 sicud
549 2573 717 2614 fidedigna
740 2571 903 2603 relacione
930 2569 1117 2607 didicimus,
1145 2567 1371 2609 progenitores
1402 2567 1505 2599 vestri
1534 2578 1572 2599 ac
1598 2578 1666 2607 vos,
1694 2577 1810 2599 eorum

427 2618 576 2659 vestigiis
613 2617 815 2654 inherentes,
845 2616 1022 2655 gesserunt
1062 2613 1225 2644 hactenus
1265 2614 1299 2642 et
1328 2611 1444 2651 geritis
1485 2611 1528 2642 ad
1558 2611 1809 2642 Sacrosanctam

427 2664 611 2695 Romanam
631 2659 824 2698 Ecclesiam,
840 2658 985 2689 Matrem
1001 2659 1151 2687 nostram
1167 2666 1177 2693 ;
1199 2654 1339 2695 generis,
1355 2664 1498 2696 quoque,
1515 2654 1672 2686 nobilitas
1687 2664 1726 2685 ac
1741 2654 1810 2686 vite

427 2710 462 2738 et
484 2715 618 2737 morum
641 2704 807 2741 honestas,
823 2701 954 2742 aliaque
976 2698 1175 2740 multiplicia
1196 2699 1283 2729 dona
1307 2699 1486 2738 virtutum,
1510 2698 1634 2740 quibus
1656 2697 1812 2739 adjuvari

427 2749 587 2788 dicimini,
612 2749 847 2789 promerentur
870 2749 910 2776 ut
932 2744 974 2775 ad
998 2753 1065 2783 vos,
1089 2742 1265 2784 presertim
1296 2742 1331 2773 in
1362 2742 1426 2773 hiis
1456 2752 1523 2783 que
1552 2741 1702 2782 plurium
1733 2751 1809 2773 con-

427 2793 584 2831 cordiam,
600 2790 794 2829 amiciciam,
811 2788 995 2829 respiciunt
1018 2790 1053 2818 et
1075 2786 1235 2828 quietem,
1252 2788 1287 2817 et
1309 2795 1375 2827 que
1398 2796 1438 2817 ex
1461 2785 1594 2826 speciali
1609 2785 1699 2817 dicte
1714 2784 1811 2817 Sedis

427 2836 637 2868 concessione
663 2834 754 2866 licite
780 2836 816 2864 et
839 2843 879 2864 ex
901 2831 995 2873 justa
1017 2840 1115 2862 causa
1130 2829 1239 2861 facere
1260 2839 1449 2870 possumus,
1466 2832 1578 2860 nostre
1600 2828 1810 2860 liberalitatis

427 2881 599 2912 dexteram
617 2877 849 2909 extendamus.
900 2875 988 2907 Hinc
1011 2877 1064 2906 est
1086 2873 1186 2915 quod,
1204 2873 1440 2914 premissorum
1465 2875 1653 2904 vestrorum
1669 2871 1810 2913 intuitu,

426 2923 598 2956 vobiscum
614 2922 649 2953 in
665 2921 728 2953 hac
750 2922 846 2962 parte
861 2919 1010 2951 volentes
1033 2927 1130 2959 agere
1151 2916 1306 2957 graciose,
1323 2919 1373 2954 ut,
1390 2916 1633 2957 impedimento
1655 2915 1746 2958 quod
1768 2925 1810 2948 ex

427 2965 718 3010 consanguinitate
733 2962 931 3007 hujusmodi
947 2961 1101 3004 provenit
1123 2971 1189 2992 non
1213 2960 1379 3000 obstante,
1394 2959 1430 2992 in
1445 2959 1493 2992 sic
1508 2962 1680 2992 contracto
1695 2958 1810 2991 matri·
