1988 3256
253 345 350 390 232
467 355 568 390 THE
603 354 845 389 REGISTER
879 352 939 387 or
974 352 1153 387 mersor
1188 351 1591 387 BRANTYNGHAM.

253 459 330 487 A·D-
414 461 481 494 tica
496 461 666 503 aliquibus
681 460 806 493 ibidem
823 459 1018 492 nullatenus
1041 459 1277 492 ministrentur
1291 470 1351 492 seu
1366 459 1459 500 fiant,
1477 460 1664 493 Licenciam
1680 464 1798 493 tenore

253 495 328 555 1v3310.
337 526 350 552 1
414 506 628 538 Presencium
644 505 738 537 vobis
750 504 974 554 concedimus,
991 514 1049 544 per
1064 514 1191 554 annum
1209 505 1447 554 tantummodo
1462 505 1671 554 duraturam.
1718 504 1797 536 Pro-

313 549 319 556 '
355 548 362 555 ’
409 549 479 582 viso
502 550 593 591 quod
614 549 658 581 ad
673 548 856 580 Ecclesiam
880 551 1025 579 vestram
1050 547 1277 580 Parochialem
1300 548 1428 579 Diebus
1453 548 1636 580 Dominicis
1661 551 1695 579 et
1721 547 1796 579 Fes-

409 593 497 670 ilzigig,
514 593 674 669 quociens
689 592 863 625 commode
879 591 1041 633 poteritis,
1060 591 1277 632 personaliter
1291 591 1465 624 accedatis.
1472 592 1627 623 —Dated
1643 592 1797 631 London,

499 648 515 669 c
536 660 543 668 .

364 691 564 730 Oratories
579 705 590 740 3
619 691 773 730 Licence
792 698 830 729 to
849 690 1096 736 celebrate,—

365 745 463 785 Item,
480 746 615 785 ibidem,
632 750 723 777 xxm0
738 746 793 777 die
810 744 972 783 Octobris,
990 743 1156 775 Dominus
1172 744 1343 776 Johannes
1356 744 1534 783 Prideaux,
1554 744 1659 784 Miles,
1678 744 1800 776 habuit

409 789 605 829 Licenciam,
631 793 708 828 etc„
735 790 771 820 in
799 789 935 830 Capella
958 787 1047 819 infra
1077 788 1266 820 Manerium
1291 799 1391 820 suum
1417 789 1459 820 de
1488 788 1720 821 Orchardtone
1746 786 1800 829 [in

411 833 599 874 ModburyL
619 844 678 874 per
694 843 800 865 unum
817 842 956 864 annum.

364 877 463 917 Item,
495 878 613 909 eodem
644 877 708 917 die,
740 877 888 909 Thomas
919 875 1177 907 Chambernoun
1208 875 1329 907 habuit
1359 875 1567 907 consimilem
1598 875 1797 915 Licenciam‚

408 921 572 961 quamdiu
600 921 745 952 Domino
772 919 935 961 placuerit
961 919 1168 958 duraturam,
1198 930 1257 960 pro
1285 919 1441 960 capellis,
1470 923 1546 960 etc.,
1574 919 1664 951 infra
1686 919 1800 951 omnia

410 964 559 996 Maneria
579 975 640 996 sua
656 975 715 1006 per
730 964 898 996 Diocesim
915 962 1149 995 Exoniensem.

366 1018 827 1070 Letters-Dimissory,—

366 1073 529 1114 Reginald
546 1074 652 1105 called
668 1074 700 1105 le
716 1073 822 1113 Eerle,
840 1073 860 1088 “
871 1072 915 1104 ad
930 1082 1046 1104 omnes
1063 1073 1180 1104 Sacros
1197 1072 1341 1104 Ordines
1356 1072 1373 1085 ”
1393 1072 1498 1111 (same
1522 1072 1624 1111 date).

364 1127 698 1179 Testamentary;
730 1128 1006 1177 Acquietancz’a
1045 1128 1298 1165 Eoeecucorum
1338 1127 1572 1165 Testamenti
1611 1126 1800 1177 Mayistri

419 1182 579 1221 Roberti
597 1183 643 1221 de
663 1182 921 1229 Middelonde,
948 1181 1201 1219 Thesaurarii
1221 1181 1383 1219 Ecclesie
1403 1181 1700 1228 Exoniensis,-

366 1236 520 1277 Thomas,
538 1240 611 1276 etc„
628 1237 785 1268 omnibus
800 1237 844 1268 ad
859 1247 943 1278 quos
962 1239 1131 1276 presentes
1149 1235 1260 1266 Litere
1283 1235 1498 1276 pervenerint
1513 1235 1668 1275 salutem,
1686 1238 1799 1267 etc.—

410 1281 539 1312 Audito
561 1284 596 1312 et
618 1280 752 1312 reddito
775 1290 886 1323 coram
910 1280 1005 1311 nobis
1025 1282 1191 1320 compoto,
1207 1279 1344 1317 calculo,
1361 1290 1420 1310 seu
1444 1279 1620 1311 raciocinio
1643 1277 1801 1320 Magistri

410 1324 550 1356 Roberti
579 1325 620 1356 de
652 1324 863 1365 Wykefurde,
895 1323 1093 1355 Executoris
1123 1323 1332 1354 Testamenti
1362 1333 1422 1354 seu
1450 1323 1579 1355 Ultime
1604 1322 1801 1355 Voluntatis

409 1368 495 1399 bone
512 1368 670 1399 memorie
687 1368 839 1409 Magistri
863 1367 1001 1399 Roberti
1017 1367 1059 1398 de
1077 1366 1272 1398 Middlonde
1289 1365 1371 1406 (sic),
1388 1366 1599 1398 Thesaurarii
1622 1366 1713 1398 dicte
1739 1367 1798 1398 Ec·

411 1412 509 1443 clesie
524 1415 638 1443 nostre
662 1411 872 1450 Exoniensis,
890 1410 1054 1449 defuncti,
1074 1411 1116 1442 de
1131 1413 1167 1441 et
1182 1421 1282 1451 super
1305 1410 1610 1442 Administracione
1634 1410 1800 1442 bonorum

410 1455 565 1497 ejusdem
595 1455 748 1487 defuncti
778 1466 844 1496 que
875 1457 1101 1496 pervenerunt
1130 1454 1173 1485 ad
1204 1464 1324 1485 manus
1349 1454 1433 1486 dicti
1457 1454 1682 1494 Executoris3
1720 1454 1800 1496 quia

411 1499 612 1539 invenimus,
631 1510 690 1540 per
705 1502 901 1540 compotum
916 1497 1122 1539 hujusmodi,
1141 1498 1311 1538 prefatum
1335 1498 1558 1529 Executorem
1574 1498 1662 1529 bona
1678 1497 1802 1539 prefati

411 1542 565 1575 defuncti
588 1553 811 1584 quecumque,
828 1553 893 1584 que
916 1543 959 1573 ad
983 1552 1102 1573 manus
1124 1552 1202 1573 suas
1226 1545 1461 1583 pervenerunt,
1487 1542 1571 1573 bene
1595 1545 1630 1573 et
1656 1541 1802 1574 fideliter

412 1587 684 1626 administrasse;
708 1587 854 1618 eundem
878 1587 1101 1617 Executorem
1124 1585 1167 1616 ab
1190 1596 1289 1616 onere
1312 1585 1556 1627 cujuscumque
1579 1585 1727 1627 compoti
1749 1585 1799 1617 ul·

412 1629 544 1662 terioris
567 1631 662 1662 nobis
685 1631 720 1662 in
743 1641 781 1661 ea
805 1634 899 1671 parte
921 1629 1094 1668 reddendi,
1119 1632 1288 1670 quatenus
1310 1629 1353 1660 ad
1376 1639 1436 1660 nos
1459 1639 1518 1661 seu
1542 1632 1696 1661 nostrum
1720 1629 1799 1661 Offi-

411 1674 500 1705 cium
532 1675 680 1715 pertinet
703 1673 819 1714 (salvo,
843 1678 968 1713 tamen,
994 1673 1070 1714 jure
1093 1672 1340 1714 cujuscumque
1366 1676 1483 1704 contra
1505 1674 1650 1704 eundem
1674 1673 1801 1704 Execu-

412 1720 521 1750 torem
544 1718 578 1749 in
602 1718 664 1749 hac
687 1721 783 1759 parte
803 1717 945 1749 volentis
969 1716 1134 1758 experiri),
1152 1716 1357 1748 absolvimus
1373 1720 1408 1748 et
1423 1717 1631 1748 dimittimus
1648 1728 1706 1758 per
1724 1717 1799 1748 Pre-

413 1764 533 1801 sentes,
554 1762 661 1803 sigillo
676 1765 791 1793 nostro
807 1761 1123 1802 signatas—Dat&
1140 1760 1290 1800 London,
1308 1761 1349 1792 20
1366 1760 1520 1793 October.

369 1816 969 1868 Illegitimany—Dispensation
987 1816 1069 1853 and
1087 1815 1538 1865 Letters-Dimissory‚-—

369 1870 470 1909 Item,
490 1870 537 1912 xij
557 1871 726 1902 Kalendas
742 1871 942 1902 Novembris
959 1870 1012 1910 [21
1031 1869 1134 1909 Oct.],
1148 1869 1314 1901 Dominus
1328 1870 1535 1911 dispensavit
1546 1880 1624 1901 cum
1635 1870 1803 1902 Willelmo

412 1914 557 1955 Burghe,
574 1915 703 1952 clerico,
722 1918 761 1945 ut
777 1914 892 1955 possit,
911 1924 978 1945 non
991 1913 1147 1945 obstante
1159 1913 1295 1945 defectu
1313 1913 1479 1945 natalium
1495 1923 1596 1954 quem
1613 1914 1745 1955 patitur
1760 1913 1803 1945 de

413 1958 525 1989 soluto
536 1959 671 1997 genitus
686 1964 722 1989 et
737 1958 857 1996 soluta,
870 1958 912 1989 ad
926 1968 1041 1988 omnes
1057 1957 1203 1988 Minores
1220 1957 1372 1995 Ordines,
1389 1961 1424 1989 et
1441 1957 1645 1988 Beneficium
1663 1957 1802 1988 Ecclesi-

414 2003 558 2033 asticum
573 2002 628 2033 cui
644 2012 724 2033 cura
738 2001 928 2032 animarum
945 2011 1012 2032 non
1028 2000 1186 2031 imminet
1201 2001 1542 2041 promoveri—Item,
1554 2001 1643 2032 idem
1653 2001 1804 2040 clericus,

414 2049 452 2076 x⁰
477 2045 646 2077 Kalendas
669 2045 872 2077 Novembris
887 2043 945 2085 [23
962 2043 1051 2083 Oct.]
1076 2044 1196 2075 habuit
1220 2044 1348 2075 Literas
1372 2044 1586 2075 Dimissorias
1609 2055 1669 2086 pro
1693 2044 1806 2076 Prima

412 2089 563 2120 Tonsura
586 2093 622 2120 et
643 2089 802 2120 omnibus
818 2089 1006 2120 Minoribus
1023 2087 1217 2119 Ordinibus.

372 2132 515 2172 —Item,
533 2133 650 2164 eodem
667 2133 730 2170 die,
747 2133 769 2164 J
771 2132 919 2163 ohannes
935 2131 1111 2163 Trufforde
1124 2131 1243 2162 habuit
1257 2131 1470 2163 Dimissorias
1482 2132 1524 2163 ad
1537 2141 1652 2163 omnes
1663 2131 1806 2164 Ordines

416 2176 502 2208 citra
527 2175 806 2208 Presbiteratum.

370 2231 605 2270 Ilfracombe
625 2229 880 2284 [llfricombe‚
904 2228 1031 2283 MS.];
1055 2230 1205 2268 Master
1231 2230 1405 2268 William
1430 2231 1662 2282 Polgrynge,
1686 2230 1804 2277 R„—

375 2285 514 2317 Liceuce
530 2289 566 2317 to
582 2286 685 2326 study
701 2285 754 2316 for
770 2288 837 2317 two
859 2295 964 2326 years,
984 2288 1020 2316 at
1036 2284 1174 2323 Oxiord,
1191 2285 1258 2316 and
1276 2287 1336 2316 not
1352 2288 1388 2316 to
1406 2285 1446 2316 be
1463 2285 1578 2317 bound
1594 2289 1630 2317 to
1647 2285 1754 2317 reside
1769 2284 1805 2317 in

418 2329 476 2361 the
492 2329 627 2361 iuterim
647 2330 751 2369 (same
767 2328 871 2369 date).

264 2381 315 2408 ἴθ’·
329 2382 355 2408 ⁷·
377 2383 568 2435 Ipplepen
589 2385 797 2435 Priory,—

376 2439 475 2478 Item,
499 2438 617 2470 eodem
643 2438 707 2478 die,
735 2438 903 2469 Dominus
928 2438 1069 2478 Royerus
1095 2437 1134 2469 de
1157 2436 1372 2478 Implepenne,
1401 2437 1522 2469 habuit
1548 2438 1736 2470 Licenciam
1764 2438 1806 2470 de

417 2482 624 2514 absentando
647 2482 856 2523 generaliter,
882 2492 942 2522 per
964 2481 1147 2512 biennium.
1197 2480 1320 2521 [Roger
1344 2481 1575 2523 Clappyshale,
1592 2482 1634 2514 de
1651 2481 1806 2514 Chestre-

419 2526 498 2566 feld,
515 2536 582 2557 was
599 2526 693 2557 Prior
708 2525 774 2557 and
790 2526 913 2557 Rector
928 2524 962 2556 of
978 2525 1139 2566 Ipplepen
1158 2525 1399 2565 1350-1386J.

375 2581 576 2619 Oratories
590 2594 601 2629 ς
629 2581 785 2619 Licence
805 2587 842 2618 to
861 2580 1106 2625 celebrate,—

377 2636 475 2675 Item,
500 2635 617 2667 eodem
640 2635 705 2674 die,
725 2634 912 2666 Willelmus
935 2634 1126 2666 Prestecote
1148 2633 1268 2665 habuit
1294 2631 1493 2674 Licenciam,
1516 2637 1594 2674 etc„
1613 2644 1671 2676 per
1696 2644 1805 2666 unum

419 2689 556 2718 annum,
573 2679 608 2710 in
626 2678 760 2719 Capella
775 2688 836 2709 sua
851 2678 892 2709 de
911 2678 1100 2709 Prestecote
1116 2677 1167 2718 [in
1184 2677 1386 2717 G'ulmscockJ.

378 2723 476 2761 Item,
507 2733 596 2753 nono
629 2721 796 2753 Kalendas
836 2721 1036 2753 Novembris
1067 2719 1123 2762 [24
1152 2720 1251 2760 Oct.],
1283 2721 1424 2752 Domina
1451 2721 1627 2753 Elizabeth
1664 2721 1806 2760 Beaupel

420 2765 541 2797 habuit
564 2765 760 2804 Licenciam,
774 2768 850 2804 etc„
863 2765 898 2796 in
916 2764 1058 2806 Capellis
1081 2764 1206 2805 ubique
1222 2764 1310 2795 infra
1327 2765 1473 2796 Maneriu
1488 2775 1550 2796 sua
1566 2775 1624 2806 per
1642 2765 1807 2797 Diocesim

423 2809 656 2846 Exoniensem,
683 2808 842 2850 quociens
867 2808 1057 2850 nequiverit
1083 2811 1222 2849 propter
1243 2808 1478 2840 infirmitatem
1505 2809 1689 2840 Ecclesiam
1711 2818 1806 2840 suam

422 2852 649 2884 Parochialem
666 2852 886 2893 personaliter
902 2852 1048 2883 visitare.

378 2896 477 2935 Item,
489 2895 552 2936 vij⁰
563 2895 732 2927 Kalendas
742 2895 940 2927 Novembris
951 2896 1007 2937 [26
1021 2893 1126 2934 Oct.],
1138 2895 1160 2927 J
1162 2894 1310 2926 ohannes
1323 2895 1463 2927 Pebowe
1475 2895 1596 2927 habuit
1608 2895 1806 2935 Licenciam,

421 2942 496 2979 etc„
513 2939 548 2971 in
574 2939 707 2981 Capella
721 2939 812 2980 apud
836 2939 1054 2980 Grauntpont
1075 2938 1316 2980 [av-ampound,
1333 2937 1370 2971 in
1392 2939 1439 2971 Sc.
1459 2937 1590 2980 0reed]‚
1615 2949 1675 2981 per
1699 2948 1808 2971 unum

422 2993 550 3015 annum
566 2983 776 3015 duraturam.
