<?xml version="1.0" encoding="UTF-8"?>
<!DOCTYPE html PUBLIC "-//W3C//DTD XHTML 1.0 Transitional//EN"
    "http://www.w3.org/TR/xhtml1/DTD/xhtml1-transitional.dtd">
<html xmlns="http://www.w3.org/1999/xhtml" xml:lang="en" lang="en">
 <head>
  <title>
</title>
<meta http-equiv="Content-Type" content="text/html;charset=utf-8" />
  <meta name='ocr-system' content='tesseract 3.04.00' />
  <meta name='ocr-capabilities' content='ocr_page ocr_carea ocr_par ocr_line ocrx_word'/>
</head>
<body>
  <div class='ocr_page' id='page_1' title='image "./registerofthomas01hinguoft/registerofthomas01hinguoft_0538.png"; bbox 0 0 1988 3256; ppageno 0'>
   <div class='ocr_carea' id='block_1_1' title="bbox 344 327 1690 378">
    <p class='ocr_par' dir='ltr' id='par_1_1' title="bbox 344 327 1690 378">
     <span class='ocr_line' id='line_1_1' title="bbox 344 327 1690 378; baseline 0.004 -5"><span class='ocrx_word' id='word_1_1' title='bbox 344 327 438 374; x_wconf 82' lang='lat'><strong>520</strong></span> <span class='ocrx_word' id='word_1_2' title='bbox 549 342 649 374; x_wconf 85' lang='lat' dir='ltr'><strong>THE</strong></span> <span class='ocrx_word' id='word_1_3' title='bbox 691 339 932 376; x_wconf 79' lang='lat' dir='ltr'><strong>REGISTER</strong></span> <span class='ocrx_word' id='word_1_4' title='bbox 966 343 1029 376; x_wconf 80' lang='lat' dir='ltr'><strong>OF</strong></span> <span class='ocrx_word' id='word_1_5' title='bbox 1067 340 1244 377; x_wconf 85' lang='lat' dir='ltr'><strong>BISHOP</strong></span> <span class='ocrx_word' id='word_1_6' title='bbox 1284 342 1690 378; x_wconf 72' lang='lat' dir='ltr'><strong>BRANTYNGHAM.</strong></span> 
     </span>
    </p>
   </div>
   <div class='ocr_carea' id='block_1_2' title="bbox 341 445 1964 1468">
    <p class='ocr_par' dir='ltr' id='par_1_2' title="bbox 341 445 1964 667">
     <span class='ocr_line' id='line_1_2' title="bbox 343 445 1895 490; baseline 0.004 -12"><span class='ocrx_word' id='word_1_7' title='bbox 343 445 417 489; x_wconf 77' lang='lat' dir='ltr'><strong>AD</strong></span> <span class='ocrx_word' id='word_1_8' title='bbox 500 447 644 489; x_wconf 85' lang='lat' dir='ltr'><strong>dekne],</strong></span> <span class='ocrx_word' id='word_1_9' title='bbox 658 449 816 480; x_wconf 89' lang='lat' dir='ltr'><strong>Vicarios</strong></span> <span class='ocrx_word' id='word_1_10' title='bbox 833 449 1025 490; x_wconf 78' lang='lat' dir='ltr'><strong>Perpetuos</strong></span> <span class='ocrx_word' id='word_1_11' title='bbox 1045 450 1280 482; x_wconf 88' lang='lat' dir='ltr'><strong>Ecclesiarum</strong></span> <span class='ocrx_word' id='word_1_12' title='bbox 1296 451 1554 483; x_wconf 86' lang='lat' dir='ltr'><strong>Parochialium</strong></span> <span class='ocrx_word' id='word_1_13' title='bbox 1571 451 1779 484; x_wconf 67' lang='lat' dir='ltr'><strong>Sanctorum</strong></span> <span class='ocrx_word' id='word_1_14' title='bbox 1799 450 1895 484; x_wconf 61' lang='lat' dir='ltr'><strong>Just-i</strong></span> 
     </span>
     <span class='ocr_line' id='line_1_3' title="bbox 341 480 1964 539; baseline 0.004 -17"><span class='ocrx_word' id='word_1_15' title='bbox 341 480 444 539; x_wconf 41' lang='lat' dir='ltr'><strong>5³3?ss</strong></span> <span class='ocrx_word' id='word_1_16' title='bbox 501 495 538 523; x_wconf 88' lang='lat' dir='ltr'><strong>et</strong></span> <span class='ocrx_word' id='word_1_17' title='bbox 562 493 716 534; x_wconf 84' lang='lat' dir='ltr'><strong>Wynery</strong></span> <span class='ocrx_word' id='word_1_18' title='bbox 734 492 801 534; x_wconf 81' lang='lat' dir='ltr'><strong>[St.</strong></span> <span class='ocrx_word' id='word_1_19' title='bbox 820 492 1007 534; x_wconf 63' lang='lat' dir='ltr'><strong>Gwinear}</strong></span> <span class='ocrx_word' id='word_1_20' title='bbox 1956 494 1964 536; x_wconf 50' lang='lat' dir='ltr'><em>f</em></span> 
     </span>
     <span class='ocr_line' id='line_1_4' title="bbox 471 537 1892 581; baseline 0.004 -14"><span class='ocrx_word' id='word_1_21' title='bbox 471 537 515 567; x_wconf 77' lang='lat' dir='ltr'><strong>In</strong></span> <span class='ocrx_word' id='word_1_22' title='bbox 530 538 705 568; x_wconf 75' lang='lat' dir='ltr'><strong>Decanatu</strong></span> <span class='ocrx_word' id='word_1_23' title='bbox 721 538 761 568; x_wconf 82' lang='lat' dir='ltr'><strong>de</strong></span> <span class='ocrx_word' id='word_1_24' title='bbox 777 539 897 577; x_wconf 76' lang='lat' dir='ltr'><strong>Pydre,</strong></span> <span class='ocrx_word' id='word_1_25' title='bbox 915 539 1082 570; x_wconf 88' lang='lat' dir='ltr'><strong>Dominos</strong></span> <span class='ocrx_word' id='word_1_26' title='bbox 1097 539 1119 570; x_wconf 86' lang='lat' dir='ltr'>J</span> <span class='ocrx_word' id='word_1_27' title='bbox 1121 539 1295 571; x_wconf 87' lang='lat' dir='ltr'><strong>ohannem</strong></span> <span class='ocrx_word' id='word_1_28' title='bbox 1307 537 1559 581; x_wconf 80' lang='lat' dir='ltr'><strong>[Nanscunel]‚</strong></span> <span class='ocrx_word' id='word_1_29' title='bbox 1574 540 1758 572; x_wconf 76' lang='lat' dir='ltr'><strong>Rectorem</strong></span> <span class='ocrx_word' id='word_1_30' title='bbox 1775 539 1892 572; x_wconf 79' lang='lat' dir='ltr'><strong>Eoclo-</strong></span> 
     </span>
     <span class='ocr_line' id='line_1_5' title="bbox 497 581 1892 623; baseline 0.003 -11"><span class='ocrx_word' id='word_1_31' title='bbox 497 582 546 612; x_wconf 87' lang='lat' dir='ltr'><strong>sie</strong></span> <span class='ocrx_word' id='word_1_32' title='bbox 565 581 685 613; x_wconf 82' lang='lat' dir='ltr'><strong>Sancti</strong></span> <span class='ocrx_word' id='word_1_33' title='bbox 703 582 879 622; x_wconf 85' lang='lat' dir='ltr'><strong>Maugani,</strong></span> <span class='ocrx_word' id='word_1_34' title='bbox 893 585 929 614; x_wconf 91' lang='lat' dir='ltr'><strong>et</strong></span> <span class='ocrx_word' id='word_1_35' title='bbox 943 583 1340 623; x_wconf 82' lang='lat' dir='ltr'><strong>Johannem,Vica1-ium</strong></span> <span class='ocrx_word' id='word_1_36' title='bbox 1358 585 1512 616; x_wconf 86' lang='lat' dir='ltr'><strong>Ecclesie</strong></span> <span class='ocrx_word' id='word_1_37' title='bbox 1529 585 1743 616; x_wconf 83' lang='lat' dir='ltr'><strong>Parochialis</strong></span> <span class='ocrx_word' id='word_1_38' title='bbox 1762 584 1892 616; x_wconf 61' lang='lat' dir='ltr'><strong>Sancto</strong></span> 
     </span>
     <span class='ocr_line' id='line_1_6' title="bbox 500 626 1683 667; baseline 0.004 -11"><span class='ocrx_word' id='word_1_39' title='bbox 500 626 532 656; x_wconf 89' lang='lat' dir='ltr'>N</span> <span class='ocrx_word' id='word_1_40' title='bbox 534 627 672 667; x_wconf 85' lang='lat' dir='ltr'><strong>eulyne.</strong></span> <span class='ocrx_word' id='word_1_41' title='bbox 1679 649 1683 652; x_wconf 87' lang='lat'><em>-</em></span> 
     </span>
    </p>

    <p class='ocr_par' dir='ltr' id='par_1_3' title="bbox 454 670 1892 790">
     <span class='ocr_line' id='line_1_7' title="bbox 454 670 1892 714; baseline 0.003 -14"><span class='ocrx_word' id='word_1_42' title='bbox 454 671 498 700; x_wconf 73' lang='lat' dir='ltr'><strong>In</strong></span> <span class='ocrx_word' id='word_1_43' title='bbox 514 671 689 701; x_wconf 74' lang='lat' dir='ltr'><strong>Decanatu</strong></span> <span class='ocrx_word' id='word_1_44' title='bbox 705 671 744 702; x_wconf 85' lang='lat' dir='ltr'><strong>de</strong></span> <span class='ocrx_word' id='word_1_45' title='bbox 767 671 912 710; x_wconf 79' lang='lat' dir='ltr'><strong>Keriere,</strong></span> <span class='ocrx_word' id='word_1_46' title='bbox 937 672 1106 703; x_wconf 89' lang='lat' dir='ltr'><strong>Dominos</strong></span> <span class='ocrx_word' id='word_1_47' title='bbox 1128 672 1298 704; x_wconf 84' lang='lat' dir='ltr'><strong>Thomam</strong></span> <span class='ocrx_word' id='word_1_48' title='bbox 1323 670 1479 714; x_wconf 89' lang='lat' dir='ltr'><strong>[Wyta],</strong></span> <span class='ocrx_word' id='word_1_49' title='bbox 1502 675 1539 705; x_wconf 89' lang='lat' dir='ltr'><strong>et</strong></span> <span class='ocrx_word' id='word_1_50' title='bbox 1561 673 1759 705; x_wconf 80' lang='lat' dir='ltr'><strong>Johannem</strong></span> <span class='ocrx_word' id='word_1_51' title='bbox 1784 670 1892 714; x_wconf 84' lang='lat' dir='ltr'><strong>[Pen-</strong></span> 
     </span>
     <span class='ocr_line' id='line_1_8' title="bbox 499 713 1892 759; baseline 0.003 -13"><span class='ocrx_word' id='word_1_52' title='bbox 499 713 612 755; x_wconf 86' lang='lat' dir='ltr'><strong>leyn]‚</strong></span> <span class='ocrx_word' id='word_1_53' title='bbox 630 715 788 747; x_wconf 86' lang='lat' dir='ltr'><strong>Vicarios</strong></span> <span class='ocrx_word' id='word_1_54' title='bbox 804 716 996 756; x_wconf 79' lang='lat' dir='ltr'>Perpetuos</span> <span class='ocrx_word' id='word_1_55' title='bbox 1013 716 1221 748; x_wconf 88' lang='lat' dir='ltr'><strong>Sanctorum</strong></span> <span class='ocrx_word' id='word_1_56' title='bbox 1238 717 1384 748; x_wconf 86' lang='lat' dir='ltr'><strong>Kierani</strong></span> <span class='ocrx_word' id='word_1_57' title='bbox 1402 715 1469 758; x_wconf 78' lang='lat' dir='ltr'><strong>[St.</strong></span> <span class='ocrx_word' id='word_1_58' title='bbox 1485 716 1653 759; x_wconf 70' lang='lat' dir='ltr'><strong>Kevervae]</strong></span> <span class='ocrx_word' id='word_1_59' title='bbox 1667 720 1704 750; x_wconf 93' lang='lat' dir='ltr'><strong>et</strong></span> <span class='ocrx_word' id='word_1_60' title='bbox 1721 718 1892 750; x_wconf 77' lang='lat' dir='ltr'><strong>Constan—</strong></span> 
     </span>
     <span class='ocr_line' id='line_1_9' title="bbox 500 759 578 790; baseline 0.013 -1"><span class='ocrx_word' id='word_1_61' title='bbox 500 759 578 790; x_wconf 89' lang='lat' dir='ltr'><strong>tini.</strong></span> 
     </span>
    </p>

    <p class='ocr_par' dir='ltr' id='par_1_4' title="bbox 379 804 1892 925">
     <span class='ocr_line' id='line_1_10' title="bbox 379 804 1892 848; baseline 0.003 -13"><span class='ocrx_word' id='word_1_62' title='bbox 379 825 392 835; x_wconf 42' lang='lat' dir='ltr'>x</span> <span class='ocrx_word' id='word_1_63' title='bbox 454 804 498 833; x_wconf 85' lang='lat' dir='ltr'><strong>In</strong></span> <span class='ocrx_word' id='word_1_64' title='bbox 514 804 689 834; x_wconf 65' lang='lat' dir='ltr'><strong>Decanatu,</strong></span> <span class='ocrx_word' id='word_1_65' title='bbox 703 804 846 844; x_wconf 74' lang='lat' dir='ltr'><strong>Majoris</strong></span> <span class='ocrx_word' id='word_1_66' title='bbox 865 804 988 843; x_wconf 73' lang='lat' dir='ltr'><strong>Triyye,</strong></span> <span class='ocrx_word' id='word_1_67' title='bbox 1006 805 1174 837; x_wconf 90' lang='lat' dir='ltr'><strong>Dominos</strong></span> <span class='ocrx_word' id='word_1_68' title='bbox 1189 806 1210 837; x_wconf 88' lang='lat' dir='ltr'><strong>J</strong></span> <span class='ocrx_word' id='word_1_69' title='bbox 1213 806 1387 837; x_wconf 85' lang='lat' dir='ltr'><strong>ohannem</strong></span> <span class='ocrx_word' id='word_1_70' title='bbox 1405 804 1602 848; x_wconf 82' lang='lat' dir='ltr'><strong>[Hesylle],</strong></span> <span class='ocrx_word' id='word_1_71' title='bbox 1619 807 1805 838; x_wconf 86' lang='lat' dir='ltr'><strong>Rectorem</strong></span> <span class='ocrx_word' id='word_1_72' title='bbox 1828 806 1892 839; x_wconf 78' lang='lat' dir='ltr'><strong>Ec·</strong></span> 
     </span>
     <span class='ocr_line' id='line_1_11' title="bbox 500 848 1892 892; baseline 0.003 -13"><span class='ocrx_word' id='word_1_73' title='bbox 500 848 604 879; x_wconf 89' lang='lat' dir='ltr'><strong>clesie</strong></span> <span class='ocrx_word' id='word_1_74' title='bbox 630 848 843 880; x_wconf 83' lang='lat' dir='ltr'><strong>Parochialis</strong></span> <span class='ocrx_word' id='word_1_75' title='bbox 869 850 911 880; x_wconf 89' lang='lat' dir='ltr'><strong>de</strong></span> <span class='ocrx_word' id='word_1_76' title='bbox 935 850 1189 891; x_wconf 86' lang='lat' dir='ltr'><strong>Jacobystowe,</strong></span> <span class='ocrx_word' id='word_1_77' title='bbox 1217 852 1254 882; x_wconf 91' lang='lat' dir='ltr'><strong>et</strong></span> <span class='ocrx_word' id='word_1_78' title='bbox 1284 851 1475 882; x_wconf 78' lang='lat' dir='ltr'><strong>Ricardum</strong></span> <span class='ocrx_word' id='word_1_79' title='bbox 1506 849 1651 892; x_wconf 82' lang='lat' dir='ltr'><strong>[Doty],</strong></span> <span class='ocrx_word' id='word_1_80' title='bbox 1677 851 1892 892; x_wconf 75' lang='lat' dir='ltr'><strong>Perpetuam</strong></span> 
     </span>
     <span class='ocr_line' id='line_1_12' title="bbox 501 892 960 925; baseline 0.004 -2"><span class='ocrx_word' id='word_1_81' title='bbox 501 892 681 924; x_wconf 88' lang='lat' dir='ltr'><strong>Vicarium</strong></span> <span class='ocrx_word' id='word_1_82' title='bbox 698 894 740 924; x_wconf 90' lang='lat' dir='ltr'><strong>de</strong></span> <span class='ocrx_word' id='word_1_83' title='bbox 758 894 960 925; x_wconf 82' lang='lat' dir='ltr'><strong>Launceles.</strong></span> 
     </span>
    </p>

    <p class='ocr_par' dir='ltr' id='par_1_5' title="bbox 454 937 1892 1059">
     <span class='ocr_line' id='line_1_13' title="bbox 454 937 1892 979; baseline 0.003 -13"><span class='ocrx_word' id='word_1_84' title='bbox 454 937 498 967; x_wconf 79' lang='lat' dir='ltr'><strong>In</strong></span> <span class='ocrx_word' id='word_1_85' title='bbox 514 938 688 968; x_wconf 75' lang='lat' dir='ltr'><strong>Decanatu</strong></span> <span class='ocrx_word' id='word_1_86' title='bbox 711 938 855 968; x_wconf 72' lang='lat' dir='ltr'><strong>Minoris</strong></span> <span class='ocrx_word' id='word_1_87' title='bbox 881 938 1006 978; x_wconf 69' lang='lat' dir='ltr'><strong>Triyye,</strong></span> <span class='ocrx_word' id='word_1_88' title='bbox 1023 938 1211 978; x_wconf 79' lang='lat' dir='ltr'>Magistros</span> <span class='ocrx_word' id='word_1_89' title='bbox 1233 939 1431 971; x_wconf 86' lang='lat' dir='ltr'><strong>Johannem</strong></span> <span class='ocrx_word' id='word_1_90' title='bbox 1455 939 1682 978; x_wconf 76' lang='lat' dir='ltr'><strong>Restauroke,</strong></span> <span class='ocrx_word' id='word_1_91' title='bbox 1707 939 1892 979; x_wconf 86' lang='lat' dir='ltr'><strong>Rectorem</strong></span> 
     </span>
     <span class='ocr_line' id='line_1_14' title="bbox 502 981 1892 1026; baseline 0.003 -14"><span class='ocrx_word' id='word_1_92' title='bbox 502 981 656 1013; x_wconf 85' lang='lat' dir='ltr'><strong>Ecclesie</strong></span> <span class='ocrx_word' id='word_1_93' title='bbox 681 982 895 1013; x_wconf 86' lang='lat' dir='ltr'><strong>Parochialis</strong></span> <span class='ocrx_word' id='word_1_94' title='bbox 921 982 1049 1014; x_wconf 78' lang='lat' dir='ltr'><strong>Sancte</strong></span> <span class='ocrx_word' id='word_1_95' title='bbox 1074 983 1232 1022; x_wconf 86' lang='lat' dir='ltr'><strong>Mabene,</strong></span> <span class='ocrx_word' id='word_1_96' title='bbox 1257 986 1292 1015; x_wconf 89' lang='lat' dir='ltr'><strong>et</strong></span> <span class='ocrx_word' id='word_1_97' title='bbox 1315 984 1514 1015; x_wconf 79' lang='lat' dir='ltr'><strong>Johannem</strong></span> <span class='ocrx_word' id='word_1_98' title='bbox 1539 981 1694 1026; x_wconf 84' lang='lat' dir='ltr'><strong>[Tyrel]‚</strong></span> <span class='ocrx_word' id='word_1_99' title='bbox 1711 983 1892 1016; x_wconf 76' lang='lat' dir='ltr'><strong>Vicarium</strong></span> 
     </span>
     <span class='ocr_line' id='line_1_15' title="bbox 503 1026 1099 1059; baseline 0.003 -3"><span class='ocrx_word' id='word_1_100' title='bbox 503 1026 656 1057; x_wconf 88' lang='lat' dir='ltr'><strong>Ecclesie</strong></span> <span class='ocrx_word' id='word_1_101' title='bbox 674 1027 887 1058; x_wconf 88' lang='lat' dir='ltr'><strong>Parochialis</strong></span> <span class='ocrx_word' id='word_1_102' title='bbox 905 1027 1099 1059; x_wconf 89' lang='lat' dir='ltr'><strong>Bodminie.</strong></span> 
     </span>
    </p>

    <p class='ocr_par' dir='ltr' id='par_1_6' title="bbox 455 1070 1892 1191">
     <span class='ocr_line' id='line_1_16' title="bbox 455 1070 1891 1113; baseline 0.003 -13"><span class='ocrx_word' id='word_1_103' title='bbox 455 1070 498 1100; x_wconf 76' lang='lat' dir='ltr'><strong>In</strong></span> <span class='ocrx_word' id='word_1_104' title='bbox 521 1071 696 1101; x_wconf 70' lang='lat' dir='ltr'><strong>Decanata</strong></span> <span class='ocrx_word' id='word_1_105' title='bbox 719 1071 759 1102; x_wconf 82' lang='lat' dir='ltr'><strong>de</strong></span> <span class='ocrx_word' id='word_1_106' title='bbox 781 1072 923 1109; x_wconf 73' lang='lat' dir='ltr'><strong>Poudre,</strong></span> <span class='ocrx_word' id='word_1_107' title='bbox 942 1071 1130 1112; x_wconf 78' lang='lat' dir='ltr'><strong>Magistros</strong></span> <span class='ocrx_word' id='word_1_108' title='bbox 1153 1072 1322 1103; x_wconf 88' lang='lat' dir='ltr'><strong>Thomam</strong></span> <span class='ocrx_word' id='word_1_109' title='bbox 1348 1070 1500 1113; x_wconf 89' lang='lat' dir='ltr'><strong>[Wille],</strong></span> <span class='ocrx_word' id='word_1_110' title='bbox 1526 1073 1711 1104; x_wconf 75' lang='lat' dir='ltr'><strong>Rectorem</strong></span> <span class='ocrx_word' id='word_1_111' title='bbox 1735 1072 1891 1106; x_wconf 72' lang='lat' dir='ltr'><strong>Ecclesia</strong></span> 
     </span>
     <span class='ocr_line' id='line_1_17' title="bbox 500 1114 1892 1157; baseline 0.003 -12"><span class='ocrx_word' id='word_1_112' title='bbox 500 1115 542 1145; x_wconf 89' lang='lat' dir='ltr'><strong>de</strong></span> <span class='ocrx_word' id='word_1_113' title='bbox 574 1114 698 1153; x_wconf 77' lang='lat' dir='ltr'><strong>Trux-u,</strong></span> <span class='ocrx_word' id='word_1_114' title='bbox 730 1118 767 1146; x_wconf 89' lang='lat' dir='ltr'><strong>et</strong></span> <span class='ocrx_word' id='word_1_115' title='bbox 799 1116 1011 1147; x_wconf 83' lang='lat' dir='ltr'><strong>Willelmum</strong></span> <span class='ocrx_word' id='word_1_116' title='bbox 1045 1114 1240 1157; x_wconf 88' lang='lat' dir='ltr'><strong>[Hendre],</strong></span> <span class='ocrx_word' id='word_1_117' title='bbox 1271 1117 1452 1148; x_wconf 85' lang='lat' dir='ltr'><strong>Vicarium</strong></span> <span class='ocrx_word' id='word_1_118' title='bbox 1484 1117 1638 1149; x_wconf 83' lang='lat' dir='ltr'><strong>Ecclesie</strong></span> <span class='ocrx_word' id='word_1_119' title='bbox 1677 1117 1892 1149; x_wconf 73' lang='lat' dir='ltr'><strong>Paroohialis</strong></span> 
     </span>
     <span class='ocr_line' id='line_1_18' title="bbox 501 1159 780 1191; baseline 0.004 -2"><span class='ocrx_word' id='word_1_120' title='bbox 501 1159 621 1190; x_wconf 79' lang='lat' dir='ltr'><strong>Sancti</strong></span> <span class='ocrx_word' id='word_1_121' title='bbox 639 1160 753 1191; x_wconf 88' lang='lat' dir='ltr'><strong>Probi.</strong></span> <span class='ocrx_word' id='word_1_122' title='bbox 777 1185 780 1190; x_wconf 92' lang='lat'><em>.</em></span> 
     </span>
    </p>

    <p class='ocr_par' dir='ltr' id='par_1_7' title="bbox 452 1203 1938 1324">
     <span class='ocr_line' id='line_1_19' title="bbox 452 1203 1938 1247; baseline 0.003 -14"><span class='ocrx_word' id='word_1_123' title='bbox 452 1203 496 1233; x_wconf 80' lang='lat' dir='ltr'><strong>In</strong></span> <span class='ocrx_word' id='word_1_124' title='bbox 519 1204 693 1234; x_wconf 71' lang='lat' dir='ltr'><strong>Decanam</strong></span> <span class='ocrx_word' id='word_1_125' title='bbox 717 1205 756 1235; x_wconf 82' lang='lat' dir='ltr'><strong>de</strong></span> <span class='ocrx_word' id='word_1_126' title='bbox 779 1205 849 1243; x_wconf 74' lang='lat' dir='ltr'><strong>Est,</strong></span> <span class='ocrx_word' id='word_1_127' title='bbox 875 1204 1043 1236; x_wconf 89' lang='lat' dir='ltr'><strong>Dominos</strong></span> <span class='ocrx_word' id='word_1_128' title='bbox 1067 1205 1276 1236; x_wconf 90' lang='lat' dir='ltr'><strong>Nicholaum</strong></span> <span class='ocrx_word' id='word_1_129' title='bbox 1302 1203 1448 1246; x_wconf 84' lang='lat' dir='ltr'><strong>[Oresa]</strong></span> <span class='ocrx_word' id='word_1_130' title='bbox 1473 1208 1510 1237; x_wconf 89' lang='lat' dir='ltr'><strong>et</strong></span> <span class='ocrx_word' id='word_1_131' title='bbox 1533 1205 1704 1237; x_wconf 82' lang='lat' dir='ltr'><strong>Thomam</strong></span> <span class='ocrx_word' id='word_1_132' title='bbox 1721 1203 1891 1247; x_wconf 81' lang='lat' dir='ltr'><strong>[Tysho],</strong></span> <span class='ocrx_word' id='word_1_133' title='bbox 1935 1236 1938 1239; x_wconf 81' lang='grc'><strong>,</strong></span> 
     </span>
     <span class='ocr_line' id='line_1_20' title="bbox 499 1248 1890 1291; baseline 0.002 -13"><span class='ocrx_word' id='word_1_134' title='bbox 499 1248 736 1279; x_wconf 81' lang='lat' dir='ltr'><strong>Ecclesiarum</strong></span> <span class='ocrx_word' id='word_1_135' title='bbox 754 1249 1011 1280; x_wconf 87' lang='lat' dir='ltr'><strong>Parochialium</strong></span> <span class='ocrx_word' id='word_1_136' title='bbox 1029 1249 1238 1281; x_wconf 87' lang='lat' dir='ltr'><strong>Sanctorum</strong></span> <span class='ocrx_word' id='word_1_137' title='bbox 1256 1250 1385 1281; x_wconf 86' lang='lat' dir='ltr'><strong>Melani</strong></span> <span class='ocrx_word' id='word_1_138' title='bbox 1400 1248 1467 1291; x_wconf 79' lang='lat' dir='ltr'><strong>[St.</strong></span> <span class='ocrx_word' id='word_1_139' title='bbox 1478 1248 1639 1291; x_wconf 75' lang='lat' dir='ltr'><strong>Mellion]</strong></span> <span class='ocrx_word' id='word_1_140' title='bbox 1656 1252 1693 1282; x_wconf 87' lang='lat' dir='ltr'><strong>et</strong></span> <span class='ocrx_word' id='word_1_141' title='bbox 1708 1250 1890 1290; x_wconf 73' lang='lat' dir='ltr'><strong>Johannis,</strong></span> 
     </span>
     <span class='ocr_line' id='line_1_21' title="bbox 502 1292 1214 1324; baseline 0.004 -2"><span class='ocrx_word' id='word_1_142' title='bbox 502 1292 676 1324; x_wconf 88' lang='lat' dir='ltr'><strong>Rectores.</strong></span> <span class='ocrx_word' id='word_1_143' title='bbox 1211 1309 1214 1312; x_wconf 55' lang='lat'><strong>⁴</strong></span> 
     </span>
    </p>

    <p class='ocr_par' dir='ltr' id='par_1_8' title="bbox 454 1336 1919 1468">
     <span class='ocr_line' id='line_1_22' title="bbox 454 1336 1892 1379; baseline 0.003 -13"><span class='ocrx_word' id='word_1_144' title='bbox 454 1337 474 1366; x_wconf 93' lang='lat' dir='ltr'><em>I</em></span> <span class='ocrx_word' id='word_1_145' title='bbox 477 1347 498 1366; x_wconf 78' lang='grc' dir='ltr'>η</span> <span class='ocrx_word' id='word_1_146' title='bbox 535 1337 710 1368; x_wconf 68' lang='lat' dir='ltr'><strong>Decanatu,</strong></span> <span class='ocrx_word' id='word_1_147' title='bbox 748 1338 788 1368; x_wconf 82' lang='lat' dir='ltr'><strong>de</strong></span> <span class='ocrx_word' id='word_1_148' title='bbox 823 1338 920 1376; x_wconf 76' lang='lat' dir='ltr'><strong>West,</strong></span> <span class='ocrx_word' id='word_1_149' title='bbox 954 1338 1164 1378; x_wconf 80' lang='lat' dir='ltr'><strong>Magistrum</strong></span> <span class='ocrx_word' id='word_1_150' title='bbox 1194 1338 1408 1370; x_wconf 91' lang='lat' dir='ltr'><strong>Willelmum</strong></span> <span class='ocrx_word' id='word_1_151' title='bbox 1441 1336 1673 1379; x_wconf 84' lang='lat' dir='ltr'><strong>[Cergeaux]‚</strong></span> <span class='ocrx_word' id='word_1_152' title='bbox 1707 1338 1892 1370; x_wconf 78' lang='lat' dir='ltr'><strong>Rectorem</strong></span> 
     </span>
     <span class='ocr_line' id='line_1_23' title="bbox 501 1381 1892 1424; baseline 0.003 -13"><span class='ocrx_word' id='word_1_153' title='bbox 501 1381 655 1413; x_wconf 88' lang='lat' dir='ltr'><strong>Ecclesie</strong></span> <span class='ocrx_word' id='word_1_154' title='bbox 672 1382 886 1413; x_wconf 84' lang='lat' dir='ltr'><strong>Parochialis</strong></span> <span class='ocrx_word' id='word_1_155' title='bbox 904 1382 1024 1413; x_wconf 87' lang='lat' dir='ltr'><strong>Sancti</strong></span> <span class='ocrx_word' id='word_1_156' title='bbox 1042 1382 1186 1413; x_wconf 78' lang='lat' dir='ltr'><strong>Martini</strong></span> <span class='ocrx_word' id='word_1_157' title='bbox 1209 1383 1310 1424; x_wconf 83' lang='lat' dir='ltr'><strong>juxta</strong></span> <span class='ocrx_word' id='word_1_158' title='bbox 1326 1383 1406 1422; x_wconf 88' lang='lat' dir='ltr'><strong>Loo,</strong></span> <span class='ocrx_word' id='word_1_159' title='bbox 1423 1386 1459 1414; x_wconf 89' lang='lat' dir='ltr'><strong>et</strong></span> <span class='ocrx_word' id='word_1_160' title='bbox 1483 1383 1673 1415; x_wconf 88' lang='lat' dir='ltr'><strong>Dominum</strong></span> <span class='ocrx_word' id='word_1_161' title='bbox 1698 1383 1892 1415; x_wconf 75' lang='lat' dir='ltr'><strong>Hem-im</strong></span> 
     </span>
     <span class='ocr_line' id='line_1_24' title="bbox 501 1423 1919 1468; baseline 0.004 -13"><span class='ocrx_word' id='word_1_162' title='bbox 501 1423 692 1466; x_wconf 85' lang='lat' dir='ltr'><strong>[Frunde]‚</strong></span> <span class='ocrx_word' id='word_1_163' title='bbox 709 1426 889 1458; x_wconf 88' lang='lat' dir='ltr'><strong>Vicarium</strong></span> <span class='ocrx_word' id='word_1_164' title='bbox 906 1427 1060 1458; x_wconf 83' lang='lat' dir='ltr'><strong>Ecclesie</strong></span> <span class='ocrx_word' id='word_1_165' title='bbox 1077 1427 1291 1458; x_wconf 85' lang='lat' dir='ltr'><strong>Parochialis</strong></span> <span class='ocrx_word' id='word_1_166' title='bbox 1306 1428 1349 1459; x_wconf 90' lang='lat' dir='ltr'><strong>de</strong></span> <span class='ocrx_word' id='word_1_167' title='bbox 1366 1427 1556 1468; x_wconf 88' lang='lat' dir='ltr'><strong>Lyskerde.</strong></span> <span class='ocrx_word' id='word_1_168' title='bbox 1916 1430 1919 1432; x_wconf 72' lang='grc'>’</span> 
     </span>
    </p>
   </div>
   <div class='ocr_carea' id='block_1_3' title="bbox 342 1477 1948 2328">
    <p class='ocr_par' dir='ltr' id='par_1_9' title="bbox 342 1477 1948 2328">
     <span class='ocr_line' id='line_1_25' title="bbox 342 1477 1948 1538; baseline 0.002 -21"><span class='ocrx_word' id='word_1_169' title='bbox 342 1477 392 1538; x_wconf 65' lang='lat'>{01¹9</span> <span class='ocrx_word' id='word_1_170' title='bbox 457 1478 704 1530; x_wconf 83' lang='lat' dir='ltr'><strong>Ugborough</strong></span> <span class='ocrx_word' id='word_1_171' title='bbox 722 1493 733 1528; x_wconf 77' lang='lat'>3</span> <span class='ocrx_word' id='word_1_172' title='bbox 767 1481 975 1518; x_wconf 67' lang='lat' dir='ltr'><strong>Relaxacio</strong></span> <span class='ocrx_word' id='word_1_173' title='bbox 996 1482 1255 1530; x_wconf 71' lang='lat' dir='ltr'><strong>Sequestri,—</strong></span> <span class='ocrx_word' id='word_1_174' title='bbox 1945 1531 1948 1534; x_wconf 30' lang='grc' dir='ltr'>Ι</span> 
     </span>
     <span class='ocr_line' id='line_1_26' title="bbox 374 1533 1891 1577; baseline 0.002 -11"><span class='ocrx_word' id='word_1_175' title='bbox 374 1571 376 1573; x_wconf 9' lang='grc' dir='ltr'>μ</span> <span class='ocrx_word' id='word_1_176' title='bbox 393 1533 399 1538; x_wconf 83' lang='grc'><strong>“</strong></span> <span class='ocrx_word' id='word_1_177' title='bbox 455 1534 617 1574; x_wconf 78' lang='lat' dir='ltr'><strong>Thomas,</strong></span> <span class='ocrx_word' id='word_1_178' title='bbox 628 1539 705 1575; x_wconf 72' lang='lat' dir='ltr'><strong>etc„</strong></span> <span class='ocrx_word' id='word_1_179' title='bbox 723 1537 864 1567; x_wconf 87' lang='lat' dir='ltr'><strong>Decano</strong></span> <span class='ocrx_word' id='word_1_180' title='bbox 881 1537 923 1567; x_wconf 89' lang='lat' dir='ltr'><strong>de</strong></span> <span class='ocrx_word' id='word_1_181' title='bbox 940 1536 1160 1577; x_wconf 87' lang='lat' dir='ltr'><strong>Plymptone,</strong></span> <span class='ocrx_word' id='word_1_182' title='bbox 1173 1546 1214 1567; x_wconf 86' lang='lat' dir='ltr'><strong>ac</strong></span> <span class='ocrx_word' id='word_1_183' title='bbox 1227 1536 1386 1567; x_wconf 81' lang='lat' dir='ltr'><strong>Dominis</strong></span> <span class='ocrx_word' id='word_1_184' title='bbox 1401 1537 1422 1568; x_wconf 90' lang='lat' dir='ltr'><strong>J</strong></span> <span class='ocrx_word' id='word_1_185' title='bbox 1424 1537 1564 1576; x_wconf 84' lang='lat' dir='ltr'><strong>ohanni,</strong></span> <span class='ocrx_word' id='word_1_186' title='bbox 1579 1537 1720 1569; x_wconf 84' lang='lat' dir='ltr'><strong>Rectori</strong></span> <span class='ocrx_word' id='word_1_187' title='bbox 1736 1537 1891 1570; x_wconf 70' lang='lat' dir='ltr'><strong>Ecclesia</strong></span> 
     </span>
     <span class='ocr_line' id='line_1_27' title="bbox 498 1580 1889 1623; baseline 0.002 -13"><span class='ocrx_word' id='word_1_188' title='bbox 498 1580 540 1610; x_wconf 90' lang='lat' dir='ltr'><strong>de</strong></span> <span class='ocrx_word' id='word_1_189' title='bbox 559 1580 781 1619; x_wconf 89' lang='lat' dir='ltr'><strong>Cornewode,</strong></span> <span class='ocrx_word' id='word_1_190' title='bbox 798 1583 834 1612; x_wconf 91' lang='lat' dir='ltr'><strong>et</strong></span> <span class='ocrx_word' id='word_1_191' title='bbox 857 1580 1020 1618; x_wconf 87' lang='lat' dir='ltr'><strong>Johanni‚</strong></span> <span class='ocrx_word' id='word_1_192' title='bbox 1038 1581 1212 1620; x_wconf 88' lang='lat' dir='ltr'><strong>Perpetuo</strong></span> <span class='ocrx_word' id='word_1_193' title='bbox 1227 1581 1367 1612; x_wconf 86' lang='lat' dir='ltr'><strong>Vicario</strong></span> <span class='ocrx_word' id='word_1_194' title='bbox 1391 1581 1545 1612; x_wconf 86' lang='lat' dir='ltr'><strong>Ecclesie</strong></span> <span class='ocrx_word' id='word_1_195' title='bbox 1569 1582 1612 1613; x_wconf 88' lang='lat' dir='ltr'><strong>de</strong></span> <span class='ocrx_word' id='word_1_196' title='bbox 1636 1581 1889 1623; x_wconf 80' lang='lat' dir='ltr'><strong>Ermyngtone,</strong></span> 
     </span>
     <span class='ocr_line' id='line_1_28' title="bbox 497 1625 1942 1666; baseline 0.003 -12"><span class='ocrx_word' id='word_1_197' title='bbox 497 1634 633 1655; x_wconf 89' lang='lat' dir='ltr'><strong>necnon</strong></span> <span class='ocrx_word' id='word_1_198' title='bbox 659 1625 848 1665; x_wconf 87' lang='lat' dir='ltr'><strong>Capellano</strong></span> <span class='ocrx_word' id='word_1_199' title='bbox 872 1625 1069 1656; x_wconf 83' lang='lat' dir='ltr'><strong>Parochiali</strong></span> <span class='ocrx_word' id='word_1_200' title='bbox 1094 1625 1249 1656; x_wconf 87' lang='lat' dir='ltr'><strong>Ecclesie</strong></span> <span class='ocrx_word' id='word_1_201' title='bbox 1273 1625 1315 1656; x_wconf 91' lang='lat' dir='ltr'><strong>de</strong></span> <span class='ocrx_word' id='word_1_202' title='bbox 1333 1625 1581 1666; x_wconf 86' lang='lat' dir='ltr'><strong>Uggeburghe,</strong></span> <span class='ocrx_word' id='word_1_203' title='bbox 1598 1626 1760 1666; x_wconf 81' lang='lat' dir='ltr'><strong>salutem,</strong></span> <span class='ocrx_word' id='word_1_204' title='bbox 1776 1628 1891 1658; x_wconf 86' lang='lat' dir='ltr'><strong>etc.—</strong></span> <span class='ocrx_word' id='word_1_205' title='bbox 1940 1644 1942 1646; x_wconf 97' lang='lat'>·</span> 
     </span>
     <span class='ocr_line' id='line_1_29' title="bbox 499 1668 1943 1710; baseline 0.002 -11"><span class='ocrx_word' id='word_1_206' title='bbox 499 1668 587 1699; x_wconf 87' lang='lat' dir='ltr'><strong>Cum</strong></span> <span class='ocrx_word' id='word_1_207' title='bbox 604 1679 667 1700; x_wconf 88' lang='lat' dir='ltr'><strong>nos</strong></span> <span class='ocrx_word' id='word_1_208' title='bbox 685 1669 910 1710; x_wconf 88' lang='lat' dir='ltr'><strong>Sequestrum</strong></span> <span class='ocrx_word' id='word_1_209' title='bbox 927 1669 965 1700; x_wconf 93' lang='lat' dir='ltr'><strong>in</strong></span> <span class='ocrx_word' id='word_1_210' title='bbox 979 1669 1164 1708; x_wconf 80' lang='lat' dir='ltr'><strong>fructibus,</strong></span> <span class='ocrx_word' id='word_1_211' title='bbox 1181 1672 1258 1708; x_wconf 66' lang='lat' dir='ltr'><strong>etc„</strong></span> <span class='ocrx_word' id='word_1_212' title='bbox 1275 1670 1412 1710; x_wconf 85' lang='lat' dir='ltr'><strong>prefate</strong></span> <span class='ocrx_word' id='word_1_213' title='bbox 1430 1670 1584 1701; x_wconf 85' lang='lat' dir='ltr'><strong>Ecclesie</strong></span> <span class='ocrx_word' id='word_1_214' title='bbox 1608 1670 1823 1702; x_wconf 79' lang='lat' dir='ltr'><strong>Parochialis</strong></span> <span class='ocrx_word' id='word_1_215' title='bbox 1845 1670 1889 1703; x_wconf 83' lang='lat' dir='ltr'><strong>de</strong></span> <span class='ocrx_word' id='word_1_216' title='bbox 1927 1674 1943 1707; x_wconf 66' lang='lat' dir='ltr'>J</span> 
     </span>
     <span class='ocr_line' id='line_1_30' title="bbox 499 1713 1944 1756; baseline 0.002 -12"><span class='ocrx_word' id='word_1_217' title='bbox 499 1713 747 1753; x_wconf 79' lang='lat' dir='ltr'><strong>Uggeburghe‚</strong></span> <span class='ocrx_word' id='word_1_218' title='bbox 765 1714 945 1745; x_wconf 83' lang='lat' dir='ltr'><strong>occasione</strong></span> <span class='ocrx_word' id='word_1_219' title='bbox 969 1724 1039 1744; x_wconf 93' lang='lat' dir='ltr'><strong>non</strong></span> <span class='ocrx_word' id='word_1_220' title='bbox 1064 1713 1330 1754; x_wconf 87' lang='lat' dir='ltr'><strong>comparicionis</strong></span> <span class='ocrx_word' id='word_1_221' title='bbox 1354 1714 1516 1754; x_wconf 83' lang='lat' dir='ltr'><strong>Magistri</strong></span> <span class='ocrx_word' id='word_1_222' title='bbox 1539 1714 1711 1746; x_wconf 78' lang='lat' dir='ltr'><strong>Johannis</strong></span> <span class='ocrx_word' id='word_1_223' title='bbox 1734 1714 1888 1756; x_wconf 80' lang='lat' dir='ltr'><strong>Cheyne,</strong></span> <span class='ocrx_word' id='word_1_224' title='bbox 1935 1718 1944 1731; x_wconf 82' lang='grc'>”</span> 
     </span>
     <span class='ocr_line' id='line_1_31' title="bbox 499 1757 1931 1799; baseline 0.002 -11"><span class='ocrx_word' id='word_1_225' title='bbox 499 1757 658 1788; x_wconf 82' lang='lat' dir='ltr'><strong>Rectoris</strong></span> <span class='ocrx_word' id='word_1_226' title='bbox 682 1758 840 1799; x_wconf 87' lang='lat' dir='ltr'><strong>ejusdem</strong></span> <span class='ocrx_word' id='word_1_227' title='bbox 865 1758 1030 1796; x_wconf 84' lang='lat' dir='ltr'><strong>Ecclesie,</strong></span> <span class='ocrx_word' id='word_1_228' title='bbox 1050 1768 1167 1789; x_wconf 85' lang='lat' dir='ltr'><strong>coram</strong></span> <span class='ocrx_word' id='word_1_229' title='bbox 1191 1758 1404 1789; x_wconf 84' lang='lat' dir='ltr'><strong>Justiciariis</strong></span> <span class='ocrx_word' id='word_1_230' title='bbox 1427 1758 1568 1789; x_wconf 87' lang='lat' dir='ltr'><strong>Domini</strong></span> <span class='ocrx_word' id='word_1_231' title='bbox 1584 1759 1695 1790; x_wconf 88' lang='lat' dir='ltr'><strong>nostri</strong></span> <span class='ocrx_word' id='word_1_232' title='bbox 1713 1759 1829 1799; x_wconf 83' lang='lat' dir='ltr'><strong>Regis,</strong></span> <span class='ocrx_word' id='word_1_233' title='bbox 1843 1759 1891 1791; x_wconf 70' lang='lat' dir='ltr'><strong>ad</strong></span> <span class='ocrx_word' id='word_1_234' title='bbox 1930 1783 1931 1786; x_wconf 22' lang='grc' dir='ltr'>η</span> 
     </span>
     <span class='ocr_line' id='line_1_32' title="bbox 498 1802 1936 1846; baseline 0.002 -14"><span class='ocrx_word' id='word_1_235' title='bbox 498 1803 780 1841; x_wconf 87' lang='lat' dir='ltr'><strong>respondendum</strong></span> <span class='ocrx_word' id='word_1_236' title='bbox 806 1802 917 1833; x_wconf 85' lang='lat' dir='ltr'><strong>Priori</strong></span> <span class='ocrx_word' id='word_1_237' title='bbox 946 1802 1168 1843; x_wconf 88' lang='lat' dir='ltr'><strong>Plymptonie</strong></span> <span class='ocrx_word' id='word_1_238' title='bbox 1194 1803 1237 1833; x_wconf 92' lang='lat' dir='ltr'><strong>de</strong></span> <span class='ocrx_word' id='word_1_239' title='bbox 1263 1802 1397 1833; x_wconf 87' lang='lat' dir='ltr'><strong>Placito</strong></span> <span class='ocrx_word' id='word_1_240' title='bbox 1421 1803 1513 1843; x_wconf 91' lang='lat' dir='ltr'><strong>quod</strong></span> <span class='ocrx_word' id='word_1_241' title='bbox 1537 1803 1701 1835; x_wconf 86' lang='lat' dir='ltr'><strong>redderet</strong></span> <span class='ocrx_word' id='word_1_242' title='bbox 1725 1803 1758 1834; x_wconf 85' lang='lat' dir='ltr'><strong>ei</strong></span> <span class='ocrx_word' id='word_1_243' title='bbox 1790 1802 1887 1846; x_wconf 76' lang='lat' dir='ltr'><strong>xlviij</strong></span> <span class='ocrx_word' id='word_1_244' title='bbox 1915 1809 1936 1846; x_wconf 38' lang='grc' dir='ltr'>ῃ</span> 
     </span>
     <span class='ocr_line' id='line_1_33' title="bbox 498 1847 1889 1887; baseline 0.002 -11"><span class='ocrx_word' id='word_1_245' title='bbox 498 1856 645 1885; x_wconf 86' lang='lat' dir='ltr'><strong>marcas,</strong></span> <span class='ocrx_word' id='word_1_246' title='bbox 662 1857 728 1887; x_wconf 90' lang='lat' dir='ltr'><strong>que</strong></span> <span class='ocrx_word' id='word_1_247' title='bbox 752 1847 866 1878; x_wconf 86' lang='lat' dir='ltr'><strong>eidem</strong></span> <span class='ocrx_word' id='word_1_248' title='bbox 889 1849 1027 1878; x_wconf 86' lang='lat' dir='ltr'><strong>restant</strong></span> <span class='ocrx_word' id='word_1_249' title='bbox 1050 1847 1214 1878; x_wconf 87' lang='lat' dir='ltr'><strong>solvende</strong></span> <span class='ocrx_word' id='word_1_250' title='bbox 1238 1847 1280 1877; x_wconf 88' lang='lat' dir='ltr'><strong>de</strong></span> <span class='ocrx_word' id='word_1_251' title='bbox 1304 1857 1421 1878; x_wconf 85' lang='lat' dir='ltr'><strong>annuo</strong></span> <span class='ocrx_word' id='word_1_252' title='bbox 1436 1847 1577 1878; x_wconf 90' lang='lat' dir='ltr'><strong>redditu</strong></span> <span class='ocrx_word' id='word_1_253' title='bbox 1592 1847 1775 1879; x_wconf 87' lang='lat' dir='ltr'><strong>duodecim</strong></span> <span class='ocrx_word' id='word_1_254' title='bbox 1798 1857 1889 1879; x_wconf 77' lang='lat' dir='ltr'><strong>mm·-</strong></span> 
     </span>
     <span class='ocr_line' id='line_1_34' title="bbox 498 1891 1890 1932; baseline 0.002 -11"><span class='ocrx_word' id='word_1_255' title='bbox 498 1900 630 1929; x_wconf 87' lang='lat' dir='ltr'><strong>carum‚</strong></span> <span class='ocrx_word' id='word_1_256' title='bbox 657 1891 723 1922; x_wconf 88' lang='lat' dir='ltr'><strong>sibi</strong></span> <span class='ocrx_word' id='word_1_257' title='bbox 748 1891 792 1922; x_wconf 84' lang='lat' dir='ltr'><strong>ab</strong></span> <span class='ocrx_word' id='word_1_258' title='bbox 818 1891 893 1931; x_wconf 90' lang='lat' dir='ltr'><strong>ipso</strong></span> <span class='ocrx_word' id='word_1_259' title='bbox 918 1893 954 1922; x_wconf 89' lang='lat' dir='ltr'><strong>et</strong></span> <span class='ocrx_word' id='word_1_260' title='bbox 979 1891 1075 1922; x_wconf 85' lang='lat' dir='ltr'><strong>dicta</strong></span> <span class='ocrx_word' id='word_1_261' title='bbox 1098 1891 1264 1929; x_wconf 86' lang='lat' dir='ltr'><strong>Ecclesia,</strong></span> <span class='ocrx_word' id='word_1_262' title='bbox 1281 1893 1321 1921; x_wconf 89' lang='lat' dir='ltr'><strong>ut</strong></span> <span class='ocrx_word' id='word_1_263' title='bbox 1344 1891 1482 1930; x_wconf 86' lang='lat' dir='ltr'><strong>dicitur,</strong></span> <span class='ocrx_word' id='word_1_264' title='bbox 1507 1891 1716 1931; x_wconf 85' lang='lat' dir='ltr'><strong>debitarum,</strong></span> <span class='ocrx_word' id='word_1_265' title='bbox 1739 1901 1804 1932; x_wconf 87' lang='lat' dir='ltr'><strong>per</strong></span> <span class='ocrx_word' id='word_1_266' title='bbox 1825 1901 1890 1924; x_wconf 85' lang='lat' dir='ltr'><strong>nos</strong></span> 
     </span>
     <span class='ocr_line' id='line_1_35' title="bbox 499 1935 1888 1976; baseline 0.002 -11"><span class='ocrx_word' id='word_1_267' title='bbox 499 1935 587 1966; x_wconf 87' lang='lat' dir='ltr'><strong>alias</strong></span> <span class='ocrx_word' id='word_1_268' title='bbox 611 1935 678 1966; x_wconf 87' lang='lat' dir='ltr'><strong>rite</strong></span> <span class='ocrx_word' id='word_1_269' title='bbox 703 1935 961 1975; x_wconf 86' lang='lat' dir='ltr'><strong>interpositum,</strong></span> <span class='ocrx_word' id='word_1_270' title='bbox 986 1946 1027 1966; x_wconf 91' lang='lat' dir='ltr'><strong>eo</strong></span> <span class='ocrx_word' id='word_1_271' title='bbox 1050 1936 1142 1976; x_wconf 92' lang='lat' dir='ltr'><strong>quod</strong></span> <span class='ocrx_word' id='word_1_272' title='bbox 1158 1935 1253 1966; x_wconf 89' lang='lat' dir='ltr'><strong>idem</strong></span> <span class='ocrx_word' id='word_1_273' title='bbox 1269 1935 1439 1975; x_wconf 81' lang='lat' dir='ltr'><strong>Magister</strong></span> <span class='ocrx_word' id='word_1_274' title='bbox 1453 1936 1475 1966; x_wconf 86' lang='lat' dir='ltr'>J</span> <span class='ocrx_word' id='word_1_275' title='bbox 1477 1936 1633 1967; x_wconf 85' lang='lat' dir='ltr'><strong>ohannes</strong></span> <span class='ocrx_word' id='word_1_276' title='bbox 1649 1946 1768 1967; x_wconf 88' lang='lat' dir='ltr'><strong>coram</strong></span> <span class='ocrx_word' id='word_1_277' title='bbox 1783 1935 1888 1968; x_wconf 80' lang='lat' dir='ltr'><strong>dictis</strong></span> 
     </span>
     <span class='ocr_line' id='line_1_36' title="bbox 498 1979 1931 2022; baseline 0.001 -12"><span class='ocrx_word' id='word_1_278' title='bbox 498 1979 710 2010; x_wconf 85' lang='lat' dir='ltr'><strong>Justiciariis</strong></span> <span class='ocrx_word' id='word_1_279' title='bbox 726 1990 938 2020; x_wconf 87' lang='lat' dir='ltr'><strong>comparere,</strong></span> <span class='ocrx_word' id='word_1_280' title='bbox 955 1982 991 2010; x_wconf 87' lang='lat' dir='ltr'><strong>et</strong></span> <span class='ocrx_word' id='word_1_281' title='bbox 1007 1979 1147 2019; x_wconf 85' lang='lat' dir='ltr'><strong>prefato</strong></span> <span class='ocrx_word' id='word_1_282' title='bbox 1164 1979 1275 2010; x_wconf 86' lang='lat' dir='ltr'><strong>Priori</strong></span> <span class='ocrx_word' id='word_1_283' title='bbox 1288 1979 1323 2009; x_wconf 92' lang='lat' dir='ltr'><strong>in</strong></span> <span class='ocrx_word' id='word_1_284' title='bbox 1335 1979 1535 2020; x_wconf 84' lang='lat' dir='ltr'><strong>hujusmodi</strong></span> <span class='ocrx_word' id='word_1_285' title='bbox 1552 1980 1687 2012; x_wconf 82' lang='lat' dir='ltr'><strong>Placito</strong></span> <span class='ocrx_word' id='word_1_286' title='bbox 1701 1980 1776 2022; x_wconf 83' lang='lat' dir='ltr'><strong>jam</strong></span> <span class='ocrx_word' id='word_1_287' title='bbox 1791 1980 1888 2012; x_wconf 80' lang='lat' dir='ltr'><strong>novi·</strong></span> <span class='ocrx_word' id='word_1_288' title='bbox 1926 1992 1931 2006; x_wconf 52' lang='lat'><strong>⁴«</strong></span> 
     </span>
     <span class='ocr_line' id='line_1_37' title="bbox 498 2023 1930 2065; baseline 0.002 -12"><span class='ocrx_word' id='word_1_289' title='bbox 498 2026 554 2054; x_wconf 86' lang='lat' dir='ltr'><strong>ter</strong></span> <span class='ocrx_word' id='word_1_290' title='bbox 578 2024 788 2064; x_wconf 88' lang='lat' dir='ltr'><strong>respondere</strong></span> <span class='ocrx_word' id='word_1_291' title='bbox 805 2024 952 2062; x_wconf 87' lang='lat' dir='ltr'><strong>curavit,</strong></span> <span class='ocrx_word' id='word_1_292' title='bbox 969 2023 1253 2062; x_wconf 84' lang='lat' dir='ltr'><strong>relaxaverimus,</strong></span> <span class='ocrx_word' id='word_1_293' title='bbox 1269 2023 1412 2064; x_wconf 87' lang='lat' dir='ltr'><strong>justicia</strong></span> <span class='ocrx_word' id='word_1_294' title='bbox 1428 2024 1597 2055; x_wconf 86' lang='lat' dir='ltr'><strong>suadente</strong></span> <span class='ocrx_word' id='word_1_295' title='bbox 1610 2038 1619 2062; x_wconf 88' lang='lat'>;</span> <span class='ocrx_word' id='word_1_296' title='bbox 1642 2024 1751 2062; x_wconf 83' lang='lat' dir='ltr'><strong>vobis,</strong></span> <span class='ocrx_word' id='word_1_297' title='bbox 1767 2024 1888 2065; x_wconf 81' lang='lat' dir='ltr'><strong>igitur,</strong></span> <span class='ocrx_word' id='word_1_298' title='bbox 1928 2048 1930 2050; x_wconf 83' lang='lat'><em>-</em></span> 
     </span>
     <span class='ocr_line' id='line_1_38' title="bbox 498 2067 1888 2110; baseline 0.001 -12"><span class='ocrx_word' id='word_1_299' title='bbox 498 2068 732 2099; x_wconf 88' lang='lat' dir='ltr'><strong>communiter</strong></span> <span class='ocrx_word' id='word_1_300' title='bbox 747 2071 783 2099; x_wconf 91' lang='lat' dir='ltr'><strong>et</strong></span> <span class='ocrx_word' id='word_1_301' title='bbox 799 2068 949 2106; x_wconf 85' lang='lat' dir='ltr'><strong>divisim,</strong></span> <span class='ocrx_word' id='word_1_302' title='bbox 965 2067 1185 2109; x_wconf 85' lang='lat' dir='ltr'><strong>injungimus</strong></span> <span class='ocrx_word' id='word_1_303' title='bbox 1208 2070 1243 2099; x_wconf 87' lang='lat' dir='ltr'><strong>et</strong></span> <span class='ocrx_word' id='word_1_304' title='bbox 1267 2068 1476 2099; x_wconf 88' lang='lat' dir='ltr'><strong>mandamus</strong></span> <span class='ocrx_word' id='word_1_305' title='bbox 1498 2068 1664 2108; x_wconf 85' lang='lat' dir='ltr'><strong>quatinus</strong></span> <span class='ocrx_word' id='word_1_306' title='bbox 1687 2068 1888 2110; x_wconf 78' lang='lat' dir='ltr'><strong>hujusmodi</strong></span> 
     </span>
     <span class='ocr_line' id='line_1_39' title="bbox 500 2112 1928 2154; baseline 0.001 -11"><span class='ocrx_word' id='word_1_307' title='bbox 500 2112 725 2152; x_wconf 78' lang='lat' dir='ltr'><strong>sequestrum</strong></span> <span class='ocrx_word' id='word_1_308' title='bbox 743 2113 792 2143; x_wconf 90' lang='lat' dir='ltr'><strong>sic</strong></span> <span class='ocrx_word' id='word_1_309' title='bbox 807 2122 870 2152; x_wconf 85' lang='lat' dir='ltr'><strong>per</strong></span> <span class='ocrx_word' id='word_1_310' title='bbox 886 2122 949 2143; x_wconf 89' lang='lat' dir='ltr'><strong>nos</strong></span> <span class='ocrx_word' id='word_1_311' title='bbox 965 2112 1075 2143; x_wconf 87' lang='lat' dir='ltr'><strong>fuisse</strong></span> <span class='ocrx_word' id='word_1_312' title='bbox 1091 2115 1127 2143; x_wconf 90' lang='lat' dir='ltr'><strong>et</strong></span> <span class='ocrx_word' id='word_1_313' title='bbox 1143 2122 1218 2143; x_wconf 88' lang='lat' dir='ltr'><strong>esse</strong></span> <span class='ocrx_word' id='word_1_314' title='bbox 1235 2112 1430 2143; x_wconf 85' lang='lat' dir='ltr'><strong>relaxatum</strong></span> <span class='ocrx_word' id='word_1_315' title='bbox 1446 2113 1584 2152; x_wconf 88' lang='lat' dir='ltr'><strong>publice</strong></span> <span class='ocrx_word' id='word_1_316' title='bbox 1600 2115 1637 2144; x_wconf 88' lang='lat' dir='ltr'><strong>et</strong></span> <span class='ocrx_word' id='word_1_317' title='bbox 1660 2113 1890 2154; x_wconf 79' lang='lat' dir='ltr'><strong>solempniter</strong></span> <span class='ocrx_word' id='word_1_318' title='bbox 1924 2152 1928 2154; x_wconf 41' lang='grc'>-</span> 
     </span>
     <span class='ocr_line' id='line_1_40' title="bbox 499 2156 1888 2198; baseline 0.002 -12"><span class='ocrx_word' id='word_1_319' title='bbox 499 2157 684 2195; x_wconf 85' lang='lat' dir='ltr'><strong>nuncietis,</strong></span> <span class='ocrx_word' id='word_1_320' title='bbox 710 2160 746 2188; x_wconf 84' lang='lat' dir='ltr'><strong>et</strong></span> <span class='ocrx_word' id='word_1_321' title='bbox 770 2157 912 2188; x_wconf 85' lang='lat' dir='ltr'><strong>faciatis</strong></span> <span class='ocrx_word' id='word_1_322' title='bbox 937 2167 999 2196; x_wconf 89' lang='lat' dir='ltr'><strong>per</strong></span> <span class='ocrx_word' id='word_1_323' title='bbox 1028 2157 1115 2187; x_wconf 86' lang='lat' dir='ltr'><strong>alios</strong></span> <span class='ocrx_word' id='word_1_324' title='bbox 1141 2156 1252 2187; x_wconf 87' lang='lat' dir='ltr'><strong>eciam</strong></span> <span class='ocrx_word' id='word_1_325' title='bbox 1278 2156 1448 2187; x_wconf 72' lang='lat' dir='ltr'><strong>nunciati.</strong></span> <span class='ocrx_word' id='word_1_326' title='bbox 1495 2157 1541 2187; x_wconf 83' lang='lat' dir='ltr'><strong>Et</strong></span> <span class='ocrx_word' id='word_1_327' title='bbox 1565 2157 1648 2198; x_wconf 91' lang='lat' dir='ltr'><strong>quid</strong></span> <span class='ocrx_word' id='word_1_328' title='bbox 1670 2157 1828 2189; x_wconf 79' lang='lat' dir='ltr'><strong>feceritis</strong></span> <span class='ocrx_word' id='word_1_329' title='bbox 1849 2157 1888 2190; x_wconf 78' lang='lat' dir='ltr'><strong>in</strong></span> 
     </span>
     <span class='ocr_line' id='line_1_41' title="bbox 498 2200 1919 2246; baseline 0.002 -15"><span class='ocrx_word' id='word_1_330' title='bbox 498 2201 678 2241; x_wconf 88' lang='lat' dir='ltr'><strong>premissis</strong></span> <span class='ocrx_word' id='word_1_331' title='bbox 694 2212 767 2239; x_wconf 90' lang='lat' dir='ltr'><strong>nos,</strong></span> <span class='ocrx_word' id='word_1_332' title='bbox 785 2211 864 2232; x_wconf 89' lang='lat' dir='ltr'><strong>cum</strong></span> <span class='ocrx_word' id='word_1_333' title='bbox 880 2211 944 2241; x_wconf 89' lang='lat' dir='ltr'><strong>pro</strong></span> <span class='ocrx_word' id='word_1_334' title='bbox 959 2203 1060 2240; x_wconf 89' lang='lat' dir='ltr'><strong>parte</strong></span> <span class='ocrx_word' id='word_1_335' title='bbox 1084 2200 1170 2231; x_wconf 88' lang='lat' dir='ltr'><strong>dicti</strong></span> <span class='ocrx_word' id='word_1_336' title='bbox 1195 2201 1356 2240; x_wconf 87' lang='lat' dir='ltr'><strong>Magistri</strong></span> <span class='ocrx_word' id='word_1_337' title='bbox 1378 2201 1550 2232; x_wconf 83' lang='lat' dir='ltr'><strong>Johannis</strong></span> <span class='ocrx_word' id='word_1_338' title='bbox 1571 2201 1711 2232; x_wconf 86' lang='lat' dir='ltr'><strong>fueritis</strong></span> <span class='ocrx_word' id='word_1_339' title='bbox 1734 2211 1888 2242; x_wconf 69' lang='lat' dir='ltr'><strong>congrue</strong></span> <span class='ocrx_word' id='word_1_340' title='bbox 1914 2241 1919 2246; x_wconf 35' lang='grc' dir='ltr'>ι</span> 
     </span>
     <span class='ocr_line' id='line_1_42' title="bbox 499 2245 1918 2287; baseline 0.001 -11"><span class='ocrx_word' id='word_1_341' title='bbox 499 2245 669 2285; x_wconf 88' lang='lat' dir='ltr'><strong>requisiti,</strong></span> <span class='ocrx_word' id='word_1_342' title='bbox 702 2246 819 2276; x_wconf 86' lang='lat' dir='ltr'><strong>debite</strong></span> <span class='ocrx_word' id='word_1_343' title='bbox 850 2245 1061 2284; x_wconf 86' lang='lat' dir='ltr'><strong>certificetis,</strong></span> <span class='ocrx_word' id='word_1_344' title='bbox 1094 2245 1318 2277; x_wconf 86' lang='lat' dir='ltr'><strong>Presencium</strong></span> <span class='ocrx_word' id='word_1_345' title='bbox 1343 2255 1423 2276; x_wconf 90' lang='lat' dir='ltr'><strong>cum</strong></span> <span class='ocrx_word' id='word_1_346' title='bbox 1439 2246 1732 2277; x_wconf 87' lang='lat' dir='ltr'><strong>tenore.—Dated</strong></span> <span class='ocrx_word' id='word_1_347' title='bbox 1761 2245 1799 2277; x_wconf 86' lang='lat' dir='ltr'><strong>in</strong></span> <span class='ocrx_word' id='word_1_348' title='bbox 1828 2245 1918 2287; x_wconf 48' lang='lat' dir='ltr'><strong>thoss</strong></span> 
     </span>
     <span class='ocr_line' id='line_1_43' title="bbox 499 2289 1922 2328; baseline 0.001 -8"><span class='ocrx_word' id='word_1_349' title='bbox 499 2290 625 2321; x_wconf 88' lang='lat' dir='ltr'><strong>Palace</strong></span> <span class='ocrx_word' id='word_1_350' title='bbox 641 2293 679 2321; x_wconf 89' lang='lat' dir='ltr'><strong>at</strong></span> <span class='ocrx_word' id='word_1_351' title='bbox 696 2290 834 2328; x_wconf 84' lang='lat' dir='ltr'><strong>Exeter,</strong></span> <span class='ocrx_word' id='word_1_352' title='bbox 853 2290 894 2320; x_wconf 86' lang='lat'><strong>15</strong></span> <span class='ocrx_word' id='word_1_353' title='bbox 912 2289 1043 2320; x_wconf 89' lang='lat' dir='ltr'><strong>March.</strong></span> <span class='ocrx_word' id='word_1_354' title='bbox 1904 2296 1922 2303; x_wconf 88' lang='grc'><strong>’·</strong></span> 
     </span>
    </p>
   </div>
   <div class='ocr_carea' id='block_1_4' title="bbox 454 2349 1920 2578">
    <p class='ocr_par' dir='ltr' id='par_1_10' title="bbox 454 2349 915 2399">
     <span class='ocr_line' id='line_1_44' title="bbox 454 2349 915 2399; baseline 0.002 -13"><span class='ocrx_word' id='word_1_355' title='bbox 454 2349 915 2399; x_wconf 80' lang='lat' dir='ltr'><strong>Letters-Dimissory,-—</strong></span> 
     </span>
    </p>

    <p class='ocr_par' dir='ltr' id='par_1_11' title="bbox 457 2403 1414 2445">
     <span class='ocr_line' id='line_1_45' title="bbox 457 2403 1414 2445; baseline 0.001 -10"><span class='ocrx_word' id='word_1_356' title='bbox 457 2405 609 2436; x_wconf 88' lang='lat' dir='ltr'><strong>Richard</strong></span> <span class='ocrx_word' id='word_1_357' title='bbox 626 2405 768 2444; x_wconf 64' lang='lat' dir='ltr'><strong>Tekere,</strong></span> <span class='ocrx_word' id='word_1_358' title='bbox 787 2405 893 2444; x_wconf 86' lang='lat' dir='ltr'><strong>clerk,</strong></span> <span class='ocrx_word' id='word_1_359' title='bbox 912 2404 930 2418; x_wconf 90' lang='lat'><strong>“</strong></span> <span class='ocrx_word' id='word_1_360' title='bbox 942 2404 986 2436; x_wconf 82' lang='lat' dir='ltr'><strong>ad</strong></span> <span class='ocrx_word' id='word_1_361' title='bbox 1003 2403 1151 2435; x_wconf 87' lang='lat' dir='ltr'><strong>omnes&#39;&#39;</strong></span> <span class='ocrx_word' id='word_1_362' title='bbox 1173 2403 1285 2445; x_wconf 90' lang='lat' dir='ltr'><strong>(same</strong></span> <span class='ocrx_word' id='word_1_363' title='bbox 1302 2403 1414 2445; x_wconf 82' lang='lat' dir='ltr'><strong>date).</strong></span> 
     </span>
    </p>

    <p class='ocr_par' dir='ltr' id='par_1_12' title="bbox 455 2448 1920 2578">
     <span class='ocr_line' id='line_1_46' title="bbox 455 2448 1920 2488; baseline 0.003 -9"><span class='ocrx_word' id='word_1_364' title='bbox 455 2449 607 2480; x_wconf 83' lang='lat' dir='ltr'><strong>William</strong></span> <span class='ocrx_word' id='word_1_365' title='bbox 626 2449 800 2487; x_wconf 83' lang='lat' dir='ltr'><strong>Dunham,</strong></span> <span class='ocrx_word' id='word_1_366' title='bbox 819 2450 858 2480; x_wconf 85' lang='lat' dir='ltr'><strong>R.</strong></span> <span class='ocrx_word' id='word_1_367' title='bbox 875 2449 913 2480; x_wconf 83' lang='lat' dir='ltr'><strong>of</strong></span> <span class='ocrx_word' id='word_1_368' title='bbox 930 2449 1136 2488; x_wconf 84' lang='lat' dir='ltr'><strong>Bradstone,</strong></span> <span class='ocrx_word' id='word_1_369' title='bbox 1154 2449 1362 2488; x_wconf 84' lang='lat' dir='ltr'><strong>subdeacon,</strong></span> <span class='ocrx_word' id='word_1_370' title='bbox 1387 2448 1462 2480; x_wconf 87' lang='lat' dir='ltr'><strong>“ad</strong></span> <span class='ocrx_word' id='word_1_371' title='bbox 1480 2449 1603 2481; x_wconf 89' lang='lat' dir='ltr'><strong>Sacros</strong></span> <span class='ocrx_word' id='word_1_372' title='bbox 1620 2448 1835 2480; x_wconf 83' lang='lat' dir='ltr'><strong>Diaconatus</strong></span> <span class='ocrx_word' id='word_1_373' title='bbox 1849 2450 1887 2481; x_wconf 75' lang='lat' dir='ltr'><strong>et</strong></span> <span class='ocrx_word' id='word_1_374' title='bbox 1911 2475 1920 2483; x_wconf 89' lang='lat'><strong>.-</strong></span> 
     </span>
     <span class='ocr_line' id='line_1_47' title="bbox 500 2491 1910 2534; baseline 0.001 -10"><span class='ocrx_word' id='word_1_375' title='bbox 500 2493 757 2524; x_wconf 88' lang='lat' dir='ltr'><strong>Presbiteratus</strong></span> <span class='ocrx_word' id='word_1_376' title='bbox 789 2494 946 2532; x_wconf 86' lang='lat' dir='ltr'><strong>Ordines,</strong></span> <span class='ocrx_word' id='word_1_377' title='bbox 973 2504 1013 2524; x_wconf 86' lang='lat' dir='ltr'><strong>eo</strong></span> <span class='ocrx_word' id='word_1_378' title='bbox 1044 2503 1111 2523; x_wconf 87' lang='lat' dir='ltr'><strong>non</strong></span> <span class='ocrx_word' id='word_1_379' title='bbox 1145 2493 1307 2524; x_wconf 84' lang='lat' dir='ltr'><strong>obstante</strong></span> <span class='ocrx_word' id='word_1_380' title='bbox 1339 2494 1431 2534; x_wconf 89' lang='lat' dir='ltr'><strong>quod</strong></span> <span class='ocrx_word' id='word_1_381' title='bbox 1462 2493 1498 2524; x_wconf 89' lang='lat' dir='ltr'><strong>in</strong></span> <span class='ocrx_word' id='word_1_382' title='bbox 1529 2493 1666 2525; x_wconf 89' lang='lat' dir='ltr'><strong>Diocesi</strong></span> <span class='ocrx_word' id='word_1_383' title='bbox 1698 2491 1888 2525; x_wconf 75' lang='lat' dir='ltr'><strong>Exoniensi</strong></span> <span class='ocrx_word' id='word_1_384' title='bbox 1908 2511 1910 2513; x_wconf 60' lang='lat'>&gt;</span> 
     </span>
     <span class='ocr_line' id='line_1_48' title="bbox 500 2535 1915 2578; baseline 0 -10"><span class='ocrx_word' id='word_1_385' title='bbox 500 2537 729 2569; x_wconf 82' lang='lat' dir='ltr'><strong>beneficiatus</strong></span> <span class='ocrx_word' id='word_1_386' title='bbox 745 2538 865 2569; x_wconf 83' lang='lat' dir='ltr'><strong>existit</strong></span> <span class='ocrx_word' id='word_1_387' title='bbox 877 2538 894 2551; x_wconf 83' lang='lat'><strong>&#39;&#39;</strong></span> <span class='ocrx_word' id='word_1_388' title='bbox 916 2536 1027 2578; x_wconf 89' lang='lat' dir='ltr'><strong>(same</strong></span> <span class='ocrx_word' id='word_1_389' title='bbox 1045 2535 1156 2577; x_wconf 88' lang='lat' dir='ltr'><strong>(late).</strong></span> <span class='ocrx_word' id='word_1_390' title='bbox 1914 2535 1915 2538; x_wconf 38' lang='lat'>¹</span> 
     </span>
    </p>
   </div>
   <div class='ocr_carea' id='block_1_5' title="bbox 453 2590 1916 2883">
    <p class='ocr_par' dir='ltr' id='par_1_13' title="bbox 453 2590 1916 2749">
     <span class='ocr_line' id='line_1_49' title="bbox 453 2590 1916 2642; baseline -0.001 -14"><span class='ocrx_word' id='word_1_391' title='bbox 453 2591 718 2629; x_wconf 88' lang='lat' dir='ltr'><strong>Institutions</strong></span> <span class='ocrx_word' id='word_1_392' title='bbox 739 2595 781 2629; x_wconf 86' lang='lat' dir='ltr'><strong>to</strong></span> <span class='ocrx_word' id='word_1_393' title='bbox 801 2592 1004 2630; x_wconf 88' lang='lat' dir='ltr'><strong>Benefices</strong></span> <span class='ocrx_word' id='word_1_394' title='bbox 1025 2595 1067 2628; x_wconf 90' lang='lat' dir='ltr'><strong>to</strong></span> <span class='ocrx_word' id='word_1_395' title='bbox 1086 2590 1135 2629; x_wconf 91' lang='lat' dir='ltr'><strong>be</strong></span> <span class='ocrx_word' id='word_1_396' title='bbox 1154 2590 1324 2641; x_wconf 85' lang='lat' dir='ltr'><strong>granted</strong></span> <span class='ocrx_word' id='word_1_397' title='bbox 1345 2590 1399 2642; x_wconf 92' lang='lat' dir='ltr'><strong>by</strong></span> <span class='ocrx_word' id='word_1_398' title='bbox 1418 2591 1487 2630; x_wconf 91' lang='lat' dir='ltr'><strong>the</strong></span> <span class='ocrx_word' id='word_1_399' title='bbox 1507 2591 1705 2630; x_wconf 78' lang='lat' dir='ltr'><strong>Diocesan</strong></span> <span class='ocrx_word' id='word_1_400' title='bbox 1734 2590 1885 2642; x_wconf 81' lang='lat' dir='ltr'><strong>Bishop</strong></span> <span class='ocrx_word' id='word_1_401' title='bbox 1914 2623 1916 2626; x_wconf 80' lang='grc'>,</span> 
     </span>
     <span class='ocr_line' id='line_1_50' title="bbox 505 2645 1915 2694; baseline 0.001 -12"><span class='ocrx_word' id='word_1_402' title='bbox 505 2645 621 2683; x_wconf 84' lang='lat' dir='ltr'><strong>alone</strong></span> <span class='ocrx_word' id='word_1_403' title='bbox 635 2659 645 2692; x_wconf 87' lang='lat'>;</span> <span class='ocrx_word' id='word_1_404' title='bbox 674 2647 909 2683; x_wconf 74' lang='lat' dir='ltr'><strong>Mandatum</strong></span> <span class='ocrx_word' id='word_1_405' title='bbox 928 2645 1092 2683; x_wconf 81' lang='lat' dir='ltr'><strong>Domini</strong></span> <span class='ocrx_word' id='word_1_406' title='bbox 1110 2659 1155 2682; x_wconf 79' lang='lat' dir='ltr'><strong>ne</strong></span> <span class='ocrx_word' id='word_1_407' title='bbox 1174 2646 1260 2694; x_wconf 78' lang='lat' dir='ltr'><strong>quis</strong></span> <span class='ocrx_word' id='word_1_408' title='bbox 1273 2652 1383 2694; x_wconf 78' lang='lat' dir='ltr'><strong>petat</strong></span> <span class='ocrx_word' id='word_1_409' title='bbox 1403 2646 1673 2684; x_wconf 66' lang='lat' dir='ltr'><strong>Inscituciones</strong></span> <span class='ocrx_word' id='word_1_410' title='bbox 1691 2646 1740 2684; x_wconf 84' lang='lat' dir='ltr'><strong>ab</strong></span> <span class='ocrx_word' id='word_1_411' title='bbox 1757 2646 1886 2684; x_wconf 66' lang='lat' dir='ltr'><strong>aliem</strong></span> <span class='ocrx_word' id='word_1_412' title='bbox 1899 2649 1915 2665; x_wconf 75' lang='lat'><strong>“³</strong></span> 
     </span>
     <span class='ocr_line' id='line_1_51' title="bbox 508 2699 1915 2749; baseline 0.001 -13"><span class='ocrx_word' id='word_1_413' title='bbox 508 2700 706 2748; x_wconf 66' lang='lat' dir='ltr'><strong>Episcopo,</strong></span> <span class='ocrx_word' id='word_1_414' title='bbox 729 2707 805 2746; x_wconf 59' lang='lat' dir='ltr'><strong>etc„</strong></span> <span class='ocrx_word' id='word_1_415' title='bbox 827 2707 870 2738; x_wconf 74' lang='lat' dir='ltr'><strong>ut</strong></span> <span class='ocrx_word' id='word_1_416' title='bbox 890 2701 1012 2749; x_wconf 77' lang='lat' dir='ltr'><strong>infra,</strong></span> <span class='ocrx_word' id='word_1_417' title='bbox 1034 2700 1170 2748; x_wconf 80' lang='lat' dir='ltr'><strong>absque</strong></span> <span class='ocrx_word' id='word_1_418' title='bbox 1190 2699 1365 2737; x_wconf 79' lang='lat' dir='ltr'><strong>Licencia</strong></span> <span class='ocrx_word' id='word_1_419' title='bbox 1387 2713 1526 2747; x_wconf 74' lang='lat' dir='ltr'><strong>sua‚-—</strong></span> <span class='ocrx_word' id='word_1_420' title='bbox 1911 2710 1915 2711; x_wconf 51' lang='lat'><em>⁷</em></span> 
     </span>
    </p>

    <p class='ocr_par' dir='ltr' id='par_1_14' title="bbox 455 2753 1885 2794">
     <span class='ocr_line' id='line_1_52' title="bbox 455 2753 1885 2794; baseline 0.001 -10"><span class='ocrx_word' id='word_1_421' title='bbox 455 2754 616 2792; x_wconf 82' lang='lat' dir='ltr'><strong>Thomas,</strong></span> <span class='ocrx_word' id='word_1_422' title='bbox 633 2757 710 2792; x_wconf 59' lang='lat' dir='ltr'><strong>etc„</strong></span> <span class='ocrx_word' id='word_1_423' title='bbox 735 2755 931 2786; x_wconf 83' lang='lat' dir='ltr'><strong>Presidenti</strong></span> <span class='ocrx_word' id='word_1_424' title='bbox 957 2754 1161 2786; x_wconf 86' lang='lat' dir='ltr'><strong>Consistorii</strong></span> <span class='ocrx_word' id='word_1_425' title='bbox 1185 2754 1295 2785; x_wconf 84' lang='lat' dir='ltr'><strong>nostri</strong></span> <span class='ocrx_word' id='word_1_426' title='bbox 1320 2754 1536 2793; x_wconf 86' lang='lat' dir='ltr'><strong>Exoniensis,</strong></span> <span class='ocrx_word' id='word_1_427' title='bbox 1559 2764 1601 2786; x_wconf 82' lang='lat' dir='ltr'><strong>ac</strong></span> <span class='ocrx_word' id='word_1_428' title='bbox 1624 2754 1794 2794; x_wconf 82' lang='lat' dir='ltr'><strong>Magistro</strong></span> <span class='ocrx_word' id='word_1_429' title='bbox 1817 2753 1885 2786; x_wconf 72' lang='lat' dir='ltr'><strong>Ed-</strong></span> 
     </span>
    </p>

    <p class='ocr_par' dir='ltr' id='par_1_15' title="bbox 465 2796 1912 2883">
     <span class='ocr_line' id='line_1_53' title="bbox 465 2796 1912 2840; baseline 0.001 -12"><span class='ocrx_word' id='word_1_430' title='bbox 465 2809 468 2812; x_wconf 84' lang='lat'><strong>·</strong></span> <span class='ocrx_word' id='word_1_431' title='bbox 498 2799 629 2830; x_wconf 89' lang='lat' dir='ltr'><strong>mundo</strong></span> <span class='ocrx_word' id='word_1_432' title='bbox 647 2799 899 2837; x_wconf 85' lang='lat' dir='ltr'><strong>Malmeshulle,</strong></span> <span class='ocrx_word' id='word_1_433' title='bbox 918 2798 1056 2830; x_wconf 78' lang='lat' dir='ltr'><strong>Rectori</strong></span> <span class='ocrx_word' id='word_1_434' title='bbox 1074 2798 1227 2829; x_wconf 85' lang='lat' dir='ltr'><strong>Ecclesie</strong></span> <span class='ocrx_word' id='word_1_435' title='bbox 1244 2798 1458 2830; x_wconf 81' lang='lat' dir='ltr'><strong>Parochialis</strong></span> <span class='ocrx_word' id='word_1_436' title='bbox 1474 2799 1516 2830; x_wconf 88' lang='lat' dir='ltr'><strong>de</strong></span> <span class='ocrx_word' id='word_1_437' title='bbox 1536 2798 1782 2840; x_wconf 79' lang='lat' dir='ltr'><strong>Wytherygge‚</strong></span> <span class='ocrx_word' id='word_1_438' title='bbox 1798 2796 1885 2830; x_wconf 61' lang='lat' dir='ltr'><strong>diod</strong></span> <span class='ocrx_word' id='word_1_439' title='bbox 1906 2814 1912 2823; x_wconf 66' lang='grc'><strong>»-</strong></span> 
     </span>
     <span class='ocr_line' id='line_1_54' title="bbox 498 2841 1884 2883; baseline 0.001 -10"><span class='ocrx_word' id='word_1_440' title='bbox 498 2843 607 2874; x_wconf 88' lang='lat' dir='ltr'><strong>nostri</strong></span> <span class='ocrx_word' id='word_1_441' title='bbox 626 2843 831 2874; x_wconf 89' lang='lat' dir='ltr'><strong>Consistorii</strong></span> <span class='ocrx_word' id='word_1_442' title='bbox 849 2843 1065 2883; x_wconf 84' lang='lat' dir='ltr'><strong>Registrario</strong></span> <span class='ocrx_word' id='word_1_443' title='bbox 1081 2845 1116 2873; x_wconf 88' lang='lat' dir='ltr'><strong>et</strong></span> <span class='ocrx_word' id='word_1_444' title='bbox 1132 2842 1302 2874; x_wconf 83' lang='lat' dir='ltr'><strong>Actorum</strong></span> <span class='ocrx_word' id='word_1_445' title='bbox 1325 2843 1462 2880; x_wconf 84' lang='lat' dir='ltr'><strong>Scribe;</strong></span> <span class='ocrx_word' id='word_1_446' title='bbox 1487 2853 1633 2881; x_wconf 89' lang='lat' dir='ltr'><strong>necnon,</strong></span> <span class='ocrx_word' id='word_1_447' title='bbox 1651 2841 1884 2875; x_wconf 66' lang='lat' dir='ltr'><strong>Poenum-iun</strong></span> 
     </span>
    </p>
   </div>
   <div class='ocr_carea' id='block_1_6' title="bbox 496 2886 1914 2971">
    <p class='ocr_par' dir='ltr' id='par_1_16' title="bbox 496 2886 1914 2971">
     <span class='ocr_line' id='line_1_55' title="bbox 496 2886 1884 2926; baseline 0.001 -9"><span class='ocrx_word' id='word_1_448' title='bbox 496 2890 696 2918; x_wconf 86' lang='lat' dir='ltr'><strong>nostrarum</strong></span> <span class='ocrx_word' id='word_1_449' title='bbox 711 2888 732 2918; x_wconf 86' lang='lat' dir='ltr'><strong>J</strong></span> <span class='ocrx_word' id='word_1_450' title='bbox 737 2887 1004 2918; x_wconf 86' lang='lat' dir='ltr'><strong>urisdiccionum</strong></span> <span class='ocrx_word' id='word_1_451' title='bbox 1021 2887 1058 2917; x_wconf 88' lang='lat' dir='ltr'><strong>in</strong></span> <span class='ocrx_word' id='word_1_452' title='bbox 1069 2887 1226 2918; x_wconf 86' lang='lat' dir='ltr'><strong>Devonia</strong></span> <span class='ocrx_word' id='word_1_453' title='bbox 1240 2890 1276 2918; x_wconf 87' lang='lat' dir='ltr'><strong>et</strong></span> <span class='ocrx_word' id='word_1_454' title='bbox 1294 2886 1480 2925; x_wconf 80' lang='lat' dir='ltr'><strong>cornubia,</strong></span> <span class='ocrx_word' id='word_1_455' title='bbox 1493 2897 1534 2919; x_wconf 82' lang='lat' dir='ltr'><strong>ac</strong></span> <span class='ocrx_word' id='word_1_456' title='bbox 1549 2886 1884 2926; x_wconf 60' lang='lat' dir='ltr'><strong>Archidiaconorum</strong></span> 
     </span>
     <span class='ocr_line' id='line_1_56' title="bbox 496 2929 1914 2971; baseline 0.001 -9"><span class='ocrx_word' id='word_1_457' title='bbox 496 2934 695 2963; x_wconf 87' lang='lat' dir='ltr'><strong>nostrorum</strong></span> <span class='ocrx_word' id='word_1_458' title='bbox 722 2931 864 2970; x_wconf 82' lang='lat' dir='ltr'><strong>Exonie,</strong></span> <span class='ocrx_word' id='word_1_459' title='bbox 888 2931 1061 2970; x_wconf 81' lang='lat' dir='ltr'><strong>Tottonie,</strong></span> <span class='ocrx_word' id='word_1_460' title='bbox 1091 2931 1368 2971; x_wconf 80' lang='lat' dir='ltr'><strong>Barnastapolie,</strong></span> <span class='ocrx_word' id='word_1_461' title='bbox 1393 2933 1430 2962; x_wconf 87' lang='lat' dir='ltr'><strong>et</strong></span> <span class='ocrx_word' id='word_1_462' title='bbox 1455 2931 1630 2963; x_wconf 84' lang='lat' dir='ltr'><strong>Cornubie</strong></span> <span class='ocrx_word' id='word_1_463' title='bbox 1657 2929 1882 2970; x_wconf 68' lang='lat' dir='ltr'><strong>officialibus,</strong></span> <span class='ocrx_word' id='word_1_464' title='bbox 1911 2954 1914 2957; x_wconf 60' lang='grc'><strong><em>«</em></strong></span> 
     </span>
    </p>
   </div>
   <div class='ocr_carea' id='block_1_7' title="bbox 1908 0 1988 3256">
    <p class='ocr_par' dir='ltr' id='par_1_17' title="bbox 1908 0 1988 3256">
     <span class='ocr_line' id='line_1_57' title="bbox 1908 0 1988 3256; baseline 0 0"><span class='ocrx_word' id='word_1_465' title='bbox 1908 0 1988 3256; x_wconf 95' lang='lat' dir='ltr'><strong> </strong></span> 
     </span>
    </p>
   </div>
  </div>
 </body>
</html>
