1988 3256
280 386 308 429 6

278 499 367 531 [A.D.

279 533 356 560 1371-

279 569 315 598 2]-

279 601 343 627 v01.
361 601 401 627 11.

278 976 330 1002 fol.
345 977 370 1002 2.

279 1011 327 1041 [A.
335 1010 368 1036 D.

806 393 910 426 THE
944 391 1187 425 REGISTER
1221 391 1284 424 OF

445 499 663 538 Dominum
685 499 927 549 Episcopum
946 501 988 536 et
1015 499 1103 548 ejus
1132 497 1363 543 Ecclesiam,
1386 497 1636 535 Successores
1662 509 1753 534 suos
1781 498 1823 533 et

442 567 580 592 eorum
598 552 705 591 bona
723 556 862 591 tenore
882 552 1138 590 Presencium
1156 551 1400 589 absolvimus
1429 554 1471 590 et
1498 551 1712 601 quitamus.
1771 550 1823 586 In

443 621 612 658 quorum
633 607 908 645 testimonium
926 610 1131 656 presentes
1151 606 1308 644 Literas
1337 605 1424 643 fieri
1451 605 1618 643 fecimus
1642 608 1684 643 et
1703 603 1824 654 sigilli

444 662 573 700 nostri
593 661 889 699 Camerariatus
917 660 1160 710 appensione
1188 659 1517 697 muniri—Data
1535 659 1740 697 Avinione
1759 657 1824 695 die

442 716 587 753 ultima
606 715 752 753 mensis
771 714 799 752 J
801 715 970 760 anuarii,
992 714 1117 752 Anno
1136 727 1161 751 a
1180 713 1412 751 Nativitate
1427 713 1593 763 Domini
1608 712 1824 750 Millesimo

444 769 596 808 CCCmo
632 769 749 819 lxxj0,
799 768 1032 806 Indiocione
1068 768 1139 814 ixa,
1180 768 1446 806 Pontificatus
1484 766 1735 805 Sanctissimi
1781 766 1824 803 in

443 823 605 862 Christo
638 823 772 860 Patris
805 825 847 861 et
880 822 1046 860 Domini
1077 822 1216 868 nostri,
1249 822 1415 860 Domini
1447 821 1640 872 Gregorii,
1673 820 1825 858 Divina

444 877 708 916 Providencia
728 877 837 927 Pape
857 874 979 923 XImi,
1001 876 1126 914 Anno
1143 877 1283 926 primo.

462 974 633 1013 —Gle‘ro
655 973 845 1013 Civitatis
864 980 898 1011 et
917 973 1094 1011 Diocesis
1113 973 1474 1020 Emoniensiuom—

281 1044 358 1070 1369-
406 1028 600 1068 Urbanus
630 1029 860 1078 Episcopus,
882 1028 1029 1066 Servus
1056 1041 1261 1066 servorum
1290 1028 1377 1074 Dei,
1398 1027 1555 1066 dilectis
1583 1027 1687 1073 filiis,
1709 1026 1826 1064 Clero

279 1078 335 1108 70.]

453 1083 642 1121 Civitatis
661 1086 703 1120 et
722 1082 900 1120 Diocesis
921 1082 1219 1128 Exoniensium,
1241 1082 1422 1128 salutem,
1443 1085 1485 1120 et
1515 1078 1823 1134 [Apostolicam]

443 1136 1009 1175 benediccionem.—Romani
1029 1136 1247 1182 Pontificis,
1269 1149 1387 1186 quem
1406 1136 1551 1173 Pastor
1568 1136 1636 1173 ille
1656 1135 1824 1173 Celestis

443 1195 485 1230 et
506 1191 726 1240 Episcopus
745 1191 981 1236 animarum,
1003 1191 1216 1239 potestatis
1245 1189 1322 1227 sibi
1349 1189 1602 1240 plenitudine
1623 1187 1820 1242 [tradita],

445 1245 632 1283 Ecclesiis
659 1244 834 1294 pretulit,
858 1244 1064 1290 universis,
1095 1244 1211 1293 plene
1239 1244 1387 1294 vigiliis
1415 1243 1627 1282 solicitudo
1654 1243 1823 1293 requirit

444 1302 491 1337 ut
509 1299 594 1349 ipse
608 1299 713 1336 circa
725 1297 940 1348 cujuslibet
954 1301 1107 1335 statum
1123 1298 1298 1336 Ecclesie
1313 1298 1369 1336 sic
1380 1298 1596 1348 vigilanter
1609 1298 1820 1348 excogitet,

444 1354 578 1403 sicque
596 1352 814 1402 prospiciat
834 1351 1058 1402 diligenter,
1081 1355 1128 1389 ut
1146 1365 1217 1402 per
1235 1353 1322 1402 ejus
1341 1351 1641 1402 providenciam
1659 1352 1822 1389 circum-

444 1410 621 1457 spectam
642 1406 828 1443 Ecclesiis
857 1406 1025 1456 singulis
1054 1406 1198 1443 Pastor
1219 1405 1385 1444 accedat
1403 1405 1582 1457 ydoneus
1610 1409 1652 1444 et
1672 1405 1822 1445 Rector

443 1460 634 1511 providus
659 1459 887 1509 deputetur,
917 1473 989 1509 per
1017 1473 1134 1509 quem
1163 1460 1339 1498 Ecclesie
1366 1460 1461 1510 ipse,
1483 1460 1646 1509 superni
1672 1459 1822 1497 favoris

443 1515 594 1552 auxilio
631 1514 887 1564 suffragante,
923 1514 1058 1551 votive
1095 1514 1373 1563 prosperitatis
1411 1513 1656 1552 successibus
1688 1517 1822 1564 gratu-

442 1569 588 1607 lentur.
648 1567 812 1605 Dudum
840 1567 1046 1617 siquidem,
1068 1567 1171 1606 bone
1199 1568 1386 1606 memorie
1404 1568 1433 1605 J
1435 1567 1604 1614 ohanne,
1626 1568 1823 1618 Episcopo

445 1622 675 1668 Exoniensi,
724 1622 909 1672 regimini
947 1622 1187 1660 Exoniensis
1234 1622 1410 1660 Ecclesie
1456 1621 1696 1672 presidente,
1736 1635 1818 1668 nOS,

385 1709 388 1711 Α
443 1677 650 1726 cupientes
678 1675 807 1714 eidem
837 1676 1022 1722 Ecclesie,
1053 1689 1144 1713 cum
1174 1689 1261 1714 eam
1285 1689 1427 1714 vacare
1454 1677 1716 1726 contingeret,
1751 1689 1823 1726 per

443 1730 677 1780 Apostolice
710 1729 823 1767 Sedis
856 1729 1155 1779 providenciam
1187 1730 1329 1768 utilem
1365 1733 1408 1768 et
1439 1729 1636 1781 ydoneam
1666 1743 1822 1780 preesse

444 1797 665 1835 personam,
688 1784 961 1821 Provisionem
980 1784 1105 1833 ipsius
1126 1784 1301 1822 Ecclesie
1320 1783 1575 1834 disposicioni
1597 1787 1640 1822 et
1667 1783 1823 1822 ordina-

443 1839 549 1876 cioni
567 1841 713 1883 nostre,
743 1850 791 1875 ea
818 1838 914 1883 vice,
945 1837 1134 1875 duximus
1164 1838 1389 1887 specialiter
1417 1837 1698 1876 reservandam
1719 1851 1730 1885 3
1758 1837 1822 1876 de-

443 1895 650 1930 cernentes
678 1894 828 1929 extunc
860 1892 1021 1929 irritum
1058 1895 1100 1929 et
1136 1891 1256 1929 inane
1285 1892 1320 1929 si
1349 1905 1460 1930 secus
1491 1905 1610 1942 super
1641 1891 1718 1930 hiis
1750 1905 1822 1942 per

444 1958 720 1996 quoscumque,
742 1946 883 1995 quavis
910 1946 1164 1992 auctoritate,
1186 1946 1358 1983 scienter
1377 1946 1440 1984 vel
1468 1947 1711 1996 ignoranter,
1732 1959 1821 1984 con-

443 2001 619 2050 tingeret
650 1999 897 2048 attemptari.
956 1999 1228 2046 Postmodum,
1261 2012 1366 2046 vero,
1398 1999 1508 2037 dicta
1543 2000 1721 2038 Ecclesia
1749 2013 1821 2050 per

443 2053 622 2104 ejusdem
667 2053 695 2090 J
699 2052 868 2090 ohannis
907 2053 1093 2103 Episcopi
1130 2053 1296 2099 obitum,
1336 2053 1406 2103 qui
1441 2057 1558 2091 extra
1595 2054 1821 2092 Romanam

445 2108 607 2145 Curiam
640 2106 746 2144 diem
778 2107 923 2144 clausit
955 2110 1189 2153 extremum,
1225 2107 1403 2145 Pastoris
1433 2108 1579 2146 solacio
1610 2107 1819 2155 destituta,

444 2161 582 2199 dilecti
601 2161 673 2198 fflii
693 2160 926 2210 Capitulum
953 2160 1132 2211 ejusdem
1161 2161 1347 2207 Ecclesie,
1377 2161 1607 2212 hujusmodi
1630 2162 1822 2201 Reserva-

445 2216 569 2253 cionis
606 2218 648 2252 et
686 2214 859 2260 Decreti,
900 2218 947 2252 ut
986 2215 1190 2262 asseritur,
1231 2213 1400 2268 [forsan]
1447 2216 1589 2266 ignari,
1628 2215 1820 2254 dilectum

445 2269 582 2315 filium,
600 2268 802 2314 Thomam‚
819 2268 1003 2306 Electum
1019 2269 1297 2315 Exoniensem,
1319 2272 1418 2307 tunc
1437 2269 1684 2308 Canonicum
1695 2270 1820 2320 ipsius

447 2323 622 2360 Ecclesie
642 2322 891 2368 Exoniensis‚
913 2323 956 2359 in
984 2322 1274 2372 presbiteratus
1303 2322 1455 2362 Ordine
1477 2324 1755 2371 constitutum,
1776 2325 1820 2362 in

445 2377 713 2414 Exoniensem
751 2376 1037 2426 Episcopatum
1074 2376 1324 2415 concorditer
1360 2377 1597 2428 elegerunt5
1643 2378 1816 2428 ipseque,

445 2430 748 2469 Reservacionis
768 2433 810 2467 et
830 2430 993 2468 Decreti
1020 2430 1291 2480 predictorum
1319 2431 1504 2470 similiter
1529 2432 1688 2479 inscius,
1711 2432 1820 2471 Elec-

444 2485 549 2523 cioni
568 2483 798 2533 hujusmodi
826 2484 944 2530 illius,
966 2483 1043 2522 sibi
1067 2488 1299 2534 presentato
1319 2485 1491 2523 Decreto
1510 2485 1605 2524 licet
1632 2485 1682 2524 de
1709 2485 1820 2525 facto

444 2539 655 2584 consensit,
681 2541 723 2576 et
750 2537 905 2583 deinde,
927 2537 1157 2587 hujusmodi
1177 2538 1468 2577 Reservacione
1496 2543 1538 2577 et
1566 2539 1739 2578 Decreto
1765 2540 1818 2578 ad

443 2593 567 2642 ipsius
587 2591 736 2630 Thome
757 2591 887 2629 Electi
905 2591 1088 2629 deductis
1107 2593 1308 2639 noticiam,
1339 2592 1568 2643 hujusmodi
1598 2594 1818 2633 Eleccionis

443 2646 651 2696 negocium
683 2646 850 2695 proponi
887 2645 984 2683 fecit
1016 2646 1059 2683 in
1093 2645 1338 2684 Consistorio
1370 2659 1502 2685 coram
1535 2647 1660 2686 nobis.
1719 2648 1816 2695 Nos,

442 2700 578 2750 igitur,
617 2698 874 2737 attendentes
917 2699 1166 2738 Eleccionem
1203 2699 1424 2750 predictam
1470 2704 1612 2751 utpote
1647 2705 1739 2751 post
1777 2706 1820 2741 et

442 2757 583 2792 contra
615 2753 948 2791 Reservacionem
984 2756 1026 2791 et
1064 2753 1280 2792 Decretum
1316 2754 1497 2804 predicta
1532 2758 1819 2805 attemptatam

442 2807 575 2853 fuisse,
596 2820 694 2853 eam,
715 2810 836 2857 prout
855 2810 953 2853 erat,
975 2808 1249 2857 reputavimus
1275 2808 1432 2846 irritam
1450 2812 1493 2847 et
1511 2809 1683 2856 inanem,
1704 2813 1747 2848 et
1764 2809 1817 2848 ad

443 2861 716 2899 Provisionem
753 2860 932 2910 ejusdem
965 2861 1140 2900 Ecclesie
1169 2861 1336 2900 celerem
1372 2866 1414 2901 et
1450 2862 1617 2909 felicem,
1656 2862 1707 2902 de
1738 2876 1818 2914 qua

442 2915 577 2953 nullus
605 2918 741 2964 preter
773 2927 855 2960 nos,
885 2927 933 2953 ea
960 2915 1056 2961 vice,
1088 2928 1129 2954 se
1166 2915 1438 2955 intromittere
1467 2920 1657 2966 potuerat
1689 2930 1817 2968 neque

440 2972 610 3020 poterat,
647 2968 938 3007 Reservacione
967 2971 1010 3007 et
1037 2968 1210 3008 Decreto
1242 2969 1530 3021 obsistentibus
1563 2970 1815 3022 supradictis,
