1988 3256
0 2026 4 2040 -
0 1827 10 1973 v-··-·:n·v-.

0 2239 16 3256 fflWW‘Wv-wu
3 2205 6 2207 ,

458 387 747 426 aselsraom
785 387 929 424 coMM
939 389 1253 422 υΝΕ-ΑΝΝΟ
1294 378 1387 423 13⁰.
1603 376 1694 422 491

150 490 225 517 A-T‘·
307 503 455 533 parvum
482 493 604 524 Altare
629 493 722 524 inter
747 493 900 524 Chorum
927 493 1082 524 Ecclesie
1112 495 1230 524 nostre
1257 493 1414 533 predicte
1445 495 1481 524 et
1514 493 1698 524 Summum

153 559 204 585 νο,
217 541 226 545 ’
237 545 252 584 1·
307 538 440 576 Altare,
453 548 495 568 ex
511 540 611 578 parte
622 538 790 577 Australi,
801 537 916 578 capite
929 537 1158 578 discooperto,
1171 548 1252 568 cum
1263 547 1363 568 cereo
1372 537 1538 577 ponderis
1547 538 1697 568 duarum

208 579 215 586 ’
253 578 259 584 '
307 582 475 613 librarum
492 593 570 613 cere
586 582 623 612 in
640 593 748 613 manu
764 592 827 613 sua
843 582 1000 621 ardente,
1017 592 1038 613 a
1054 582 1224 622 principio
1249 582 1377 622 Magne
1402 582 1518 621 Misse,
1535 582 1698 613 videlicet

310 624 483 665 confiteor,
500 637 608 667 usque
631 626 668 657 in
692 627 798 657 finem
821 626 979 667 ejusdem
1006 626 1121 665 Misse,
1144 628 1181 657 et
1204 629 1299 665 tunc,
1323 627 1378 657 vel
1406 624 1450 666 (si
1467 624 1633 666 voluerit)
1653 626 1698 657 ad

308 670 545 709 Offertorium,
562 671 688 702 offerat
703 671 854 702 eundem
871 681 1011 702 cereum
1035 671 1080 701 ad
1104 680 1230 701 manus
1248 670 1430 701 Summam
1448 671 1592 702 Missam
1609 671 1696 702 cele-

307 715 444 746 brantis
457 730 464 753 ;
488 716 509 746 J
511 715 677 754 ohannes,
694 726 787 754 vero,
800 715 912 756 Fylly,
925 715 1130 746 domicellus
1145 715 1230 746 dicti
1244 715 1376 754 Militis,
1387 715 1495 746 habet
1510 715 1697 756 precedere

307 759 564 800 processionem
581 760 617 790 in
635 760 791 791 Ecclesia
806 759 946 800 prefata
961 769 1024 800 per
1039 762 1112 790 tres
1129 759 1212 790 Dies
1228 759 1430 790 Dominicos
1445 760 1535 791 citra
1552 760 1697 791 Festum

309 804 536 835 Pentecostes
550 804 748 844 predictum
763 804 974 843 faciendam,
990 804 1065 835 sine
1081 803 1236 844 capucio,
1253 804 1432 843 mantello,
1448 806 1485 835 et
1502 815 1600 844 zona,
1616 815 1697 835 cum

308 848 458 888 quodam
475 859 576 880 cereo
590 849 627 879 in
644 859 751 879 manu
768 859 831 879 sua
846 848 1010 888 ponderis
1025 848 1130 879 unius
1146 848 1232 879 libre
1249 858 1327 879 cere
1342 848 1509 886 ardente3
1533 851 1579 887 et,
1597 849 1698 880 finita

308 893 528 933 processione
551 893 764 934 hujusmodi,
789 893 897 924 stabit
920 893 955 923 in
980 892 1071 923 Navi
1098 893 1252 924 Ecclesie
1275 895 1394 923 nostre
1418 893 1629 933 supradicte,
1653 893 1698 924 ad

153 936 198 963 sol.
215 938 272 963 105.
307 937 492 968 introitum
510 937 626 976 Chori,
636 940 712 968 toto
728 939 886 978 tempore
902 947 970 977 quo
986 937 1221 968 celebrabitur
1238 937 1367 977 Magna
1378 937 1495 976 Missa,
1507 938 1698 978 offeretque

308 981 442 1012 dictum
458 992 598 1013 cereum
614 982 659 1013 ad
675 992 802 1012 manus
819 981 1001 1012 Summam
1019 981 1162 1012 Missam
1179 981 1400 1020 celebrantis,
1413 984 1571 1022 tempore
1589 982 1698 1013 Offer-

309 1026 390 1057 torii
415 1026 470 1057 vel
494 1026 531 1056 in
558 1027 626 1057 fine
651 1026 810 1067 ejusdem
843 1026 958 1064 Misse,
985 1028 1092 1066 prout
1116 1026 1182 1056 sibi
1212 1026 1384 1066 placuerit
1398 1041 1405 1064 ;
1437 1026 1468 1056 N
1472 1026 1628 1057 icholaus
1655 1027 1698 1057 de

308 1070 579 1111 Asshepertone,
591 1071 786 1101 Willelmus
802 1070 833 1100 N
836 1073 970 1109 ortone,
981 1070 1155 1101 Robertus
1166 1070 1292 1109 Cooke,
1308 1072 1344 1101 et
1355 1070 1530 1101 Walterus
1548 1071 1697 1102 Holbem

307 1115 350 1145 de
366 1114 739 1154 Niwatonebusshelle,
755 1114 887 1146 habent
903 1114 1140 1155 penitenciam
1163 1117 1204 1145 ut
1227 1114 1374 1154 quilibet
1395 1125 1517 1146 eorum
1533 1116 1700 1155 precedat

307 1159 564 1199 processionem
588 1159 624 1190 in
648 1161 844 1190 memorata
873 1159 1028 1190 Ecclesia
1051 1162 1173 1189 nostra
1196 1169 1259 1199 per
1282 1161 1495 1190 memoratos
1519 1162 1592 1190 tres
1615 1160 1698 1191 Dies

308 1203 508 1234 Dominicos
524 1203 614 1235 citra
631 1204 775 1234 Festum
786 1203 1012 1234 Pentecostes
1022 1203 1220 1243 predictum
1232 1203 1443 1242 faciendam,
1455 1204 1529 1235 sine
1542 1205 1697 1244 capucio,

307 1248 486 1286 mantello,
511 1258 608 1286 zona,
634 1250 670 1279 et
697 1247 830 1288 caligis,
857 1258 937 1279 cum
963 1257 1063 1278 cereo
1089 1247 1254 1287 ponderis
1277 1247 1421 1278 dimidie
1445 1248 1533 1279 libre
1557 1259 1636 1280 cere
1661 1249 1698 1279 in

307 1303 415 1322 manu
431 1302 495 1323 sua
510 1292 674 1330 ardente3
698 1294 744 1330 et,
761 1292 862 1322 finita
877 1292 1107 1332 processione,
1125 1292 1234 1322 stabit
1258 1292 1304 1323 ad
1326 1292 1511 1323 introitum
1529 1292 1645 1331 Chori,
1662 1296 1698 1324 et

307 1337 431 1367 offeret
454 1347 594 1368 cereum
619 1336 820 1377 hujusmodi
846 1336 950 1366 modo
977 1346 1045 1376 quo
1070 1336 1230 1376 superius
1256 1339 1310 1367 est
1337 1347 1540 1377 expressum
1553 1352 1560 1374 ;
1588 1337 1697 1376 vobis,

307 1381 425 1420 igitur,
442 1381 652 1412 mandamus
668 1381 834 1421 quatinus
850 1383 1064 1411 memoratos
1082 1380 1230 1411 Militem
1246 1381 1268 1411 J
1270 1381 1457 1419 ohannem,
1475 1381 1696 1421 Nicholaum,

310 1425 530 1463 Willelmum,
549 1425 752 1464 Robertum,
769 1428 806 1456 et
822 1425 1016 1455 Walterum
1033 1425 1175 1463 vocetis,
1189 1425 1337 1465 singulis
1349 1426 1482 1456 Diebus
1495 1426 1696 1464 Dominicis,

306 1479 415 1510 usque
432 1470 477 1500 ad
502 1469 646 1500 Festum
671 1470 898 1500 Pentecostes
921 1469 1152 1507 antedictum,
1176 1472 1216 1500 ut
1233 1470 1408 1508 convenit,
1425 1470 1470 1500 ad
1494 1470 1697 1511 hujusmodi

306 1513 524 1553 penitencias
539 1514 770 1554 peragendas.
817 1513 863 1544 Et
875 1513 958 1554 quid
974 1513 1051 1554 ipsi,
1067 1514 1123 1544 vel
1139 1514 1294 1553 ipsorum
1311 1514 1468 1554 quilibet,
1479 1514 1630 1545 fecerint
1642 1516 1696 1546 vel

306 1557 430 1589 fecerit
453 1558 490 1588 in
506 1558 696 1598 premissis,
713 1557 913 1589 certificetis
928 1568 1003 1596 nos,
1019 1558 1074 1588 vel
1098 1558 1339 1589 Presidentem
1362 1558 1474 1589 nostri
1491 1558 1697 1590 Consistorii

308 1602 524 1640 Exoniensis,
548 1602 638 1634 citra
663 1602 806 1633 Festum
826 1602 1018 1643 >Trinitatis
1040 1602 1198 1642 proximo
1223 1602 1395 1642 futurum,
1421 1603 1548 1634 Literis
1570 1604 1698 1635 vestris

306 1646 510 1686 patentibus
525 1646 738 1677 habentibus
753 1646 847 1677 hunc
862 1646 1194 1678 tenorem—Dated
1211 1649 1248 1678 at
1266 1647 1376 1688 Clyst,
1392 1648 1434 1678 21
1453 1647 1585 1679 March.

260 1699 726 1751 Letters-Dimissory,—

263 1755 397 1787 Master
428 1756 558 1787 Martin
587 1755 819 1793 Leroedekne,
852 1756 891 1786 R.
923 1755 961 1786 of
992 1755 1042 1786 St.
1075 1756 1415 1797 Ruan-Lanyhorne,
1446 1757 1589 1797 deacon,
1622 1757 1696 1789 “ad

308 1800 454 1832 Sacrum
471 1800 730 1831 Presbiteratus
747 1800 914 1831 Ordinem
929 1800 947 1813 ’'
968 1799 1096 1841 (Clyst,
1112 1801 1156 1831 23
1173 1798 1325 1841 March).

355 2105 596 2190 [sangario
651 2107 786 2159 &nui
834 2107 1196 2159 §incarnacionis
1250 2104 1493 2169 Eanum]

153 2208 227 2235 A-D·
261 2207 397 2259 ginno
431 2205 610 2257 ἓοιιιὶιιὶ
641 2204 898 2256 (ᾒὶἰιῑωίιηο
934 2204 1246 2246 Ῑτεῦίειιῒεείιηο
1281 2205 1534 2255 oclnqteimo
1571 2204 1697 2246 tercio

315 2259 555 2312 iutipienie,
587 2261 626 2301 ct
657 2258 1010 2302 OEonssettatiouiz
1039 2258 1219 2311 {loanni
1249 2258 1546 2300 tettinhecimo.

263 2335 457 2374 Liskeard
474 2349 485 2383 3
514 2335 675 2373 Licence
695 2341 732 2372 to
751 2335 1000 2379 celebrate,—

264 2393 367 2431 Item,
384 2392 524 2430 ibidem,
542 2391 646 2431 xxviij
665 2391 720 2430 die
738 2391 868 2421 mensis
886 2391 1017 2429 Marcii,
1033 2391 1185 2421 Jacobus
1201 2391 1243 2421 de
1270 2390 1436 2422 Firsdone
1460 2393 1496 2422 et
1521 2391 1696 2430 Margeria

309 2447 395 2467 uxor
410 2435 487 2476 ejus
503 2435 703 2465 habuerunt
716 2434 918 2466 ‹Licenciam
933 2435 976 2466 de
993 2435 1161 2466 celebrari
1179 2434 1340 2466 faciendo
1357 2435 1483 2465 Divina
1499 2435 1535 2465 in
1553 2435 1696 2475 Capella

309 2481 381 2511 sive
398 2480 558 2511 Oratorio
575 2479 669 2509 infra
686 2479 881 2509 Manerium
906 2489 1007 2509 suum
1031 2479 1074 2509 de
1100 2479 1278 2518 Firsdone,
1302 2479 1338 2509 in
1363 2479 1534 2510 Parochia
1550 2480 1592 2510 de
1610 2480 1694 2520 Lys-

309 2525 416 2556 kerde
433 2524 613 2562 situatum,
630 2533 692 2563 per
701 2523 914 2563 presbiteros
925 2523 1090 2564 ydoneOS,
1104 2523 1140 2554 in
1151 2523 1342 2563 presencia,
1359 2527 1427 2555 etc.

261 2581 320 2618 St.
342 2579 443 2616 Kew
459 2591 469 2625 3
497 2578 579 2615 Pro
600 2577 830 2626 Capella,—

266 2635 368 2672 Item,
385 2634 524 2671 ibidem,
542 2633 621 2663 xxix
645 2633 700 2663 die
725 2632 857 2670 Marcii,
875 2632 1045 2671 Magister
1066 2633 1246 2664 Johannes
1270 2633 1476 2671 Restaurek,
1501 2633 1697 2673 Perpetuus

312 2678 471 2709 Vicarius
495 2677 648 2708 Ecclesie
673 2676 886 2708 Parochialis
909 2677 952 2707 de
978 2677 1152 2716 Ladohou,
1170 2677 1206 2707 in
1231 2677 1417 2715 Cornubia,
1434 2677 1557 2708 habuit
1575 2677 1694 2708 Licen-

310 2723 399 2754 ciam
417 2721 615 2753 celebrandi
631 2723 667 2752 et
683 2721 852 2751 celebrari
867 2721 1020 2752 faciendi
1032 2721 1169 2759 Divina,
1182 2731 1245 2761 per
1257 2721 1468 2761 presbiteros
1480 2722 1645 2762 ydoneos,
1659 2722 1696 2752 in
1713 2751 1716 2754 ,

310 2766 452 2807 Capella
469 2765 588 2796 Sancti
612 2765 774 2804 Aldelmi,
799 2765 842 2795 de
866 2765 1047 2804 Ammelk,
1071 2765 1166 2796 infra
1190 2765 1396 2796 Parochiam
1420 2775 1520 2796 suam
1545 2766 1696 2804 situata;

307 2810 484 2851 quamdiu,
500 2812 567 2841 etc.

262 2864 541 2910 confession-⁴33
569 2863 628 2900 De
643 2862 819 2911 eliyendo
841 2861 1176 2911 Conspe-sorem,—

265 2921 368 2958 Item,
384 2919 516 2950 cisdem
533 2918 590 2949 die
613 2920 649 2948 et
673 2918 758 2956 loco,
783 2918 954 2948 Dominus
978 2917 1129 2948 Thomas
1154 2918 1317 2956 Bartone,
1336 2918 1463 2949 Rector
1481 2918 1633 2950 Ecclesie
1651 2919 1693 2950 de

309 2963 566 3002 Ilfridecombe,
583 2962 706 2993 habuit
722 2962 921 2993 Licenciam
937 2961 1089 3002 eligendi
1106 2962 1351 2993 Confessorem
1365 2977 1373 3001 ;
1397 2963 1573 3003 quamdiu,
1590 2966 1657 2995 etc.
