1988 3256
1975 192 1988 362 ξ

280 366 375 409 410
497 379 598 413 THE
622 380 870 416 REGISTER
893 381 953 415 oF
977 382 1160 418 BISHOP
1184 384 1591 420 BRANTYNGHAM.

278 477 355 521 Ας-Β-
423 484 570 520 pareant
588 492 703 515 coram
724 481 872 516 officiali
892 483 1081 528 Principali
1102 485 1301 527 Exoniensi,
1326 497 1385 520 seu
1407 486 1661 527 commissario,
1685 489 1766 526 etc„
1789 485 1827 517 in

278 511 353 572 ξέξξ·
362 545 386 572 1·
422 524 578 557 Ecclesia
593 525 792 575 Cathedrali
808 528 950 569 Exonie,
970 529 1024 561 die
1039 529 1136 562 Lune
1151 531 1309 573 proximo
1325 534 1405 573 post
1421 531 1564 564 Festum
1580 529 1826 572 Concepcionis

425 568 532 601 Beate
555 569 666 602 Marie
688 571 847 613 proximo
870 572 1039 614 futurum,
1066 577 1131 606 etc.
1180 574 1228 607 Et
1250 573 1380 607 habent
1404 575 1448 608 ad
1471 574 1732 607 certificandum
1755 572 1824 606 dic-

427 615 504 644 tum
522 611 723 655 Officialem,
744 618 824 656 etc„
846 615 892 648 ad
909 616 1020 649 dictos
1039 617 1131 650 diem
1148 621 1184 650 ct
1200 617 1325 660 locum,
1346 622 1411 652 ete.

390 670 639 711 Parliament
652 686 663 720 ;
690 674 773 712 Pro
792 674 1137 722 Parliamento,-—

382 724 484 767 Item,
506 725 646 770 ibidem,
667 728 749 761 xvto
769 728 834 768 die,
857 730 1033 762 emanavit
1052 730 1259 763 Mandatum
1280 730 1450 764 directum
1471 730 1617 764 officiali
1638 728 1829 773 Principali

426 769 625 812 Exoniensi‚
659 782 731 812 seu,
764 772 841 815 ipso
874 772 1026 813 absente,
1062 773 1259 807 Presidenti
1292 774 1496 808 Consistorii
1531 774 1747 814 Exoniensiae,
1781 773 1827 807 ad

422 814 659 856 exequendum
678 815 792 848 Breve
810 816 959 859 Regium
978 827 1041 860 pro
1062 817 1296 850 Parliamento
1317 818 1467 851 Domino
1489 819 1669 859 directum,
1692 822 1758 851 etc.

386 874 442 912 St.
468 873 675 912 German's
691 875 835 927 Priory
847 889 859 924 3
888 877 1047 914 Manda
1065 891 1135 915 um
1147 892 1225 928 pro
1247 878 1452 926 Guratore,
1474 878 1554 916 sive
1569 877 1819 929 Goadjutore,

439 927 603 966 Prioris
622 929 763 967 ›S'ancti
786 930 1065 978 Germani,—t

379 980 481 1022 Item,
501 981 640 1024 ibidem,
660 983 757 1025 xvjto
776 983 843 1025 die,
863 985 1039 1018 emanavit
1057 984 1266 1018 Mandatum
1284 985 1454 1019 directum
1472 984 1620 1019 officiali
1637 985 1828 1019 Peouliaris

423 1025 687 1060 Jurisdiccionis
704 1028 741 1060 in
760 1027 947 1070 Cornubia,
968 1029 1013 1061 ad
1031 1029 1261 1062 amovendum
1282 1029 1442 1062 Fratrem
1460 1029 1484 1062 J
1486 1029 1655 1062 ohannem
1673 1029 1824 1071 Averey,

423 1067 703 1103 Concanonicum
729 1070 912 1105 Prioratus
939 1072 1058 1106 Sancti
1085 1072 1260 1112 Germani,
1290 1073 1327 1104 in
1355 1071 1540 1111 Cornubia,
1572 1082 1675 1115 quem
1703 1073 1828 1105 Frater

422 1112 628 1155 Willelmus,
654 1113 757 1147 Prior
778 1114 959 1148 Prior-atus
982 1115 1140 1158 predicti,
1166 1116 1203 1148 in
1226 1115 1484 1158 Coadjutorem,
1510 1117 1583 1149 sive
1608 1115 1824 1155 Curatorem,

421 1155 536 1199 elegit,
563 1155 608 1189 ab
632 1158 724 1190 omni
750 1158 1052 1191 administracione
1077 1158 1312 1201 spiritualium
1337 1163 1374 1192 et
1397 1158 1642 1202 temporalium
1667 1159 1823 1201 ejusdem

418 1200 621 1241 Prioratus;
650 1205 685 1234 et
704 1201 748 1234 ad
768 1201 963 1244 eligendum
984 1207 1020 1236 et
1039 1203 1189 1236 fideliter
1208 1203 1456 1245 preficiendum
1476 1213 1583 1235 unum
1603 1203 1718 1235 virum
1736 1202 1820 1244 ydo-

419 1254 521 1276 neum
542 1244 583 1277 de
603 1244 845 1278 Confratribus
866 1245 1021 1287 ejusdem
1043 1245 1235 1286 Prioratus,
1259 1250 1295 1279 et
1315 1247 1361 1279 ad
1381 1247 1617 1288 recipiendum
1637 1246 1680 1279 ab
1701 1246 1821 1279 eodem

272 1286 320 1315 fol.
334 1286 395 1313 76b.
421 1286 577 1320 debitum
593 1288 637 1320 ad
651 1299 691 1320 ea
705 1287 942 1330 juramentum
958 1289 1051 1331 quod
1064 1289 1202 1323 inutilia
1217 1290 1320 1323 dictis
1336 1289 1524 1330 Prioratui,
1541 1290 1667 1331 Priori,
1685 1293 1721 1322 et
1736 1289 1822 1323 Con-

418 1332 538 1364 ventui
562 1331 760 1365 nullatenus
785 1331 978 1366 excercebit
1000 1343 1062 1365 nec
1088 1332 1301 1375 procurabit,
1327 1344 1389 1366 nec
1415 1334 1585 1366 excerceri
1610 1333 1812 1375 permittet;

419 1374 530 1417 fidele,
556 1376 708 1417 insuper,
734 1375 975 1408 Inventarium
997 1386 1059 1417 per
1082 1376 1319 1417 Indenturam,
1346 1377 1557 1419 quamcicius
1579 1376 1654 1409 fieri
1678 1377 1819 1419 poterit,

420 1418 588 1460 conficiet,
611 1419 704 1461 quod
722 1420 758 1451 in
777 1419 845 1452 fine
866 1419 1054 1461 cujuslibet
1073 1420 1151 1452 anni
1173 1420 1334 1460 Domino,
1358 1424 1420 1452 aut
1441 1420 1638 1462 deputando
1659 1430 1721 1462 per
1740 1430 1820 1452 eun-

416 1462 503 1503 dem,
528 1466 563 1495 et
583 1462 790 1504 Conventui,
814 1463 979 1505 quamdiu
1000 1465 1036 1496 in
1057 1463 1257 1505 hujusmodi
1279 1463 1400 1496 Officio
1423 1465 1570 1504 steterit,
1595 1464 1637 1497 de
1657 1462 1816 1496 omnibus

418 1506 566 1550 receptis
590 1509 625 1538 et
648 1507 807 1548 expensis
829 1506 950 1539 reddet
973 1507 1168 1547 racionem3
1200 1506 1472 1540 contradictores
1496 1509 1532 1540 et
1554 1505 1709 1548 rebelles,
1728 1510 1817 1550 etc„

418 1549 588 1581 Uanonice
610 1550 865 1591 compescendo.
914 1551 962 1583 Et
981 1549 1088 1583 habet
1109 1551 1152 1583 ad
1175 1550 1435 1583 certificandum
1454 1551 1654 1590 Dominum,
1677 1553 1738 1582 aut
1759 1549 1817 1582 Of-

415 1592 561 1625 ficialem
580 1593 823 1636 Principalem,
843 1591 936 1626 infra
952 1594 1080 1637 viginti
1097 1593 1170 1626 dies
1189 1597 1270 1636 post
1287 1594 1522 1636 recepcionem
1541 1594 1626 1627 dicti
1644 1593 1816 1633 Mandati,

417 1647 486 1668 una
502 1647 579 1668 cum
596 1637 698 1669 modo
715 1640 750 1669 et
766 1637 876 1669 forma
894 1638 1109 1670 execucionis
1126 1649 1164 1670 ac
1182 1642 1301 1670 tenore
1319 1638 1445 1680 prioris
1461 1638 1621 1670 Mandati
1638 1637 1722 1670 alias
1740 1635 1814 1668 Ma-

416 1680 525 1722 gistro
542 1678 619 1713 Ade
638 1679 770 1723 Sparke
786 1681 883 1713 missi
900 1681 936 1712 in
952 1679 1017 1713 hac
1034 1684 1146 1723 parte,
1166 1691 1229 1724 per
1245 1681 1382 1715 Literas
1399 1692 1478 1714 suas
1495 1679 1667 1724 patentes,
1688 1685 1753 1714 etc.

376 1744 526 1794 Chapel
539 1758 550 1792 5
579 1745 741 1782 Licence
760 1751 796 1782 to
816 1745 1064 1790 celebrate,—

372 1798 474 1840 Item‚
498 1798 627 1831 eisdem
648 1799 703 1831 die
725 1802 761 1832 et
781 1798 867 1839 loco,
893 1799 1063 1832 Dominus
1086 1799 1255 1832 concessit
1277 1799 1473 1832 Licenciam
1495 1798 1644 1832 Domino
1666 1799 1816 1832 Ricardo

419 1843 600 1883 Serceaux,
617 1842 737 1883 Militi,
756 1846 792 1875 et
807 1843 883 1884 ejus
898 1843 1009 1881 uxori,
1029 1842 1120 1884 quod
1135 1842 1270 1884 possint
1287 1842 1409 1883 facere,
1429 1846 1494 1875 etc.
1512 1855 1520 1882 3
1543 1853 1687 1883 necnon,
1705 1843 1741 1875 in
1759 1842 1816 1876 ab·

416 1887 531 1918 sencia
549 1886 746 1926 eorundem,
766 1896 829 1928 pro
846 1885 964 1919 liberis
982 1890 1017 1919 et
1035 1885 1168 1919 familia
1186 1885 1392 1925 eorundem3
1417 1886 1454 1918 in
1472 1885 1613 1928 Capella
1630 1887 1721 1919 infra
1740 1885 1813 1919 Ma-

414 1930 547 1962 nerium
573 1930 727 1971 ipsorum
752 1930 793 1962 de
819 1929 985 1972 Kilquide
1010 1929 1187 1972 [Kilquite
1212 1940 1252 1962 or
1279 1929 1466 1972 Colquile],
1494 1930 1586 1963 infra
1611 1927 1817 1962 Parochiam

415 1974 543 2007 Sancte
567 1972 727 2015 Mabene,
757 1974 793 2005 in
821 1972 1006 2012 Cornubia,
1036 1973 1216 2013 situatum,
1247 1977 1337 2012 etc.;
1373 1973 1540 2016 quamdiu
1565 1973 1715 2006 Domino
1742 1972 1814 2015 pla-

415 2018 538 2058 cuerit,
561 2020 626 2050 etc.
1662 2022 1665 2026 '

377 2084 410 2121 A
436 2081 647 2120 rebellious
672 2082 1074 2129 Friar321sandatum
1093 2095 1169 2131 pro
1195 2081 1455 2120 abusionibus
1476 2082 1715 2132 perpetratis
1736 2096 1812 2133 per

429 2137 613 2174 Fratrem
642 2136 874 2174 Martinam
899 2136 1137 2183 Halscombe,
1170 2136 1336 2175 Ordinis
1365 2137 1560 2174 Fratrum
1586 2137 1811 2176 Predicato-

427 2204 587 2237 rum,—

370 2245 530 2280 'l'homas,
547 2248 627 2283 etc.,
644 2242 896 2275 Archidiacono
912 2243 1054 2281 Exonie,
1071 2243 1126 2275 vel
1140 2244 1216 2284 ejus
1231 2242 1389 2283 Officiali,
1407 2243 1565 2284 salutem,
1581 2243 1818 2286 eto—Nuper

414 2288 671 2328 Sanctissimus,
690 2290 771 2326 etc„
788 2286 958 2319 Dominus
974 2285 1150 2328 Urbanus,
1169 2287 1298 2319 Divina
1315 2286 1543 2320 Providencia
1560 2287 1658 2330 Papa
1673 2287 1811 2326 Sextus,

413 2331 532 2363 volens
554 2330 726 2372 Populum
745 2329 976 2372 Anglicanum
997 2330 1039 2362 de
1059 2328 1233 2362 erroribus
1254 2329 1450 2363 enormibus
1471 2341 1534 2372 per
1554 2330 1725 2372 quendam
1745 2330 1811 2362 Ro-

409 2373 558 2416 bertum,
578 2374 803 2417 Antipapam,
825 2373 884 2415 qui
903 2383 989 2406 ausu
1004 2373 1187 2406 temerario
1206 2384 1241 2406 se
1259 2373 1470 2406 Clementem
1489 2374 1621 2416 Papam
1639 2374 1807 2414 nominat,

411 2422 533 2452 contra
555 2418 677 2452 Sedem
696 2417 935 2460 Apostolicam
956 2421 992 2450 et
1012 2416 1157 2449 eundem
1179 2416 1367 2450 Dominum
1388 2416 1583 2458 Urbanum,
1607 2417 1740 2450 dudum
1759 2420 1810 2450 at-

410 2462 602 2504 temptatis,
622 2462 783 2494 devocius
799 2461 991 2500 informari,
1010 2460 1231 2499 Reverendis‚
1250 2464 1329 2497 etc.,
1348 2459 1618 2503 Archiepiscopo
1630 2461 1810 2495 Cantuari-

409 2506 493 2545 ensi,
520 2505 713 2547 Episcopis,
741 2508 777 2538 et
801 2505 924 2538 ceteris
948 2504 984 2536 in
1008 2504 1129 2546 Regno
1155 2502 1281 2545 Anglie
1307 2504 1468 2546 Prelaffis,
1497 2505 1567 2538 suis
1592 2505 1749 2547 precepit
1773 2508 1809 2538 et

411 2550 507 2582 dedit
538 2549 666 2582 Literis
697 2550 733 2581 in
763 2547 938 2581 mandatis
969 2548 1013 2580 ad
1041 2547 1293 2590 'predicandum
1324 2552 1445 2581 contra
1476 2549 1673 2591 iniquitatis
1703 2549 1804 2588 filios,

408 2592 611 2634 Robertum,
631 2592 845 2634 Antipapam
865 2591 1115 2634 supradictum,
1136 2595 1171 2624 et
1189 2592 1265 2633 ejus
1283 2591 1466 2633 complices
1485 2595 1520 2624 et
1538 2602 1710 2634 sequaces,
1731 2602 1807 2624 nec-

406 2647 475 2669 non
500 2635 689 2675 credentes,
716 2638 961 2677 receptatores,
988 2638 1023 2667 et-
1047 2635 1200 2667 fautores
1226 2644 1355 2676 eorum,
1383 2645 1582 2676 erroresque
1608 2645 1736 2673 eorum,
1765 2646 1805 2668 ac

408 2679 591 2713 nonnullos
619 2678 816 2719 Processus,
849 2678 1058 2717 Sentencias
1090 2681 1126 2711 et
1154 2677 1336 2715 censuras,
1367 2688 1430 2720 per
1457 2678 1588 2712 dictum
1618 2678 1807 2712 Dominum

406 2722 588 2756 Urbanum
606 2725 726 2755 contra
743 2722 837 2763 ipsos
854 2720 992 2754 habitos
1011 2725 1046 2754 et
1063 2720 1229 2763 prolatos,
1249 2719 1496 2762 publicandum
1514 2725 1549 2754 et
1566 2722 1805 2764 exponendum

408 2766 644 2808 sollempniter
657 2766 694 2798 in
707 2765 845 2808 vulgari
859 2777 867 2805 ;
890 2763 1015 2807 quibus
1031 2764 1158 2797 Literis
1173 2768 1208 2797 et
1224 2764 1402 2797 Mandatis
1416 2768 1489 2797 tam
1505 2764 1619 2798 dictus
1636 2764 1806 2798 Dominus

410 2808 700 2851 Archiepiscopus
728 2818 833 2851 quam
860 2819 922 2841 nos
950 2811 986 2841 et
1012 2807 1211 2841 Confratres
1238 2808 1348 2841 nostri
1377 2807 1555 2841 humiliter
1581 2809 1617 2841 in
1646 2807 1804 2841 omnibus

403 2852 642 2895 obsequentes,
660 2851 847 2885 devocione
861 2855 896 2884 et
911 2851 1095 2893 diligencia
1109 2849 1235 2893 quibus
1250 2851 1427 2892 potuimus
1443 2855 1478 2884 et
1493 2850 1673 2884 debuimus
1689 2852 1806 2884 omnia

407 2895 504 2929 nobis
525 2897 560 2928 in
581 2906 621 2928 ea
640 2899 739 2937 parte
759 2894 969 2927 demandat-a
979 2904 1039 2936 per
1054 2905 1116 2925 nos
1127 2897 1163 2926 et
1174 2897 1310 2926 nostros
1323 2893 1366 2926 ad
1379 2893 1518 2935 plenum
1530 2895 1663 2927 executi
1676 2894 1806 2927 fuimus

404 2942 612 2979 reverenter,
640 2938 859 2981 populusque
884 2936 983 2970 nobis
1009 2936 1169 2970 subditus
1195 2941 1230 2970 et
1255 2936 1433 2979 subjectus
1459 2938 1579 2971 eadem
1603 2937 1804 2972 obedienter

406 2982 651 3016 intellexerunt
678 2986 714 3016 et
739 2982 886 3015 firmiter
913 2980 1142 3023 crediderunt,
1174 2981 1306 3015 dictum
1334 2981 1523 3015 Dominum
1551 2984 1709 3016 nostrum
1737 2981 1804 3016 Ur-
