1988 3256
273 324 369 368 266

270 436 347 464 A.D.

271 470 347 497 1372.

273 504 338 533 Vol.
354 505 377 532 1.

284 2400 344 2432 [fol.

281 2434 358 2466 23b.]

281 2620 331 2648 fol.

281 2655 324 2681 22.

477 335 577 368 THE
614 335 855 369 REGISTER
893 336 953 369 OF
988 336 1168 370 BISHOP
1202 336 1605 373 BRANTYNGHAM.

424 441 459 470 et
481 438 648 478 liberatas,
672 439 892 478 decrevimus,
916 441 1019 480 prout
1040 438 1218 470 actualiter
1239 439 1479 477 inchoavimus,
1495 440 1712 482 personaliter
1734 438 1813 470 visi-

424 482 544 514 ‘tandas
561 492 568 521 ;
593 482 696 521 vobis,
714 482 860 513 subditis
881 483 1016 520 nostris,
1043 483 1174 514 notorie
1196 483 1388 515 inhibentes
1410 484 1444 515 in
1468 482 1593 516 eisdem
1609 494 1652 515 ne
1667 494 1726 525 per
1741 493 1811 521 vos,

424 526 529 557 alium
545 536 605 557 seu
621 526 715 565 alios,
734 526 768 557 in
786 526 807 558 J
812 526 1029 558 urisdiccione
1050 526 1316 558 Archidiaconali
1339 528 1586 568 procedendum
1602 531 1663 559 aut
1678 537 1812 568 cognos-

424 570 569 601 cendum
599 570 791 610 quicquam,
815 570 849 601 in
882 569 1110 611 prejudicium
1141 570 1355 602 Visitacionis
1384 574 1498 603 nostre
1523 571 1681 612 predicte,
1705 574 1749 609 et,
1775 580 1814 601 ea

423 614 569 644 durante
596 617 632 644 et
658 613 827 654 pendente
850 613 1032 654 inexpleta,
1058 614 1278 654 quovismodo
1301 615 1560 656 attemptaretis,
1578 625 1636 646 seu
1659 613 1814 646 faceretis

424 657 617 697 aliqualiter
639 657 847 695 attemptari,
872 657 1053 697 quominus
1076 657 1110 688 in
1135 658 1290 689 omnibus
1313 658 1452 690 solidam
1476 657 1755 690 Jurisdiccionem
1778 657 1814 688 in

424 700 623 741 hujusmodi
640 700 844 732 Visitacione
867 704 991 739 nostra,
1009 704 1044 732 et
1060 701 1093 732 in
1110 701 1370 733 Visitacionibus
1393 702 1622 733 consimilibus
1638 702 1812 733 Predeoee-

424 755 537 775 sorum
556 746 748 775 nostrorum
773 744 931 776 usitatam
952 745 1084 785 pacifice
1100 748 1134 776 et
1149 745 1335 785 obtentam,
1352 745 1454 777 libere
1477 756 1627 777 exercere
1643 745 1814 777 valeamus

425 787 592 819 ordinario
622 788 699 829 jure
730 791 854 819 nostro·
914 788 994 826 Vos,
1028 791 1152 828 tamen,
1184 792 1261 830 post
1291 792 1327 820 et
1357 793 1474 821 contra
1504 789 1748 821 Inhibicionem
1779 790 1815 819 et

426 832 609 862 Decretum
635 834 750 862 nostra
773 831 933 872 predicta,
961 831 1129 863 abstinere
1155 843 1175 863 a
1199 832 1315 864 vetitis
1342 843 1408 864 non
1436 839 1601 870 curantes,
1629 831 1810 864 nonnullos

425 875 580 906 subditos
596 878 739 914 nostros,
759 886 817 916 per
833 886 891 906 vos
914 879 950 907 et
964 875 1055 915 alios,
1071 875 1244 907 Ministros
1259 879 1397 916 vestros,
1414 876 1448 907 in
1465 887 1543 908 casu
1559 888 1577 907 a
1591 876 1669 918 jure
1683 879 1718 907 et
1733 885 1812 907 con-

425 920 606 950 suetudine
629 919 723 950 vobis
749 929 816 950 non
845 919 1015 960 permisso,
1040 919 1144 950 eciam
1172 923 1288 951 contra
1314 920 1393 959 vim,
1417 920 1570 960 formam,
1594 923 1630 951 et
1655 920 1812 951 effectum

425 962 510 1003 juris
537 962 654 1001 nostri,
677 962 711 993 in
735 963 1020 994 contradictorum
1042 962 1170 1004 judicio
1197 963 1231 994 in
1257 966 1407 1004 tempore
1434 963 1678 995 Predecessoris
1705 962 1812 994 nostri

425 1006 602 1037 inmediati
617 1006 650 1037 in
668 1017 706 1036 ea
723 1010 816 1047 parte
839 1007 1044 1038 sufficienter
1059 1010 1093 1037 et
1109 1006 1221 1038 debite
1245 1007 1414 1047 declarati,
1433 1007 1589 1048 Capitula
1605 1006 1812 1046 celebrando,

426 1053 462 1081 et
486 1050 528 1081 ad
553 1049 732 1081 nonnullos
758 1053 854 1081 actus
877 1050 972 1081 nobis
998 1050 1230 1091 prejudiciales
1255 1051 1464 1091 procedendo
1487 1051 1529 1082 de
1552 1051 1652 1089 facto,
1671 1060 1749 1082 eum
1773 1050 1815 1081 de

425 1093 500 1135 jure
516 1096 552 1124 et
574 1093 818 1125 consuetudine
840 1104 906 1125 non
931 1094 1105 1133 debuistis,
1123 1094 1164 1125 ad
1184 1093 1352 1135 judicium
1377 1105 1487 1126 coram
1511 1094 1607 1126 vobis
1630 1093 1816 1126 mandastis

426 1140 462 1169 et
477 1137 604 1168 fecistis
620 1137 748 1168 evocari
764 1148 773 1175 ;
797 1148 843 1177 ac,
860 1138 1003 1169 scientes
1026 1138 1219 1178 corrigenda
1241 1141 1277 1169 et
1291 1138 1505 1169 reformanda
1520 1149 1578 1178 per
1594 1148 1654 1169 nos
1669 1138 1702 1168 in
1720 1137 1815 1168 brevi
1864 1137 1866 1139 ’

427 1184 588 1222 tempore,
610 1181 749 1212 diversis
772 1181 1048 1212 concurrentibus
1071 1181 1323 1222 impedimentis
1346 1181 1465 1213 mediis
1487 1181 1643 1213 Officium
1659 1183 1814 1213 nostrum

426 1224 704 1256 concernentibus
727 1225 907 1264 Pastorale,
931 1235 998 1256 non
1026 1235 1121 1265 posse
1147 1225 1367 1256 indeliberate
1393 1225 1435 1256 ad
1463 1225 1602 1266 plenum
1629 1224 1814 1264 reformari,

427 1268 623 1309 proponitis,
641 1272 682 1299 ut
696 1268 935 1307 intelleximus,
953 1269 1053 1309 quod,
1071 1268 1154 1299 dum
1171 1268 1366 1300 Visitacioni
1382 1271 1495 1299 nostre
1510 1268 1720 1300 intendimus
1735 1279 1814 1309 gen-

427 1312 517 1351 erali,
536 1312 702 1352 capitula,
719 1314 755 1342 et
770 1312 834 1343 alia
850 1312 945 1343 nobis
961 1312 1091 1343 racione
1115 1315 1150 1343 et
1166 1323 1206 1343 ex
1219 1323 1317 1344 causa
1332 1311 1545 1344 Visitacionis
1561 1312 1690 1353 prefate
1703 1310 1814 1353 preju-

428 1355 559 1386 dicialia
570 1359 694 1394 tenere,
711 1358 925 1396 attemptare,
939 1359 974 1387 et
990 1366 1143 1387 exercere
1154 1366 1212 1396 per
1228 1366 1286 1387 vos
1302 1358 1337 1387 et
1352 1359 1481 1387 vestros
1498 1366 1506 1394 ;
1531 1366 1569 1387 ac
1586 1356 1672 1388 Loca
1687 1359 1722 1387 et
1737 1356 1814 1387 Per-

428 1410 525 1430 sonas
542 1409 600 1440 per
617 1409 677 1430 nos
693 1399 840 1436 visitata,
859 1410 897 1431 ac
913 1410 1014 1440 super
1037 1402 1072 1430 et
1097 1399 1140 1430 de
1162 1399 1303 1440 singulis
1325 1399 1359 1430 in
1377 1400 1466 1431 dicta
1481 1399 1685 1431 Visitacione
1701 1402 1816 1431 nostra

429 1443 512 1474 actis
536 1445 571 1474 et
594 1442 789 1482 inactitatis‚
807 1453 884 1474 cum
907 1442 1127 1474 festinacione
1149 1442 1301 1474 indebita
1324 1445 1359 1474 et
1381 1443 1518 1474 insolita
1533 1443 1679 1482 visitare,
1700 1446 1816 1475 nostra

429 1487 545 1517 eadem
558 1486 761 1517 Visitacione
777 1496 818 1517 ex
835 1487 943 1518 causis
958 1486 1137 1518 antedictis
1153 1486 1340 1518 indiscussa
1351 1487 1520 1527 pendente
1535 1489 1570 1518 et
1584 1487 1764 1528 inexpleta,
1780 1486 1815 1518 in

429 1533 583 1561 nostrum
596 1540 634 1561 ac
646 1530 812 1561 ordinarie
824 1530 1077 1562 Jurisdiccionis
1090 1533 1203 1561 nostre
1220 1530 1445 1572 prejudicium
1461 1530 1631 1562 notorium
1644 1534 1679 1562 et
1689 1530 1814 1562 illusio-

430 1584 508 1605 nem
521 1584 558 1605 ac
569 1577 804 1614 contemptum
815 1573 1020 1605 manifestos.
1038 1573 1207 1612 Volentes,
1218 1574 1333 1615 igitur,
1341 1574 1542 1605 ordinariam
1552 1578 1700 1606 nostram
1707 1574 1730 1606 J
1733 1573 1815 1605 uris-

430 1617 614 1649 diccionem
629 1617 705 1658 jure
728 1620 844 1648 nostro
868 1617 1035 1649 ordinario
1058 1617 1246 1657 defendere,
1272 1621 1312 1649 ut
1334 1620 1500 1658 tenemur,
1518 1628 1577 1649 vos
1599 1621 1714 1649 tenore
1738 1618 1815 1649 Pre-

430 1661 580 1692 sencium
604 1661 806 1702 requirimus
823 1664 857 1692 et
874 1671 1060 1701 monemus,
1077 1671 1115 1692 ac
1131 1659 1224 1692 vobis
1240 1661 1442 1692 auctoritate
1458 1664 1573 1693 nostra
1587 1661 1766 1698 ordinaria,
1782 1661 1818 1692 in

430 1704 558 1736 virtute
575 1704 775 1737 Obediencie
792 1708 827 1736 et
850 1705 913 1736 sub
929 1715 1015 1746 pena
1031 1703 1402 1736 Excommunicacionis
1418 1705 1564 1747 Majoris,
1581 1715 1693 1746 quam,
1710 1705 1739 1736 si
1754 1704 1819 1736 hiis

430 1748 686 1787 Monicionibus‚
717 1746 900 1788 Mandatis,
929 1752 964 1779 et
990 1748 1256 1780 Inhibicionibus
1282 1748 1406 1780 nostris
1437 1759 1505 1780 non
1536 1748 1715 1790 parueritis
1740 1759 1819 1780 cum

430 1792 563 1830 effectu,
591 1792 698 1833 culpa,
722 1802 825 1830 mora,
849 1795 884 1823 et
910 1792 1035 1823 offensa
1061 1792 1181 1824 vestris
1204 1792 1426 1832 exigentibus,
1451 1792 1487 1823 in
1517 1803 1576 1824 vos
1606 1795 1641 1824 et
1670 1792 1820 1833 singulos

430 1839 581 1867 vestrum
597 1846 740 1875 exnunc,
758 1838 861 1876 prout
884 1839 1019 1875 extunc,
1037 1835 1176 1867 ferimus
1191 1835 1226 1867 in
1243 1835 1309 1867 hiis
1326 1836 1476 1876 Scriptis,
1493 1835 1615 1868 iterato
1637 1839 1673 1868 et
1688 1836 1820 1877 plenius

430 1879 631 1919 inhibemus,
648 1882 684 1910 et
699 1890 758 1920 per
774 1889 831 1910 vos
847 1879 990 1911 Decanis
1006 1882 1041 1910 et
1055 1879 1173 1910 ceteris
1190 1879 1353 1911 Ministris
1368 1879 1488 1910 vestris
1503 1879 1647 1911 inhiberi
1663 1880 1818 1911 volumus

432 1925 467 1954 et
483 1923 692 1962 mandamus,
710 1933 752 1954 ne
767 1923 948 1964 quicquam
964 1923 999 1954 in
1017 1921 1239 1964 prejudicium
1256 1923 1422 1954 ordinarie
1437 1923 1690 1955 Jurisdiccionis
1705 1927 1819 1956 nostre

432 1967 591 2007 predicte,
621 1966 730 1998 modis
760 1966 939 1998 antedictis
966 1977 1025 1998 seu
1052 1967 1116 1997 alio
1146 1977 1360 2007 quocumque
1390 1967 1500 2006 modo,
1527 1967 1643 1998 eadem
1673 1967 1819 1999 durante

432 2010 638 2041 Visitacione
665 2012 780 2041 nostra
802 2010 982 2051 inexpleta,
998 2010 1268 2051 corrigendisque
1291 2013 1326 2041 et
1348 2010 1568 2041 reformandis
1597 2013 1637 2042 ut
1660 2011 1820 2043 convenit

435 2053 574 2085 minime
611 2053 812 2093 reformatis,
843 2053 1056 2094 attemptetis
1095 2053 1147 2084 vel
1177 2056 1396 2094 attemptent,
1429 2054 1559 2084 faciatis
1595 2057 1657 2086 aut
1693 2054 1820 2086 faciant

435 2097 626 2138 aliqualiter
656 2097 863 2138 attemptari,
890 2097 1071 2138 quominus
1098 2096 1296 2138 hujusmodi
1326 2097 1517 2137 corrigenda
1548 2100 1583 2128 et
1606 2098 1820 2130 reformanda

435 2151 546 2172 coram
574 2140 670 2172 nobis
697 2144 877 2181 comperta,
906 2141 1048 2180 detecta,
1075 2143 1111 2171 et
1133 2141 1253 2178 delata,
1271 2151 1330 2171 vos
1352 2151 1390 2172 ac
1412 2140 1585 2172 Ministros
1608 2144 1748 2181 vestros,
1777 2142 1820 2174 de

435 2185 558 2226 quibus
581 2185 623 2215 ad
648 2194 784 2225 presens
807 2184 850 2215 ob
878 2184 980 2215 vestri
1003 2184 1224 2216 reverenciam
1252 2184 1471 2223 subticemus,
1496 2187 1532 2216 et
1557 2184 1639 2216 alios
1665 2185 1820 2217 subditos

435 2231 567 2259 nostros
583 2228 829 2267 concernencia,
842 2227 1004 2268 corrigere
1016 2230 1052 2259 et
1062 2227 1242 2259 reformare
1257 2227 1360 2259 libere
1371 2227 1548 2267 valeamus,
1562 2231 1598 2259 et
1612 2228 1646 2259 in
1663 2229 1820 2261 omnibus

434 2271 552 2311 facere,
569 2271 735 2313 expedire,
753 2274 788 2303 et
804 2271 980 2312 complere,
993 2271 1028 2302 in
1044 2271 1212 2312 premissis
1235 2275 1271 2302 et
1293 2282 1331 2302 ea
1353 2272 1643 2311 concernentibus,
1662 2273 1753 2314 quod
1768 2276 1821 2305 est

435 2318 602 2347 nostrum.
649 2316 694 2346 Et
721 2315 805 2356 quid
830 2315 866 2346 in
889 2315 1058 2356 premissis
1081 2314 1246 2346 duxeritis
1268 2314 1460 2346 faciendum
1486 2325 1555 2355 nos,
1579 2315 1668 2347 infra
1689 2327 1734 2348 xv
1749 2316 1821 2348 dies

435 2362 512 2400 post
534 2358 761 2399 recepeionem
786 2358 1001 2390 Presencium
1023 2356 1207 2389 inmediate
1229 2362 1418 2399 sequentes,
1442 2358 1648 2400 ubicumque
1678 2359 1714 2391 in
1745 2370 1819 2401 pro-

435 2413 549 2444 gressu
566 2402 780 2433 Visitacionis
795 2405 908 2433 nostre
924 2402 1085 2443 prelibate
1101 2401 1264 2433 fuerimus
1276 2401 1464 2440 constituti,
1480 2402 1640 2434 distincte
1655 2407 1691 2434 et
1706 2406 1821 2445 aperte

437 2446 637 2485 certificetis,
655 2446 878 2478 etc.—Dated
894 2448 930 2477 at
944 2445 1163 2486 Ugborongh,
1183 2446 1222 2477 15
1238 2445 1339 2477 June.

392 2489 600 2529 —Presenti,
617 2497 742 2527 autem,
764 2489 965 2521 Inhibicioni
981 2492 1101 2525 vestre,
1117 2499 1246 2520 necnon
1262 2492 1298 2520 et
1314 2488 1491 2529 preteritis,
1509 2499 1568 2530 per
1583 2490 1694 2522 omnia
1710 2490 1820 2522 humi·

437 2533 514 2565 liter
544 2543 653 2574 pareo,
684 2533 778 2575 prius
808 2532 914 2574 parui,
944 2536 980 2564 et
1009 2532 1299 2574 parebo.—Dated
1329 2535 1367 2564 at
1396 2532 1584 2570 Tavistock,
1609 2534 1648 2565 18
1672 2534 1773 2566 June.

392 2621 593 2659 Oratories
609 2633 620 2668 3
648 2620 802 2658 Licence
822 2626 859 2658 to
877 2619 1121 2666 celebrate,—

393 2676 493 2714 Item,
521 2675 612 2715 apud
636 2674 849 2715 Plymptone‚
878 2674 1044 2705 Henricus
1071 2672 1220 2711 corum,
1255 2672 1337 2714 xviij
1362 2673 1416 2704 die
1439 2673 1521 2706 dicti
1544 2675 1676 2716 mensis,
1699 2675 1822 2708 habuit

436 2718 631 2756 Licenciam‚
649 2721 725 2757 etc.,
742 2717 777 2749 in
795 2717 929 2758 Capella
945 2728 1006 2748 sua
1021 2717 1063 2748 de
1086 2717 1366 2748 Hennemerdone
1381 2729 1389 2755 ;
1412 2717 1505 2756 dum,
1532 2721 1654 2759 tamen,
1673 2718 1820 2751 Ecclesia

434 2762 568 2793 Matrici
580 2761 831 2802 [Plympton—St.
851 2761 974 2801 MaryJ,
991 2763 1069 2799 etc.,
1088 2764 1123 2792 et
1139 2760 1266 2791 Diebus
1279 2760 1463 2792 Dominicis
1478 2764 1514 2792 et
1530 2761 1673 2794 Festivis
1684 2763 1821 2795 accedat

435 2806 476 2836 ad
495 2805 677 2836 Ecclesiam
694 2814 789 2836 suam
806 2804 979 2835 Matricem
994 2814 1002 2842 ;
1023 2814 1081 2845 per
1095 2803 1280 2842 biennium,
1296 2806 1360 2835 etc.

393 2849 535 2887 -Item,
553 2847 681 2890 xxiiijto
703 2848 758 2879 die
780 2847 863 2879 dicti
886 2847 1020 2887 mensis,
1043 2847 1134 2888 apud
1158 2847 1387 2888 Cotyngbeke‚
1410 2845 1559 2879 Thomas
1583 2848 1818 2882 Ohambernon

433 2892 555 2966 (Ιίιεὼιιὶῒ
579 2891 786 2923 consimilem
809 2891 995 2923 Licenciam
1020 2890 1144 2932 ubique
1166 2890 1254 2922 infra
1276 2890 1466 2930 Diocesim3
1483 2902 1542 2933 per
1563 2902 1668 2925 unum
1690 2903 1819 2925 annum

458 2938 643 2967 araturam.
837 2942 840 2944 ·
