1988 3256
120 473 197 500 ΑΛ).

121 508 224 534 1388-4.

119 541 185 567 vol.
204 541 225 566 Ι.

130 1274 176 1301 sol.
194 1275 252 1300 115.

446 366 733 401 REGISTRUM
776 363 1235 399 COMMUNE—ANNO
1269 352 1360 397 14⁰.
1573 353 1664 395 511

273 475 295 506 J
296 475 453 506 ohannes
471 474 642 512 Edneves,
659 472 895 513 presbiterum
905 473 942 502 et
953 471 1183 502 Decretorum
1196 470 1384 501 Doctorem
1396 480 1432 502 se
1444 472 1668 511 pretendens,

275 519 537 560 Preposituram
555 517 710 549 Ecclesie
727 519 846 548 nostre
865 515 1057 556 Collegiate
1083 515 1203 546 Sancti
1221 515 1363 554 Thome,
1382 515 1548 555 Martii-is,
1571 517 1669 548 Glas-

274 574 373 604 neye,
405 564 442 594 in
475 563 662 601 Cornubia,
686 564 722 592 et
747 561 926 592 Vicariam
954 559 1109 591 Ecclesie
1141 559 1357 590 Parochialis
1381 560 1423 590 de
1449 560 1608 600 Suttone,
1632 562 1670 592 in

279 608 446 647 Devonia,
465 607 642 638 Beneficia
658 608 792 644 curata,
808 615 872 646 per
887 604 1057 636 nonnulla
1072 606 1243 644 tempora,
1260 607 1300 634 ut
1317 604 1456 644 dicitur,
1474 606 1669 646 occupavit,

278 655 315 684 et
330 653 454 684 eadem
471 651 576 683 simul
592 651 745 682 retinere
762 650 954 688 contendit,
971 649 1098 689 quibus
1113 648 1190 689 jure
1207 652 1269 679 aut
1288 649 1393 679 titulo
1414 650 1556 689 penitus
1572 650 1669 690 igno-

279 707 409 735 ramus,
422 697 459 727 in
476 697 592 727 anime
609 695 719 735 ipsius
735 694 989 725 detrimentum
1005 703 1174 733 perquam
1191 703 1309 733 grave.
1354 693 1533 733 Volentes,
1550 695 1669 734 igitur,

280 741 466 773 cerciorari
482 751 528 771 an
545 741 660 771 dictus
679 739 849 779 Magister
870 738 1051 769 Johannes
1074 747 1137 777 per
1159 737 1289 768 ostium
1313 737 1510 769 intraverat
1526 739 1563 769 in
1580 739 1670 770 ovile

282 796 344 818 seu
359 785 566 817 ascenderat
583 784 724 815 aliunde
739 798 746 821 ;
763 783 808 814 ad
824 793 959 813 meram
977 782 1234 813 correccionem
1251 782 1368 812 anime
1385 782 1495 822 ipsius
1510 783 1671 823 Magistri

281 830 303 861 J
305 830 455 861 ohannis
470 830 507 860 in
523 829 590 860 hac
602 831 702 869 parte
718 827 905 868 procedere
921 827 1099 864 volentes;
1115 826 1214 857 vobis
1224 828 1469 866 communiter,
1481 830 1518 858 et
1528 828 1672 859 cuilibet

282 878 440 906 vestrum
457 874 608 912 divisim,
619 873 874 904 committimus
890 874 926 902 et
942 871 1153 902 mandamus
1163 871 1330 911 quatinus
1346 871 1473 910 citetis,
1491 882 1553 903 seu
1569 873 1671 903 citari

283 919 434 958 faciatis,
445 918 691 959 peremptorie,
699 916 879 957 prefatum
888 916 1099 956 Magistrum
1106 915 1128 946 J
1130 915 1306 946 ohannem
1317 916 1487 961 Edneves,
1496 916 1671 948 dictorum

285 964 541 995 Beneficiorum
557 963 787 1000 detentorem,
804 960 897 1001 quod
920 963 1122 1000 compareat
1147 969 1265 990 coram
1289 960 1400 999 nobis,
1416 964 1479 991 aut
1503 961 1671 993 Commis-

285 1009 387 1039 sariis
406 1007 546 1046 nostris,
563 1016 634 1037 uno
649 1006 705 1037 vel
721 1006 890 1046 pluribus,
907 1005 943 1035 in
961 1004 1119 1035 Manerio
1134 1008 1255 1035 nostro
1271 1004 1314 1035 de
1340 1004 1599 1046 Chuddeleghe‚
1616 1007 1673 1037 die

286 1052 431 1083 Sabbati
446 1052 605 1092 proximo
614 1052 694 1091 post
706 1050 849 1081 Festum
862 1049 990 1080 Sancte
1004 1048 1202 1087 Scolastice,
1216 1049 1384 1089 Virginis,
1397 1060 1490 1081 nunc
1500 1049 1672 1087 futurum,

285 1097 408 1128 titulos
424 1099 460 1127 et
475 1096 555 1137 jura
571 1105 787 1136 quecumque
804 1094 930 1134 quibus
946 1093 1147 1134 hujusmodi
1160 1093 1336 1125 Beneficia
1351 1097 1476 1125 curata
1491 1095 1674 1126 contendit

286 1141 430 1172 insimul
453 1141 606 1172 retinere
629 1139 850 1170 exhibiturus
867 1140 903 1169 et
924 1138 1082 1178 legitime
1105 1140 1321 1177 ostensurus,
1346 1148 1451 1178 super
1473 1139 1673 1180 eisdemque

286 1186 392 1217 fidem
419 1185 590 1224 facturus,
607 1194 648 1215 ac
675 1184 812 1224 copiam
835 1183 1027 1214 eorundem
1050 1182 1151 1213 uobis
1175 1185 1237 1212 aut
1260 1183 1390 1214 nostris
1415 1183 1674 1215 Commissariis

287 1231 494 1268 traditurus,
526 1229 753 1268 facturusque
795 1227 944 1258 ulterius
975 1230 1011 1258 et
1042 1229 1247 1267 recepturus
1277 1227 1370 1267 quod
1405 1228 1443 1258 iu
1477 1228 1543 1259 hac
1573 1231 1674 1269 parte

285 1275 473 1306 dictaverit
503 1274 588 1304 ordo
617 1273 717 1314 juris.
764 1272 816 1303 De
847 1271 980 1310 diebus,
1010 1281 1103 1309 νει-ο,
1134 1271 1350 1311 recepcionis
1377 1272 1602 1304 Presencium
1634 1283 1675 1304 ac

288 1319 480 1350 Citacionis
497 1321 624 1356 vestre,
641 1317 813 1357 modoque
829 1318 864 1347 et
880 1315 997 1346 forma
1019 1315 1188 1356 ejusdem,
1205 1318 1241 1346 et
1258 1316 1287 1347 si
1304 1316 1439 1347 dictum
1464 1317 1674 1357 Magistrum

286 1364 485 1395 Johannem
517 1362 677 1393 Edneves
707 1361 940 1401 personaliter
962 1360 1167 1398 citaveritis,
1191 1370 1329 1391 necnon
1351 1361 1435 1401 quid
1457 1361 1615 1393 feceritis
1638 1363 1675 1393 in

288 1408 479 1448 premissis,
504 1417 569 1438 nos
589 1416 650 1437 seu
671 1406 784 1436 dictos
807 1404 1074 1435 Commissarios
1094 1407 1243 1443 nostros,
1271 1404 1420 1444 prefatis
1445 1405 1502 1437 die
1527 1410 1563 1437 et
1589 1406 1674 1446 loco,

288 1452 490 1483 certificetis
504 1461 567 1491 per
582 1453 728 1489 vestras,
745 1449 973 1480 etc.—Dated
996 1451 1033 1479 at
1058 1448 1266 1488 Chudleigh‚
1285 1449 1325 1481 17
1348 1450 1676 1492 January.—Cujus

290 1496 501 1527 auctoritate
527 1495 687 1525 Mandati
706 1494 815 1525 vestri
830 1493 1025 1532 reverendi,
1049 1492 1228 1533 prefatum
1247 1493 1456 1533 Magistrum
1476 1495 1675 1526 Johannem

291 1541 463 1579 Edneves,
480 1539 587 1580 xxviij
605 1539 662 1569 die
679 1539 854 1569 dictorum
870 1537 1002 1568 mensis
1018 1540 1054 1568 et
1071 1537 1165 1576 anni,
1183 1538 1220 1567 in
1237 1537 1395 1569 Ecclesia
1418 1539 1615 1570 Parochiali
1633 1540 1676 1571 de

292 1585 440 1616 Suttone
463 1593 527 1624 per
549 1593 606 1614 me
629 1583 862 1623 personaliter
891 1581 1160 1622 apprehensum,
1187 1582 1232 1612 ad
1259 1583 1533 1622 comparendum
1558 1594 1676 1616 coram

290 1629 400 1668 vobis,
429 1639 491 1660 seu
514 1630 634 1659 vestro
659 1627 697 1658 in
722 1627 789 1657 hac
813 1628 913 1667 parte
938 1625 1197 1665 commissario,
1214 1626 1270 1657 die
1289 1629 1325 1657 et
1348 1627 1424 1658 loco
1446 1628 1484 1658 in
1508 1628 1676 1660 Mandato

292 1676 410 1705 vestro
433 1672 626 1704 reverendo
649 1671 810 1712 superius
833 1670 1055 1711 expressatis,
1079 1670 1319 1701 exhibiturum
1342 1671 1591 1713 facturumque
1613 1683 1678 1713 per

292 1718 411 1749 omnia
426 1720 463 1748 et
477 1719 702 1756 recepturum
717 1715 810 1756 quod
826 1715 911 1746 dicti
929 1714 1088 1745 Mandati
1103 1715 1213 1746 vestri
1229 1718 1332 1746 tenor
1352 1716 1388 1746 in
1413 1726 1449 1747 se
1472 1727 1536 1758 per
1558 1719 1678 1749 omnia

292 1763 402 1803 exigit
418 1764 453 1793 et
469 1761 626 1802 requirit,
643 1760 749 1791 citavi
764 1759 1011 1800 peremptorie,
1027 1761 1068 1789 ut
1083 1759 1283 1791 mandatur.
1332 1760 1377 1791 Et
1401 1761 1451 1792 sic
1469 1762 1676 1793 Mandatum

292 1810 450 1838 vestrum
466 1805 698 1836 reverendum
712 1814 777 1844 per
792 1804 911 1835 omnia
927 1813 1004 1834 sum
1022 1803 1203 1834 humiliter
1225 1807 1402 1836 executus.
1449 1806 1492 1836 In
1509 1806 1610 1847 cujus
1626 1807 1677 1838 rei

292 1850 536 1882 testimonium
554 1849 708 1890 sigillum
725 1848 838 1879 Officii
854 1848 924 1879 mei
941 1847 1170 1879 Presentibus
1193 1849 1513 1888 apposui.—Dated
1536 1854 1574 1882 at
1599 1851 1677 1882 Sut-

290 1898 385 1935 tone,
401 1895 444 1926 28
459 1895 480 1926 J
482 1904 628 1935 anuary.

244 1961 328 1999 The
356 1958 644 2010 Archbishop's
663 1957 888 1997 Visitation
902 1971 913 2006 3
943 1957 1181 1996 Mandatum
1194 1972 1270 2008 pro
1294 1959 1524 1999 Visitacc'one
1544 1962 1678 2000 Archi-

299 2015 474 2064 episcopi‚
494 2037 531 2044 -

249 2071 353 2110 Item,
370 2070 463 2111 apud
480 2068 739 2109 Chuddeleghe,
749 2067 944 2109 penultimo
957 2067 1013 2099 die
1029 2068 1161 2099 mensis
1176 2068 1198 2099 J
1199 2069 1347 2109 aunarii,
1361 2070 1532 2102 Dominus
1548 2072 1681 2112 recepit

297 2115 504 2146 Mandatum
530 2113 726 2145 Reverendi
747 2113 784 2143 in
811 2111 951 2143 Christo
976 2112 1094 2143 Patris
1118 2115 1154 2143 et
1181 2113 1332 2153 Domini,
1350 2114 1491 2146 Domini
1516 2116 1681 2147 Willelmi

298 2158 360 2200 [de
377 2156 609 2198 Courtenay]‚
622 2157 687 2188 Dei
703 2157 824 2197 gracia
840 2156 1107 2188 Cantuariensis
1122 2157 1397 2198 Archiepiscopi,
1411 2159 1536 2191 Tocius
1552 2161 1680 2200 Anglie

298 2203 474 2242 Primatis,
485 2205 521 2233 et
531 2202 732 2242 Apostolice
744 2201 844 2232 Sedis
857 2201 990 2240 Legati,
1003 2201 1068 2232 sibi
1080 2201 1264 2240 directum,
1276 2212 1339 2242 pro
1356 2203 1571 2235 Visitacioue
1588 2205 1679 2246 ejus-

297 2248 378 2279 dem
395 2247 536 2278 Domini
555 2245 818 2286 Archiepiscopi
835 2246 1058 2284 excercenda,
1076 2245 1141 2276 sub
1157 2256 1198 2276 eo
1214 2247 1272 2286 qui
1293 2247 1451 2287 sequitur
1466 2251 1588 2280 tenore
1604 2260 1679 2280 ver-

298 2291 683 2330 borum‚-—Willelmus,
699 2289 928 2330 permissione
951 2290 1079 2320 Divina
1095 2290 1388 2331 Archiepiscopus
1405 2292 1680 2332 Cantuariensis,

298 2335 552 2367 etc.—Pridem
564 2334 814 2365 Sanctissimus
826 2334 862 2364 in
874 2333 1024 2373 Christe,
1035 2336 1112 2373 etc„
1125 2334 1300 2374 Urbanus,
1313 2336 1442 2367 Divina
1452 2337 1682 2369 Providencia

299 2381 395 2421 Papa
409 2380 545 2418 Sextus,
557 2389 621 2419 pro
634 2378 792 2409 celeriori
808 2378 1033 2418 expedicione
1046 2378 1272 2410 Visitacionis
1284 2383 1403 2411 nostre
1417 2381 1682 2413 Cantuariensis

299 2425 493 2463 Provincie,
506 2433 588 2454 suas
597 2423 698 2454 nobis
709 2422 845 2453 Literas
854 2422 1076 2462 Apostolicas
1092 2423 1156 2453 sub
1174 2423 1238 2453 hac
1255 2423 1371 2455 forma
1386 2426 1681 2465 concessit,—Ur-

299 2469 413 2500 banus
435 2468 639 2508 Episcopus,
665 2466 793 2497 Servus
825 2476 1005 2497 servorum
1033 2467 1108 2505 Dei,
1132 2467 1334 2498 Venerabili
1360 2469 1475 2500 Fratri
1501 2471 1682 2510 Willelmo,

299 2513 570 2553 Archiepiscopo
587 2510 844 2549 Cantuariensi,
862 2510 1011 2541 salutem
1037 2513 1073 2541 et
1088 2511 1326 2551 Apostolicam
1343 2512 1684 2546 benediccionem.—

301 2556 509 2588 Devocionis
531 2559 592 2586 tue
616 2555 810 2594 sinceritas,
826 2564 931 2595 quam
948 2555 993 2585 ad
1008 2565 1072 2586 nos
1088 2561 1124 2586 et
1141 2556 1336 2587 Romanam
1360 2558 1454 2597 geris
1478 2558 1682 2599 Ecclesiam,

299 2604 520 2642 promeretur
535 2602 576 2630 ut
590 2599 824 2639 peticionibus
840 2598 920 2637 tuiS,
938 2602 1109 2639 quantum
1133 2610 1213 2631 cum
1238 2600 1311 2631 Deo
1333 2611 1530 2642 possumus,
1546 2604 1683 2635 favora-

299 2646 418 2676 biliter
433 2654 641 2675 annuamus.
689 2643 782 2674 Hinc
805 2646 858 2674 est
874 2643 966 2683 quod
989 2654 1062 2683 nos,
1079 2643 1150 2674 tuis
1174 2645 1490 2684 supplicacionibus
1513 2647 1685 2689 inclinati,

299 2692 350 2728 ut,
366 2689 691 2730 quocienscumque,
707 2697 816 2728 usque
832 2687 877 2718 ad
893 2687 1074 2718 biennium
1090 2698 1111 2718 a
1132 2688 1215 2719 data
1232 2689 1457 2721 Presencium
1480 2696 1686 2732 computan-

301 2734 396 2772 dum,
413 2736 511 2763 tuam
536 2732 757 2763 Provinciam
779 2731 932 2762 volueris
947 2731 1102 2770 visitare,
1118 2733 1240 2772 possis,
1259 2733 1413 2765 Ecclesie
1437 2738 1497 2766 tue
1522 2736 1685 2776 Capitulo
1707 2745 1711 2748 ⁴

299 2787 341 2809 ac
357 2777 510 2808 Civitate
527 2779 563 2807 et
580 2776 716 2807 Diocesi
734 2775 923 2807 Cantuarie
939 2776 1036 2815 prius
1060 2777 1205 2807 minime
1221 2778 1385 2817 visitatis,
1402 2779 1490 2810 alias
1515 2780 1685 2813 Civitates

301 2825 338 2853 et
361 2821 535 2860 Dioceses,
559 2830 600 2851 ac
624 2819 808 2859 Ecclesias,
826 2820 1049 2859 Monetam-ia,
1066 2824 1102 2851 et
1125 2821 1194 2851 alia
1218 2821 1310 2852 Loca
1333 2822 1580 2855 Ecclesiastica
1603 2825 1684 2857 Pro-

301 2866 416 2897 vineie
441 2864 705 2896 Cantuariensis
727 2874 794 2904 que
809 2863 976 2895 malueris
990 2865 1135 2895 visitare
1152 2879 1160 2903 ;
1184 2868 1221 2896 et
1243 2866 1345 2906 quod,
1369 2867 1684 2910 quocienscumque

302 2914 339 2942 te
355 2910 398 2941 de
414 2918 632 2950 quacumque
652 2908 803 2940 Civitate
818 2907 874 2939 vel
890 2907 1028 2939 Diocesi
1047 2908 1140 2939 dicte
1157 2909 1349 2950 Provincie,
1365 2921 1471 2951 quam
1495 2911 1684 2945 Civitatem

302 2954 359 2990 vel
382 2953 558 2986 Diocesim
580 2952 715 2998 ceperis
729 2952 884 2992 visitare,
900 2952 995 2984 exire
1018 2953 1216 2994 contigerit,
1240 2953 1466 2989 visitacionis
1488 2955 1610 2992 Officio
1631 2958 1683 2994 in-
