1988 3256
329 353 424 398 436
556 361 656 395 THE
681 359 924 394 REGISTER
948 359 1009 392 OF
1031 358 1213 393 BISHOP
1236 356 1647 394 BRANTYNGHAM.

332 468 409 494 A-D·
486 467 580 499 vobis
603 466 637 497 in
660 465 725 497 fide
741 468 776 496 et
790 465 969 497 dileccione
984 465 1107 507 quibus
1121 465 1218 497 nobis
1233 465 1396 497 tenemini
1411 465 1558 506 rogando
1573 465 1773 497 mandamus
1789 474 1870 507 qus-

331 503 407 528 1380.
487 511 589 548 tinus,
618 514 689 541 tam
713 510 881 541 arduitate
904 510 1115 550 negociorum
1140 509 1366 550 predictorum
1387 519 1489 550 quam
1512 509 1694 550 grandibus
1705 508 1872 550 periculis,

334 535 395 562 Vol.
408 535 431 562 I'
487 565 554 595 que
570 553 715 585 Ecclesie
732 555 767 584 et
783 553 899 594 Regno
915 553 1073 594 predictis
1089 553 1221 584 oculata
1236 553 1302 584 fide
1317 553 1492 584 imminere
1514 552 1715 594 conspicitis,
1730 551 1873 584 attentis

488 601 524 629 et
539 597 654 628 debite
669 596 897 635 consideratis,
911 596 1143 636 Suffraganeos
1155 600 1292 636 vestros,
1304 597 1453 628 Decanos
1463 599 1498 628 et
1508 596 1636 628 Priores
1649 596 1872 628 Ecclesisrum

490 640 752 679 Cathedralium,
781 640 930 671 Abbates
958 644 992 671 et
1019 640 1149 671 Priores
1173 643 1209 672 et
1234 640 1315 672 alios
1341 640 1518 679 Electivos,
1546 643 1719 681 exemptos
1743 642 1778 671 et
1804 649 1871 671 non

490 687 672 725 exemptos,
689 694 818 715 necnon
837 683 1103 723 Archidiaconos,
1121 683 1286 724 Capitula,
1304 684 1507 723 Conventus,
1523 687 1560 715 et
1575 683 1731 724 Collegia,
1745 685 1874 715 totum·

489 739 556 769 que
573 727 708 759 Clerum
725 727 908 768 cujuslibet
924 727 1071 758 Diocesis
1088 730 1199 759 vestre
1215 727 1398 765 Provincie,
1413 727 1456 759 ad
1478 728 1739 768 comparendum
1762 736 1873 758 coram

489 772 584 804 vobis
613 771 649 802 in
679 771 827 802 Ecclesia
857 771 1017 802 Omnium
1047 771 1248 802 Sanctorum
1275 771 1553 812 Norbamptonie,
1578 771 1631 802 vel
1656 770 1745 810 alibi,
1772 773 1876 812 prout

491 815 648 856 expedire
665 814 825 853 videritis,
843 815 885 845 ad
902 815 1088 846 breviorem
1103 815 1193 846 diem
1209 824 1309 856 quem
1335 814 1497 856 poteritis,
1520 824 1613 846 more
1634 814 1733 846 solito
1755 824 1874 845 convo·

490 860 558 890 cari
574 858 704 889 faciatis
718 867 725 895 ;
744 862 788 897 et,
805 859 852 889 eis
867 858 966 889 dictis
982 858 1125 899 negociis
1143 861 1176 890 et
1192 858 1346 900 periculis
1361 858 1486 890 ibidem
1511 858 1641 898 plenius
1664 857 1825 899 expositis
1839 860 1876 888 et

491 901 677 939 declaratis,
701 901 789 942 ipsos
804 902 847 932 ad
871 901 1067 934 Subsidium
1083 902 1117 933 in
1138 902 1201 933 hoc
1223 913 1302 934 casu
1325 905 1518 943 competens
1533 905 1568 933 et
1590 901 1822 940 necessarium,
1838 900 1874 932 in

491 945 782 987 supportacionem
805 945 972 977 dictorum
996 956 1135 977 onerum
1159 950 1194 977 et
1216 949 1418 986 sumptuum
1441 945 1536 977 nobis
1557 944 1819 982 concedendum,
1835 954 1875 975 eo

491 989 667 1031 specialius
683 993 718 1020 et
733 999 809 1020 cum
827 989 969 1020 efficacia
985 999 1052 1030 qua
1067 989 1174 1030 magis
1189 990 1352 1021 sciveritis
1368 989 1419 1021 vel
1436 989 1598 1029 poteritis,
1615 992 1713 1020 tanta
1734 987 1874 1020 necessi-

490 1037 562 1065 tate
578 1036 744 1072 causante,
762 1032 939 1071 inducatis,
956 1036 991 1064 et
1007 1036 1117 1073 partes
1133 1036 1259 1064 vestras
1282 1033 1325 1065 ad
1349 1033 1410 1064 hoc
1433 1032 1651 1064 effectualiter
1672 1031 1850 1073 apponatis
1866 1041 1875 1070 ;

491 1087 562 1116 nos,
575 1077 609 1108 iu
627 1076 830 1108 Cancellaria
842 1080 965 1116 nostra,
979 1077 1021 1107 de
1033 1077 1226 1117 quantitate
1242 1076 1390 1108 Subsidii
1405 1076 1495 1107 illius
1510 1087 1548 1107 ac
1560 1077 1602 1107 de
1618 1075 1771 1107 terminis
1786 1075 1874 1107 solu-

493 1120 596 1152 cionis
618 1119 771 1161 ejusdem
795 1119 1025 1151 certificantes.
1075 1120 1121 1151 Et
1136 1120 1207 1159 hoc,
1225 1121 1313 1152 sicut
1335 1130 1395 1151 nos
1417 1123 1452 1151 et
1474 1119 1635 1151 honorem
1658 1122 1815 1151 nostrum
1832 1123 1876 1150 ‘sc
1977 1100 1988 1180 i

489 1163 707 1196 salvacionem
725 1167 759 1194 et
774 1163 1003 1195 defensionem
1022 1164 1166 1195 Ecclesia
1181 1167 1217 1195 et
1233 1163 1340 1204 Regni
1356 1163 1583 1205 predictorum
1599 1163 1750 1204 diligitis,
1767 1162 1874 1194 nulla-

491 1210 592 1239 tenus
615 1207 936 1238 omittatis—Teste
959 1207 1094 1248 meipso,
1118 1208 1208 1248 apud
1233 1207 1578 1246 westmonasterium,
1595 1206 1699 1248 xxviij
1718 1206 1772 1238 die
1794 1206 1874 1246 Sep·
1981 1181 1988 1259 ἱ

490 1250 640 1290 tembris,
659 1250 756 1281 Anno
773 1250 880 1291 Regni
895 1251 1002 1282 nostri
1018 1251 1355 1292 quarto—Quocirca
1370 1250 1589 1282 Fraternitati
1601 1253 1710 1282 vestre
1722 1249 1874 1282 commit-

490 1295 597 1326 timus
618 1298 653 1325 et
675 1295 875 1325 mandamus
895 1294 974 1334 [etc.‚
991 1294 1027 1326 in
1050 1294 1101 1325 the
1123 1305 1265 1326 common
1280 1294 1381 1335 foi-m,
1405 1297 1539 1326 mutatis
1558 1292 1735 1326 mutandis.
1781 1292 1876 1334 They

492 1349 577 1370 were
592 1341 628 1369 to
644 1337 807 1369 assemble
822 1338 857 1369 in
874 1338 932 1369 the
950 1338 1085 1369 Church
1101 1338 1136 1369 of
1153 1338 1206 1369 All
1223 1338 1345 1377 Suiuts,
1364 1338 1624 1379 Northampton,
1641 1348 1684 1369 on
1697 1337 1756 1369 the
1773 1338 1827 1368 lst
1841 1335 1878 1367 ot

491 1381 879 1421 December].-Datum
903 1382 993 1422 apud
1017 1381 1213 1422 Lamhethe,
1229 1382 1310 1423 iiijt⁰
1325 1382 1379 1413 die
1395 1381 1559 1420 Octobris,
1570 1381 1612 1413 Ἀ.
1619 1381 1660 1412 D.
1677 1381 1730 1412 M⁰
1745 1380 1878 1413 CCCm⁰

340 1423 443 1450 sol.86.
492 1426 704 1466 octogesimo,
735 1428 771 1456 et
802 1428 916 1456 nostre
946 1425 1187 1457 Translacionis
1218 1425 1316 1457 Anno
1346 1425 1652 1464 sexta—Quarum
1675 1423 1878 1456 auctoritate

495 1469 695 1508 Literarum,
713 1469 951 1500 etc—Datum
968 1469 1160 1507 Londoniis‚
1179 1469 1255 1510 viij0
1270 1469 1325 1500 die
1348 1469 1470 1500 mensis
1486 1473 1521 1500 et
1536 1468 1615 1500 anni
1637 1468 1876 1510 predictorum,

493 1516 529 1544 et
544 1516 657 1544 nostre
673 1512 916 1544 Translacionis
932 1512 1031 1543 Anno
1054 1512 1369 1554 quinto—Dictum
1394 1513 1595 1544 Mandatum
1615 1511 1740 1553 recepit
1763 1511 1877 1542 Domi-

493 1567 567 1596 nus,
586 1556 776 1595 Londoniis,
793 1559 884 1587 xme
900 1556 953 1587 die
970 1555 1139 1596 Octobris3
1154 1560 1189 1587 et
1206 1556 1284 1598 xxj⁰
1299 1556 1352 1587 die
1364 1556 1447 1588 dicti
1459 1556 1592 1595 mensis,
1605 1566 1664 1596 pro
1680 1554 1879 1587 execucione

494 1600 575 1632 dicti
609 1599 760 1631 Mandati
790 1599 942 1631 facienda
969 1600 1167 1631 mandatum
1195 1600 1263 1632 fuit
1301 1599 1441 1631 Officiali
1465 1599 1652 1640 Principali‚
1676 1601 1722 1638 et,
1745 1599 1780 1630 in
1803 1597 1878 1639 ejus

494 1643 658 1682 absencia,
676 1643 863 1674 Presidenti
879 1643 1078 1675 consistorii
1101 1643 1308 1683 Exoniensis,
1325 1647 1360 1675 et
1382 1644 1424 1674 de
1446 1643 1660 1674 certificando
1683 1642 1877 1681 Dominum,

494 1697 573 1718 cum
610 1687 803 1718 nominibus
840 1686 1023 1718 citatorum
1053 1687 1088 1718 in
1120 1687 1247 1719 Cedula
1276 1691 1439 1728 separata,
1472 1687 1556 1719 citra
1586 1687 1726 1718 Festum
1756 1686 1879 1718 Sancte

497 1731 658 1762 Katerine
675 1730 827 1771 proximo
843 1740 934 1761 nunc
950 1731 1117 1763 futurum.

452 1775 503 1806 De
518 1774 642 1806 orando
655 1785 717 1814 pro
728 1784 808 1814 pace
823 1773 958 1805 Ecclesie
971 1784 1011 1806 ac
1026 1779 1111 1805 statu
1130 1774 1225 1814 Reyis
1247 1778 1275 1806 ec
1300 1774 1412 1814 Reym‘,
1428 1784 1467 1806 ac
1488 1773 1638 1815 precipue
1660 1771 1798 1804 Domini
1822 1771 1878 1805 Co·

494 1818 584 1849 mitis
600 1817 849 1857 Bukynykamie
863 1827 935 1849 cum
950 1817 1104 1849 εκεενσίια
1121 1828 1178 1850 suo
1193 1820 1227 1850 in
1245 1818 1401 1850 Partibus
1416 1818 1701 1857 transmarinis,—

453 1862 607 1900 Thomas,
633 1864 713 1899 etc.,
744 1861 877 1892 Decano
900 1864 935 1892 et
959 1861 1116 1902 Capitulo
1142 1862 1285 1893 Ecclesie
1308 1865 1421 1893 nostre
1445 1860 1714 1900 Exoniensis,⁴ac
1741 1859 1879 1900 Exonie,

496 1905 665 1944 Tottonie,
690 1905 950 1945 Barnastapolie,
974 1908 1009 1936 et
1033 1905 1212 1943 cornubie,
1238 1905 1272 1936 in
1295 1906 1412 1936 eadem
1444 1905 1591 1936 Ecclesia
1619 1903 1880 1943 Archidiuomis,

496 1949 550 1981 vel
580 1958 696 1980 eorum
732 1948 935 1980 Officialibus
972 1951 1034 1979 aut
1070 1948 1388 1989 locumtenentibus,
1420 1949 1575 1988 salutem,
1606 1946 1882 1980 etc—Dominus

497 1995 611 2024 noster
634 1993 714 2030 Rex,
738 1991 919 2023 salubriter
941 1992 1154 2024 considerans
1184 1996 1219 2023 et
1248 1993 1427 2024 attendens
1450 1992 1619 2033 quomodo
1649 1990 1882 2032 Progenitores

499 2036 560 2075 sui,
578 2035 698 2076 et'ipse
713 2038 864 2076 tempore
880 2045 950 2074 suo,
966 2045 1004 2067 ac
1019 2035 1173 2076 Regnum
1190 2046 1290 2067 suum
1307 2036 1437 2077 Anglie,
1453 2046 1583 2067 necnon
1606 2035 1763 2076 precipue
1777 2044 1881 2066 avun-

499 2080 595 2111 culus
610 2089 701 2117 suus‚
720 2078 886 2110 Dominus
909 2078 1029 2111 Comes
1053 2079 1318 2121 Bukynghamie,
1334 2080 1394 2121 qui
1415 2079 1485 2121 jam
1509 2082 1570 2118 est,
1586 2088 1663 2110 cum
1687 2088 1748 2110 suo
1771 2087 1881 2110 excer-

500 2124 581 2161 citu,
609 2123 645 2154 in
670 2122 827 2153 Partibus
851 2122 1093 2162 transmarinis,
1112 2133 1171 2164 pro
1195 2122 1390 2154 defensione
1412 2127 1447 2154 et
1469 2122 1654 2154 salvacione
1679 2121 1787 2163 Regni
1810 2131 1881 2163 pre-

500 2166 582 2198 dicti
598 2168 714 2197 contra
730 2165 917 2206 potenciam
933 2168 969 2197 et
984 2166 1150 2198 maliciam
1165 2166 1428 2198 adversariorum
1445 2166 1598 2208 ejusdem
1611 2166 1726 2207 Regni,
1739 2175 1799 2207 per
1813 2165 1884 2206 pias

501 2213 536 2242 et
562 2210 700 2242 devotas
726 2209 894 2240 oraciones
921 2209 1130 2241 Prelatorum
1157 2213 1193 2242 et
1219 2210 1361 2242 aliorum
1384 2210 1541 2242 Virorum
1565 2209 1883 2248 Ecclesiasticus-um,

501 2253 673 2285 meliorem
690 2253 949 2294 expedicionem,
966 2253 1230 2294 prosperitatem,
1248 2256 1283 2285 et
1307 2254 1467 2295 majorem
1490 2253 1634 2294 graciam
1656 2255 1884 2294 reportarunt,
1982 2274 1988 2291 ς

502 2300 538 2328 et
567 2297 602 2327 in
633 2297 791 2328 futurum
819 2307 878 2338 per
905 2296 968 2328 Dei
992 2297 1205 2328 clemenciam
1233 2297 1446 2337 obtinebunt,
1474 2300 1576 2338 prout
1599 2296 1708 2328 eidem
1738 2295 1885 2328 Domino
1979 2293 1988 2340 j

501 2343 617 2374 nostro
632 2339 715 2381 Regi
730 2339 920 2371 firmissima
942 2340 1023 2371 fides
1046 2340 1156 2380 datur,
1173 2340 1269 2372 nobis
1284 2341 1459 2382 specialius
1475 2351 1542 2382 quo
1559 2340 1672 2382 potuit
1685 2339 1888 2382 supplicavit

502 2387 544 2416 ut
559 2394 620 2425 pro
631 2386 725 2415 statu
741 2394 801 2415 suo
817 2394 854 2414 ac
870 2384 975 2424 Regni
992 2384 1045 2415 sui
1060 2385 1192 2425 prefati,
1206 2395 1244 2416 ac
1258 2385 1471 2426 expedicione
1486 2384 1575 2416 felici
1591 2383 1728 2416 Domini
1743 2382 1890 2416 comitis<

504 2427 759 2469 Bukynghamie
781 2427 975 2468 supradicti,
991 2437 1068 2459 cum
1093 2431 1166 2459 toto
1188 2428 1353 2459 excercitu
1377 2438 1447 2468 su0,
1466 2427 1887 2466 Altissimum·exoremus,

502 2474 539 2503 et
553 2481 612 2512 per
626 2471 723 2502 Viros
740 2470 988 2502 Ecclesiasticus
1003 2474 1195 2503 nostrarum
1211 2471 1367 2504 Civitatis
1389 2475 1425 2504 et
1440 2471 1596 2511 Diocesis,
1612 2474 1684 2502 tam
1707 2470 1889 2512 Religiosos

503 2524 604 2556 quam
622 2514 801 2553 Seculares,
819 2514 981 2546 faciamus
997 2515 1130 2546 assidue
1152 2515 1289 2547 exorari.
1335 2515 1416 2555 Nos,
1433 2517 1558 2552 autem.
1577 2514 1791 2546 devocionem
1815 2523 1886 2555 pre-

503 2558 586 2590 dicti
610 2557 746 2589 Domini
767 2558 874 2589 nostri
897 2558 996 2599 Regis
1018 2558 1053 2589 in
1076 2558 1138 2590 hac
1160 2562 1255 2600 parte
1278 2558 1461 2600 plurimum
1485 2557 1768 2598 commendantes,
1785 2556 1889 2597 vobis,

504 2602 628 2642 quibus
644 2605 774 2632 nostras
792 2601 920 2633 Literas
942 2612 1043 2643 super
1066 2601 1263 2643 hujusmodi
1285 2602 1426 2634 materia
1448 2601 1631 2634 direximus
1654 2611 1721 2633 non
1744 2604 1797 2633 est
1818 2600 1889 2640 diu,

506 2655 548 2677 ex
577 2645 789 2676 habundanti
819 2644 1063 2676 committimus
1093 2649 1129 2677 et
1157 2646 1357 2677 mandamus
1394 2646 1555 2687 quatinus
1584 2655 1652 2685 vos,
1684 2645 1817 2676 Decane
1853 2647 1890 2677 et

509 2688 715 2729 Capitulum,
733 2688 971 2727 Processiones,
989 2692 1030 2720 ut
1044 2688 1125 2720 alias
1140 2688 1173 2720 in
1197 2689 1426 2720 consimilibus
1448 2689 1556 2720 facere
1579 2687 1807 2727 consuevistis,
1823 2687 1889 2720 sin·

508 2733 595 2771 gulis
611 2732 740 2773 quartis
756 2734 791 2763 et
807 2732 911 2763 sextis
926 2732 1027 2771 feriis,
1044 2743 1104 2773 pro
1120 2732 1288 2774 premissis
1303 2732 1492 2764 continuari
1507 2732 1664 2764 devocius
1679 2742 1746 2773 quo
1769 2731 1891 2773 poteri·

506 2776 550 2807 tis
580 2775 719 2815 faciatis,
748 2778 782 2806 et
808 2775 843 2806 in
873 2775 982 2806 Missis
1007 2785 1046 2807 ac
1070 2775 1142 2807 aliis
1168 2776 1333 2817 suffragiis
1360 2776 1481 2808 vestris
1511 2775 1652 2807 assiduis
1676 2775 1890 2807 Altissimum

507 2819 652 2850 exoretis
667 2829 676 2856 ;
693 2829 827 2860 vosque,
842 2818 978 2850 Domini
989 2819 1223 2851 Archidiaconi
1238 2820 1390 2860 predicti,
1401 2819 1503 2851 vestri
1516 2818 1678 2852 Officiales
1693 2822 1755 2850 aut
1765 2819 1891 2850 locum·

509 2866 673 2902 tenentes,
705 2873 763 2903 per
793 2862 1093 2894 Aschidiaconatus
1120 2866 1258 2902 vestros,
1287 2867 1455 2905 quatenus
1483 2863 1527 2894 ad
1558 2866 1708 2895 vestrum
1741 2861 1891 2904 singulo·

509 2905 645 2945 attinet,
673 2905 776 2937 eciam
807 2905 841 2937 iu
876 2905 1030 2937 Ecclesiis
1060 2909 1130 2938 tam
1161 2906 1402 2947 Religiosorum
1434 2916 1536 2948 quam
1567 2909 1681 2938 nostre
1711 2904 1891 2938 Peculisris

508 2948 768 2989 Jurisdiccionis,
792 2949 993 2981 auctoritate
1016 2952 1140 2989 nostra,
1163 2949 1391 2982 Proeessiones
1415 2949 1621 2992 hujusmodi,
1644 2952 1686 2982 ut
1706 2948 1889 2995 prefertur,
