1988 3256
0 265 17 340 vn·-

159 421 196 449 A.
200 421 237 449 D.

161 455 236 483 1872.

161 489 225 516 Vol.
242 490 266 517 1.

493 322 783 356 REGISTRUM
819 323 1280 358 coMMUNE—-ANNO
1318 311 1376 358 3⁰.
1592 305 1703 356 '265

312 427 374 457 aut
388 424 639 466 reparacionum
655 425 893 466 predictorum,
917 436 976 458 seu
998 426 1308 468 imphmentorum,
1334 427 1553 469 Episcopatui
1581 427 1704 459 Exoni-

312 468 384 500 ensi
399 468 691 510 qualitercumque
705 469 909 509 debitorum,
925 480 1053 502 necnon
1076 471 1207 502 racione
1230 471 1477 513 cujuscumque
1500 473 1704 511 contractus,

312 513 430 551 debiti,
445 512 570 549 delicti,
587 523 646 544 seu
663 513 801 544 alterius
816 514 863 545 rei
878 513 1122 555 cujuscumque
1138 514 1311 555 habemus,
1325 516 1377 546 vel
1390 515 1513 547 habere
1531 515 1705 555 potuimus

315 557 545 598 quovismodo,
563 557 759 595 relaxamus,
776 558 978 599 eosdemque
1004 559 1208 590 Executores
1223 562 1259 590 et
1274 570 1391 591 eorum
1415 559 1604 600 quemlibet
1626 569 1704 599 erga

316 602 528 633 Successores
544 604 675 631 nostros
691 601 873 642 Episcopus
894 612 933 633 ac
949 601 1154 634 Executores
1177 606 1309 634 nostros
1332 603 1524 643 liberamus,
1542 613 1707 644 exonera--

315 655 404 684 mus,
433 644 674 685 acquietamus,
702 649 738 676 et
763 645 1014 686 imperpetuum
1046 646 1178 687 quietos
1208 646 1394 678 clamamus
1424 658 1482 688 per
1514 648 1702 686 Presentes,

314 688 422 730 sigillo
439 692 552 719 nostro
568 687 725 728 signatas,
749 688 784 719 in
808 689 908 720 fidem
932 692 968 720 et
990 690 1224 722 testimonium
1239 690 1392 722 omnium
1407 691 1706 732 premissorum.—

315 733 427 764 Dated
442 734 479 763 at
494 731 694 773 Chudleigh,
712 733 729 763 1
747 732 848 763 June.
1370 738 1374 741 ’

270 775 367 819 [This
384 777 575 808 Documeut
590 786 658 807 was
672 777 828 817 repeated
842 786 902 818 per
916 775 1084 808 incuriam
1098 787 1142 809 on
1158 777 1238 809 folio
1255 777 1346 817 21b.]

160 865 224 897 “⁰¹-
270 865 486 916 Stapeldon
523 864 625 910 Hall,
661 864 832 911 Oxford,
862 865 998 903 Litera
1028 865 1268 904 cancellarii
1302 866 1527 905 Oxoniensis
1559 881 1708 905 excusa-

162 901 217 931 30].

165 2601 225 2632 [fol.

164 2636 220 2666 23.)

327 921 440 966 toria,
465 915 751 972 [Cancellab-ius
772 919 957 968 Getasque
980 920 1181 958 unanimis
1210 921 1493 971 Maqistrorum
1515 922 1709 960 Universi-

328 975 422 1013 tatis
443 971 966 1026 offiniensis—mamm}—

273 1029 474 1068 Venerabili‚
485 1032 559 1066 etc.‚
572 1028 710 1068 Thome,
724 1027 846 1059 Divina
862 1027 1079 1060 Providencia
1096 1029 1276 1061 Exoniensi
1293 1029 1468 1071 Episcopo,
1482 1029 1708 1062 cancellarius

318 1072 556 1106 Universitatis
576 1071 773 1104 Oxoniensis
798 1070 1003 1113 [willelmus
1034 1073 1075 1104 de
1102 1072 1359 1114 RemyngtoneJ,
1385 1074 1560 1115 Cetusque
1583 1074 1706 1115 Magis-

317 1120 449 1149 trorum
472 1115 636 1158 ejusdem,
652 1126 731 1147 cum
753 1126 814 1147 sua
835 1116 1164 1148 recommendacione
1185 1117 1375 1158 perhumili,
1391 1117 1537 1149 salutem
1553 1121 1590 1149 et
1605 1119 1707 1160 septi-

317 1161 460 1192 formem
477 1159 624 1200 Spiritus
642 1159 1222 1201 Unccionem.—Experimentaliter
1242 1161 1313 1202 jam
1331 1161 1511 1193 didicimus
1527 1163 1618 1202 quod
1635 1162 1707 1203 qui-

317 1205 395 1236 dam
411 1203 602 1245 iniquitatis
619 1203 687 1241 filii,
703 1204 784 1234 dum
802 1203 872 1234 suis
887 1203 1130 1235 ambicionibus
1153 1212 1189 1236 et
1213 1205 1388 1236 maliciosis
1405 1205 1580 1236 conatibus
1596 1206 1707 1237 obvia-

318 1251 386 1286 tur,
402 1247 528 1278 invidie
551 1247 698 1278 stimulis
718 1247 847 1288 agitati,
863 1257 923 1278 sue
947 1247 1123 1288 pravitatis
1146 1248 1318 1280 molimina
1339 1253 1498 1289 pretextu
1522 1249 1658 1290 pietatis
1674 1253 1710 1282 et

321 1291 482 1333 equitatis
504 1290 727 1329 obnubulant,
741 1301 788 1330 ac,
806 1294 847 1322 ut
863 1291 1084 1323 Dominorum
1101 1291 1344 1323 benivolencias
1359 1292 1525 1324 efficacius
1540 1303 1708 1334 aucupen-

319 1338 387 1373 tur,
410 1345 578 1376 suumque
601 1334 810 1375 propositum
833 1334 973 1366 celerius
995 1339 1254 1377 consequantur,
1275 1336 1547 1377 suggestionibus
1571 1337 1709 1369 minime

319 1379 406 1410 veris
421 1388 517 1410 aures
532 1378 727 1419 potenciam
743 1381 859 1409 contra
874 1378 956 1409 alios
972 1382 1155 1419 provocant
1169 1380 1211 1411 ad
1228 1379 1398 1419 offensam,
1412 1380 1526 1421 sicque
1542 1381 1709 1412 maculare

318 1425 485 1454 conantur
506 1421 735 1453 innocencium
754 1421 906 1454 alienam.
955 1422 1151 1464 Eapropter,
1169 1434 1211 1454 ne
1234 1423 1364 1455 falsitas
1386 1423 1556 1464 prevaleat
1572 1425 1710 1456 veritati

317 1470 353 1498 et
377 1468 488 1497 vestra
514 1465 712 1506 benignitas,
739 1465 962 1506 malignorum
985 1466 1197 1498 suasionibus
1220 1466 1458 1506 circumventa,
1486 1478 1546 1508 pro
1568 1468 1710 1500 facturis

318 1510 442 1541 nostris
465 1509 719 1550 quomodolibet
741 1509 904 1548 irritetur,
921 1509 999 1541 stilo
1023 1509 1168 1542 verIdico
1191 1510 1286 1542 vobis
1308 1511 1477 1542 insinuare
1499 1511 1709 1544 decrevimus

317 1553 529 1594 infrascripta
546 1563 554 1591 ;
577 1552 743 1592 videlicet,
760 1553 852 1593 quod
874 1553 1061 1585 secundum
1085 1554 1223 1586 Statuta
1244 1554 1384 1594 Collegii
1399 1554 1503 1586 vestri
1523 1556 1566 1587 de
1586 1556 1708 1597 Stapil-

317 1598 414 1636 done,
430 1597 474 1628 ad
490 1607 555 1637 que
577 1596 682 1638 jurati
704 1599 787 1628 sunt
809 1607 925 1628 omnes
945 1597 1032 1628 Socii
1048 1596 1211 1637 ejusdem,
1229 1598 1454 1630 Cancellarius
1472 1599 1710 1631 Universitatis

318 1641 517 1674 Oxoniensis
531 1641 590 1682 qui
607 1651 666 1681 pro
682 1644 833 1681 tempore
849 1641 953 1672 fuerit
976 1641 1151 1672 Rectorem
1175 1641 1301 1673 ibidem
1324 1642 1471 1674 electum
1485 1643 1708 1683 confirmabit,

317 1695 355 1716 ac
370 1685 474 1716 eciam
490 1684 636 1715 duorum
653 1684 854 1716 habencium
871 1694 990 1716 vocum
1003 1685 1223 1726 equalitatem
1235 1685 1380 1717 alterum
1395 1685 1497 1727 juxta
1511 1697 1572 1718 sue
1587 1687 1708 1719 discre-

320 1729 423 1760 cionis
438 1727 618 1759 arbitrium
634 1727 822 1768 acceptabit
838 1738 846 1766 ;
869 1738 998 1759 necnon
1014 1734 1050 1759 et
1065 1728 1099 1759 in
1115 1729 1320 1770 quibusdam
1341 1729 1414 1760 aliis
1437 1730 1582 1762 casubus
1604 1731 1707 1763 inter-

316 1775 428 1814 ponet,
453 1777 615 1813 tanquam
631 1771 764 1812 ille-qui
780 1771 1007 1803 verisimiliter
1030 1772 1135 1812 magis
1156 1773 1324 1812 cognoscit
1345 1773 1556 1805 condiciones
1578 1777 1613 1806 et
1635 1785 1708 1816 per-

315 1826 473 1847 sonarum
501 1815 629 1847 merita.
677 1815 767 1847 Hinc
793 1818 845 1847 est
871 1815 964 1856 quod
991 1826 1099 1856 nuper
1122 1816 1378 1848 Commissa'rius
1400 1817 1596 1849 Cancellarii
1619 1819 1708 1850 dicte

317 1859 556 1891 Universitatis
571 1862 695 1899 nostre,
710 1859 845 1900 juratus
861 1859 903 1890 ad
919 1859 1065 1891 fideliter
1079 1861 1315 1901 exequendum
1335 1871 1373 1891 ea
1395 1870 1462 1902 que
1484 1861 1528 1892 ad
1551 1862 1707 1894 Officium

317 1903 514 1936 cancellarii
530 1903 702 1944 pertinent
724 1903 766 1934 ab
789 1903 941 1944 antiquo,
957 1906 993 1934 et
1016 1904 1224 1944 perpendens
1247 1904 1411 1945 quosdam
1433 1905 1573 1936 subdole
1589 1916 1706 1946 procu-

315 1957 404 1978 rasse
421 1946 696 1979 Commissiouem
714 1957 733 1977 a
746 1946 849 1985 vobis,
866 1949 1023 1987 pretextu
1047 1947 1146 1988 cujus
1168 1948 1366 1979 nitebantur
1382 1958 1489 1980 unum
1505 1949 1707 1981 inhumilem

316 1990 472 2031 preficere
495 1991 671 2022 Rectorem
695 1990 778 2022 dicti
802 1990 951 2031 collegii,
967 1993 1003 2021 et
1027 1990 1271 2023 Cancellarium
1296 1991 1474 2023 excludere
1496 2003 1515 2023 a
1537 1992 1614 2034 jure
1634 2004 1706 2034 suo,

315 2034 465 2066 inhibuit
480 2034 543 2065 hoc
565 2033 638 2065 fieri
654 2044 662 2073 ;
678 2034 714 2065 in
729 2034 824 2065 nullo
841 2034 955 2065 volens
977 2044 1037 2065 seu
1060 2034 1240 2066 intendens
1262 2035 1535 2076 jurisdiccionem
1558 2040 1705 2069 vestram

315 2078 436 2117 ledere,
452 2077 650 2117 diminuere,
669 2077 721 2108 vel
734 2077 908 2118 impedire,
923 2081 976 2109 set
988 2077 1113 2118 pocius,
1129 2079 1317 2110 secundum
1333 2079 1510 2120 antiquam
1527 2084 1706 2112 consuetu-

314 2121 438 2161 dinem,
467 2121 503 2152 in
529 2121 686 2152 omnibus
712 2121 894 2152 observare.
947 2121 1057 2160 Quare
1079 2125 1227 2154 vestram
1251 2123 1528 2155 Dominacionem
1551 2124 1707 2156 obnixius

314 2165 533 2206 deprecamur
547 2165 719 2206 quatinus,
737 2165 817 2196 facti
833 2165 1095 2196 circumstanciis
1111 2176 1198 2206 equo
1214 2165 1392 2197 libramine
1408 2167 1610 2207 ponderatis,
1629 2179 1705 2200 con-

315 2212 369 2240 tra
383 2209 514 2240 dictum
531 2208 805 2241 Commissarium
824 2208 877 2240 vel
899 2218 960 2239 nos
983 2219 1050 2240 non
1067 2209 1259 2250 concipiatis
1282 2209 1526 2250 indignacionis
1546 2211 1706 2252 spiritum

315 2255 378 2283 aut
392 2252 548 2292 rancoris,
565 2262 650 2294 quos
665 2252 865 2283 recusabiles
881 2252 994 2283 reddit
1009 2253 1214 2284 consciencia
1230 2253 1392 2285 veritatis.
1450 2254 1538 2286 Nam
1562 2256 1704 2295 noverit,

316 2296 344 2327 si
361 2295 478 2337 placet,
495 2299 606 2327 vestra
623 2295 789 2327 Discrecio
805 2296 1044 2336 circumspecta
1059 2296 1151 2337 quod
1173 2297 1207 2327 in
1226 2297 1319 2328 nullo
1334 2297 1405 2338 juri
1421 2301 1532 2329 vestro
1549 2299 1705 2331 volumus

315 2340 473 2380 derogare
496 2350 557 2371 nec
579 2340 727 2371 Scolares
752 2342 878 2370 vestros
894 2339 1033 2370 odibiles
1053 2339 1146 2370 vobis
1168 2340 1317 2380 reddere,
1333 2351 1419 2381 quos
1442 2341 1611 2373 immunes
1635 2353 1706 2374 esse

317 2383 486 2415 credimus
509 2383 551 2414 ab
574 2383 708 2414 offensa.
755 2383 844 2422 Illos,
861 2393 948 2423 erg0,
965 2383 1159 2423 dignemini,
1176 2383 1219 2414 ob
1243 2387 1358 2415 eterne
1381 2384 1450 2415 vite
1473 2385 1645 2424 meritum,
1662 2387 1703 2417 ad

317 2429 462 2458 vest-ram
487 2426 746 2458 benivolenciam
771 2426 961 2466 admittere,
985 2426 1075 2458 sicut
1097 2427 1188 2458 olim.
1241 2427 1296 2458 Ad
1324 2427 1466 2459 Ecclesie
1491 2429 1558 2460 Sue
1582 2430 1706 2461 Sancte

317 2470 569 2501 firmamentum
585 2470 717 2501 diucius
741 2480 798 2501 vos
821 2473 995 2501 conservet
1017 2473 1053 2501 et
1075 2470 1198 2511 dirigat
1221 2470 1298 2511 Ipsa
1321 2471 1468 2502 Trinitas
1490 2472 1638 2504 increata
1654 2475 1705 2505 1-

317 2513 448 2554 Scripta
464 2513 601 2552 Oxonie,
618 2513 674 2554 iij⁰
689 2514 743 2544 die
758 2513 779 2545 J
784 2513 863 2545 unii.

275 2601 480 2652 Episcopal
502 2601 716 2640 Visitation
732 2599 748 2649 3'
773 2602 1011 2648 Mandatum
1038 2608 1172 2639 contra
1194 2601 1386 2651 Officiales
1404 2603 1705 2645 Archidiacono-

327 2669 416 2693 rum
434 2655 594 2693 visitare
612 2662 880 2704 attemptantes
897 2656 1064 2693 durante
1094 2655 1129 2691 V
1122 2656 1322 2694 isitacione
1340 2657 1574 2704 Domini,—

275 2710 482 2748 Reverendo,
508 2713 587 2747 etc.‚
613 2709 752 2748 Thome,
777 2713 852 2747 etc.‚
875 2720 958 2741 suus
980 2710 1118 2741 humilis
1142 2709 1297 2741 Officialis
1321 2711 1555 2744 Archidiaconi
1579 2714 1701 2746 Barna-

317 2753 468 2793 stapolie,
484 2753 721 2792 obedienciam,
737 2753 1050 2784 ete—Mandatum
1068 2757 1217 2784 vestrum
1237 2754 1459 2786 reverendum
1476 2757 1592 2797 recepi,
1610 2761 1702 2790 teno-

318 2806 387 2827 rem
411 2796 587 2827 continens
609 2796 1082 2837 subsequentem,—Tbomas‚
1098 2799 1172 2836 etc.‚
1189 2796 1346 2829 omnibus
1368 2803 1404 2829 et
1425 2798 1566 2840 singulis
1588 2801 1703 2833 Archi-

318 2839 466 2871 diaconis
503 2840 626 2870 nostris
656 2840 691 2871 in
725 2840 869 2871 Ecclesia
907 2843 1019 2871 nostra
1050 2839 1242 2879 Exonimsi,
1273 2843 1308 2872 et
1337 2851 1454 2873 eorum
1485 2843 1700 2884 Officialibus,

315 2882 472 2922 salutem,
505 2883 825 2924 etc.-Disponente
854 2883 1039 2922 Altissimo,
1070 2883 1237 2915 Diocesim
1274 2894 1313 2915 ac
1351 2885 1437 2917 Loca
1475 2888 1511 2918 et
1541 2884 1704 2921 Personas

319 2925 523 2967 ubicumque
539 2926 633 2957 nobis
649 2926 803 2958 subditas
819 2937 877 2967 per
893 2929 1023 2958 nostras
1045 2926 1128 2958 certi
1151 2927 1277 2958 tenoris
1293 2927 1433 2968 Literas,
1451 2929 1544 2961 vobis
1560 2930 1704 2964 directas
