1988 3256
132 472 208 499 ΑΛ).

133 508 208 533 1380.

132 540 196 567 Vol.
209 540 232 567 1.

440 366 732 403 REGISTRUM
768 366 1232 402 coMMUNn—ANNO
1272 357 1365 401 11⁰.
1589 354 1683 401 427

285 475 322 504 et
338 471 413 505 loco
430 473 635 506 mandatum
652 473 722 507 fuit
739 473 887 507 officiali
905 473 1152 507 Archidiaconi
1171 472 1344 507 Gornubie
1364 473 1406 506 de
1424 472 1611 506 relaxando
1632 472 1688 505 Se-

284 519 464 557 questrum
491 516 578 549 alias
603 518 849 560 interpositum
873 518 911 551 in
935 516 1110 551 fructibus
1136 516 1291 550 Ecclesie
1316 516 1483 559 predicte,
1511 516 1689 549 occasione

285 559 443 593 absencie
459 560 619 595 Rectoris
636 562 802 604 ejusdem.

243 644 327 683 The
346 644 522 696 Subsidy
541 645 712 696 granted
732 645 786 696 by
807 645 876 684 the
895 645 1041 697 Clergy
1061 650 1103 684 to
1123 645 1192 684 the
1213 645 1322 695 King
1337 658 1348 692 ς
1378 644 1617 683 Mandatum
1642 645 1688 682 de

299 700 511 749 exequendo
531 713 645 748 super
663 700 851 738 solucione
871 699 964 738 certi
985 699 1171 747 Subsidii,
1194 699 1352 737 concessi
1370 699 1540 737 Domino
1559 705 1689 737 nostro

301 753 468 803 Remi,—

243 805 403 849 Thomas,
428 810 509 848 etc.,
529 806 735 839 Precentori
757 806 912 839 Ecclesie
933 809 1051 840 nostre
1072 797 1290 847 Exoniensis,
1315 816 1356 838 ac
1379 804 1594 839 officialibus
1616 808 1691 838 tam

144 1460 194 1488 sol.
208 1461 270 1488 8212.

154 2802 192 2822 US

287 854 405 884 nostre
428 861 533 893 quam
557 851 690 883 Decani
714 854 749 884 et
773 850 928 893 Capituli
952 849 1237 892 singulorumque
1261 849 1515 883 Canonicorum
1538 848 1693 881 Ecclesie

282 897 399 926 nostre
416 894 571 936 predicte
589 894 881 927 Jurisdiccionum
901 894 1134 927 Peculiarium
1153 896 1189 927 in
1209 894 1387 932 Devonia3
1406 903 1548 932 necnon,
1567 892 1689 924 Archi-

288 938 511 971 diaconorum
532 942 732 971 nostrorum
753 938 897 979 Exonie,
921 938 1095 979 Tottonie,
1120 941 1157 971 et
1178 937 1443 980 Barnastapolie
1465 936 1690 976 officialibus,

289 981 446 1022 salutem,
480 982 717 1024 etc—Nuper
745 982 991 1024 deputavimus
1019 981 1195 1015 Abbatem
1225 982 1267 1016 de
1297 981 1535 1023 Donkyswille
1566 980 1694 1014 Collec-

290 1028 401 1057 torem
418 1024 570 1058 Subsidii
587 1025 700 1058 ultimi
716 1036 780 1067 per
796 1025 953 1058 Prelatos
971 1029 1007 1059 et
1024 1025 1174 1067 Clerum,
1194 1026 1230 1057 in
1247 1023 1413 1057 Partibus
1430 1024 1598 1065 Devonie,
1618 1034 1692 1065 pre-

289 1068 383 1101 dicto
403 1069 552 1102 Domino
571 1073 690 1102 nostro
710 1070 799 1112 Regi
818 1069 982 1108 concessi,
1003 1073 1110 1111 prout
1128 1069 1166 1101 in
1184 1068 1432 1101 Commissione
1452 1079 1514 1110 per
1533 1079 1595 1101 nos
1614 1069 1694 1101 inde

290 1111 356 1144 sibi
375 1112 470 1145 facta
489 1112 624 1155 plenius
643 1113 851 1146 continetur.
899 1113 958 1155 Et,
979 1113 1072 1155 licet,
1095 1116 1138 1146 ut
1157 1113 1387 1155 concepimus,
1411 1113 1611 1155 hujusmodi
1632 1123 1695 1145 sua.

289 1155 494 1188 Commissio
513 1157 550 1188 in
572 1156 737 1189 Partibus
759 1156 925 1199 predictis
944 1157 1011 1189 rite
1032 1156 1140 1189 fuerit
1159 1155 1348 1198 publicata,
1373 1156 1540 1196 nonnulli,
1563 1160 1692 1194 tamen,

295 1199 498 1233 Beneficiati
524 1204 558 1233 et
584 1200 654 1238 alii,
683 1203 757 1232 tam
783 1200 915 1232 Vicarii
940 1201 977 1232 in
1002 1199 1157 1232 Ecclesia
1183 1203 1303 1232 nostra
1328 1200 1467 1242 prefata,
1492 1203 1528 1232 et
1555 1199 1591 1231 in
1618 1198 1697 1231 aliis

290 1242 436 1276 diversis
454 1242 619 1276 Ecclesiis
638 1243 850 1286 Collegiatis‚
874 1253 979 1286 quam
998 1242 1058 1275 alii
1076 1241 1272 1284 presbiteri,
1295 1243 1475 1285 porciones
1496 1253 1554 1275 eos
1573 1242 1610 1274 in
1630 1241 1695 1274 hac

295 1291 394 1329 parte
417 1287 642 1329 singulan'ter
662 1291 904 1321 concernentes
927 1288 1020 1320 dicto
1042 1287 1228 1320 Collectori
1249 1297 1317 1318 non
1340 1289 1463 1318 curant
1487 1285 1630 1326 solvere,
1657 1288 1698 1318 ut

293 1330 468 1367 deberent,
493 1331 529 1362 in
553 1331 664 1362 nostri
689 1334 725 1362 et
749 1330 1008 1363 Commissionis
1031 1334 1148 1363 nostre
1171 1329 1371 1371 hujusmodi
1396 1330 1495 1371 quasi
1519 1333 1693 1371 contemp-

291 1377 379 1415 tum,
400 1384 439 1406 ac
458 1374 599 1406 Domini
616 1374 726 1406 nostri
742 1373 850 1416 Regis
865 1377 901 1407 et
918 1373 1030 1415 Regni
1047 1373 1279 1415 prejudicium
1297 1374 1530 1406 manifestum.
1571 1372 1692 1414 Vobis,

290 1417 411 1465 igitur,
444 1417 670 1459 conjunctim,
703 1420 739 1450 et
767 1421 924 1450 vestrum
955 1416 1098 1450 cuilibet
1129 1416 1280 1457 divisim,
1315 1417 1576 1456 committimus,
1610 1419 1692 1456 etc.,

292 1461 469 1503 quatinus,
490 1460 656 1503 legitimis
675 1459 931 1495 Monicionibus
950 1460 1138 1503 premissis,
1160 1470 1223 1502 per
1242 1459 1414 1493 Censuras
1433 1459 1696 1492 Ecclesiasticas

293 1514 362 1545 qua
400 1514 526 1546 umque
551 1504 662 1537 indies
687 1503 902 1546 compellatis
928 1503 1056 1546 singuli
1080 1507 1248 1543 vestrum,
1275 1503 1438 1536 videlicet
1464 1504 1498 1535 in
1527 1503 1694 1536 Jurisdic-

294 1548 383 1579 cioni
409 1558 449 1580 us
477 1546 577 1580 vobis
606 1548 808 1589 commissis,
840 1557 958 1580 omnes
986 1550 1023 1579 et
1050 1546 1205 1589 singulas
1233 1547 1403 1579 Personas
1433 1546 1695 1579 Ecclesiasticas

291 1590 383 1623 Bene
428 1591 463 1623 ia
481 1594 603 1623 taxata
622 1591 666 1623 ad
687 1601 747 1623 sex
764 1601 910 1630 marcas,
932 1594 994 1623 aut
1013 1590 1106 1622 infra.
1123 1589 1179 1623 vel
1200 1589 1303 1626 ultra,
1325 1590 1363 1622 in
1381 1588 1694 1622 Jurisdiccionibus

291 1633 529 1666 l'eculiaribus
546 1638 581 1666 et
597 1632 947 1666 Archidiaconatibus
964 1633 1130 1675 predictis
1148 1632 1407 1674 quomodolibet
1424 1632 1631 1672 obtinentes,
1651 1631 1696 1664 ad

293 1677 576 1710 satisfaciendum
594 1676 750 1719 indilate,
773 1677 863 1714 citra
880 1677 1024 1709 Festum
1044 1676 1256 1710 Nativitatis
1274 1676 1394 1709 Sancti
1413 1676 1438 1710 J
1439 1675 1584 1709 ohannis
1604 1677 1695 1718 Bap-

293 1721 377 1754 tiste
395 1721 555 1762 proximo
572 1720 743 1762 futurum,
766 1719 951 1753 Collectori
970 1719 1137 1762 predicto,
1160 1719 1202 1752 de
1222 1719 1368 1762 singulis
1387 1720 1513 1752 marcis
1533 1719 1697 1753 videlicet

293 1765 544 1798 Beneficiorum
571 1774 724 1805 suorum,
751 1766 857 1806 prout
884 1764 1077 1806 antiquitus
1104 1766 1229 1796 taxata
1255 1763 1408 1803 fuerunt,
1439 1763 1611 1796 sexdecim
1638 1762 1694 1796 de-

292 1808 419 1850 narios,
448 1806 578 1850 absque
604 1807 836 1840 diminucione
886 1816 1101 1848 uacumque;
1133 1817 1174 1839 ac
1199 1806 1285 1840 alias
1311 1806 1492 1847 Personas,
1522 1806 1697 1839 Beneficia.

293 1862 363 1884 non
378 1855 500 1884 taxata
519 1850 726 1891 obtinentes,
747 1850 790 1883 de
808 1850 876 1883 dua
901 1861 942 1883 us
959 1849 1119 1893 partibus
1136 1851 1210 1883 veri
1227 1849 1355 1883 valoris
1373 1850 1570 1890 eorundem,
1592 1853 1698 1892 prout

292 1895 388 1936 juste
401 1894 520 1928 valent
534 1894 700 1935 estimari,
718 1894 762 1927 de
777 1893 922 1936 singulis
937 1895 1063 1928 marcis
1079 1894 1188 1927 eciam
1204 1904 1264 1926 sex
1279 1893 1448 1934 denarios,
1466 1893 1571 1926 nullis
1586 1893 1695 1926 oneri-

291 1937 357 1971 bus
376 1938 609 1981 prededuct-is,
630 1938 697 1971 nisi
715 1941 887 1980 quatenus
905 1937 1056 1970 Persone
1076 1937 1275 1980 supradicte
1294 1938 1430 1980 prefato
1451 1936 1594 1975 Abbati,
1619 1935 1694 1970 Col-

298 1982 432 2024 lectori,
457 1982 690 2015 satisfecerint
710 1983 746 2015 in
766 1982 879 2014 forma
899 1984 1104 2024 prenotata;
1137 1991 1280 2020 necnon,
1306 1981 1460 2024 singulos
1482 1982 1642 2014 Vicarios
1663 1984 1699 2013 et

294 2025 509 2068 capellanos,
529 2029 603 2058 tam
619 2025 656 2057 in
674 2024 831 2058 Ecclesia
849 2028 969 2058 nostra
988 2023 1187 2057 Cathedrali
1207 2028 1243 2057 et
1262 2025 1297 2057 in
1316 2024 1461 2067 singulis
1482 2023 1693 2066 Collegiatis,

293 2079 397 2111 quam
421 2068 505 2101 alibi
528 2070 565 2101 in
587 2066 899 2102 Jurisdiceionibus
924 2071 959 2100 et
983 2066 1345 2100 Archidiaconatubus
1370 2068 1546 2110 predictis,
1575 2068 1695 2111 Capel-

291 2113 380 2152 lanis
391 2112 576 2154 Religiosis
593 2111 777 2145 dumtaxat
793 2110 958 2153 exceptis,
973 2111 1192 2150 constitutos,
1207 2111 1251 2143 ad
1269 2110 1552 2144 satisfaciendum
1570 2121 1695 2143 memo-

290 2160 366 2189 mm
378 2155 560 2189 collectori
573 2155 614 2188 de
626 2154 762 2188 duobus
773 2154 891 2187 solidis
902 2153 1032 2187 usualis
1044 2157 1192 2191 monete,
1206 2155 1271 2186 nisi
1291 2156 1462 2195 quatenus
1480 2165 1543 2196 per
1560 2153 1696 2187 eosdem

293 2199 403 2232 eidem
425 2197 609 2232 Gollectori
630 2201 734 2231 antea
753 2197 860 2231 fuerit
882 2197 1111 2230 satisfactum.
1161 2197 1316 2230 Scientes
1338 2197 1431 2239 quod
1453 2197 1566 2231 nullos
1590 2198 1695 2230 Bene-

290 2243 424 2275 ficiatos
443 2253 505 2274 nec
524 2240 741 2274 Presbiteros
761 2241 804 2273 ad
823 2240 975 2273 valorem
996 2250 1055 2272 sex
1074 2250 1269 2272 marcarum
1289 2241 1468 2273 annuatim
1487 2242 1523 2273 in
1544 2241 1640 2273 victu
1661 2244 1697 2273 et

294 2286 426 2318 vestitu
449 2285 678 2327 percipientes
703 2284 740 2316 in
762 2282 828 2316 hac
852 2287 953 2325 parte
975 2281 1097 2315 haberi
1122 2282 1282 2315 volumus
1307 2286 1499 2315 excusa-tos.
1548 2283 1605 2316 Ad
1630 2294 1697 2326 que

295 2329 411 2361 omnia
428 2332 464 2361 et
482 2327 618 2370 singula
636 2326 805 2368 facienda,
826 2337 958 2359 necnon
979 2326 1023 2359 ad
1042 2326 1285 2368 inquirendum
1306 2325 1502 2368 specialiter
1520 2337 1583 2369 per
1601 2328 1695 2361 viros

294 2372 497 2414 fidedignos,
525 2381 640 2404 coram
664 2369 776 2411 vobis,
803 2369 948 2412 singulis
973 2369 1136 2403 videlicet
1159 2371 1195 2403 in
1219 2370 1532 2404 Jurisdiccionibus
1555 2372 1693 2410 vestris,

295 2416 442 2457 juratos,
473 2415 516 2448 de
539 2425 622 2447 vero
647 2413 765 2447 valore
792 2413 964 2445 dictorum
990 2413 1241 2445 Beneficiorum
1269 2424 1337 2446 non
1363 2417 1574 2453 taxatorum,
1603 2415 1696 2447 vices

293 2462 430 2491 nostras
444 2457 704 2497 committimus,
721 2467 799 2489 cum
813 2454 1002 2498 cujuslibet
1014 2455 1225 2489 cohercionis
1240 2455 1411 2489 Canonice
1425 2459 1608 2500 potestate.
1656 2456 1704 2489 Et

295 2502 380 2545 quid
396 2502 432 2534 in
448 2501 624 2543 premissis
640 2500 804 2538 feceritis,
822 2510 863 2532 ac
879 2499 952 2540 [de]
968 2498 1071 2532 modo
1088 2502 1125 2532 et
1141 2499 1255 2532 forma
1270 2500 1484 2533 execucionis
1502 2505 1618 2534 vestre
1634 2511 1698 2542 per

296 2556 359 2578 vos
380 2546 589 2578 auctoritate
609 2547 728 2576 nostra
749 2543 784 2575 in
805 2542 870 2575 hac
892 2545 994 2584 parte
1013 2542 1115 2582 facte,
1140 2542 1334 2584 predictum
1356 2543 1542 2585 Abbatem‚
1569 2545 1696 2578 Collec-

292 2593 402 2621 torem
423 2587 575 2621 Subsidii
595 2586 754 2629 predicti,
778 2586 835 2619 die
854 2585 1019 2618 Mercurii
1041 2585 1197 2627 proximo
1219 2589 1300 2618 ante
1319 2587 1460 2620 Festum
1485 2588 1693 2622 Nativitatis

298 2632 417 2665 Sancti
442 2630 612 2664 Johannis
637 2629 797 2672 predicti,
825 2629 990 2662 distincte
1014 2633 1050 2662 et
1074 2632 1192 2671 aperte
1219 2629 1427 2672 certificetis,
1457 2631 1607 2672 divisim,
1635 2642 1698 2674 per

298 2675 446 2717 Literas,
469 2673 699 2707 etc.—Dated
718 2672 874 2715 London,
898 2673 940 2706 27
962 2672 1057 2715 May.
1470 2671 1474 2674 ’

153 2762 241 2795 ΙυΝῐ·
261 2759 557 2809 Illegitimacy;
604 2749 855 2806 Dispensizcio
892 2769 976 2794 cum
1013 2755 1227 2806 illeyitimo,
1277 2756 1462 2796 Willelmo
1507 2759 1694 2808 Kendale,

313 2812 515 2858 clerico,—

251 2874 295 2890 ·—
317 2867 334 2880 “
349 2866 390 2898 de
406 2864 518 2898 soluto
537 2864 674 2906 genitus
690 2866 725 2895 et
743 2862 868 2901 soluta,
887 2865 927 2894 ut
944 2861 1056 2903 possit
1073 2861 1116 2894 ad
1134 2872 1250 2895 omnes
1268 2862 1420 2896 Minores
1438 2869 1474 2898 et
1491 2862 1613 2898 Sacros
1630 2866 1693 2900 Or-

299 2909 396 2942 dines
425 2907 632 2950 promoveri‚
664 2910 700 2939 et
728 2905 941 2938 Beneficium
970 2903 1264 2947 Ecclesiasticum,
1297 2906 1405 2939 eciam
1436 2912 1606 2949 curatum,
1639 2909 1696 2943 ob-

301 2953 413 2986 tinere
424 2951 442 2970 '‘
468 2949 634 2993 (London,
659 2952 680 2982 6
701 2948 817 2991 June).
