<?xml version="1.0" encoding="UTF-8"?>
<!DOCTYPE html PUBLIC "-//W3C//DTD XHTML 1.0 Transitional//EN"
    "http://www.w3.org/TR/xhtml1/DTD/xhtml1-transitional.dtd">
<html xmlns="http://www.w3.org/1999/xhtml" xml:lang="en" lang="en">
 <head>
  <title>
</title>
<meta http-equiv="Content-Type" content="text/html;charset=utf-8" />
  <meta name='ocr-system' content='tesseract 3.04.00' />
  <meta name='ocr-capabilities' content='ocr_page ocr_carea ocr_par ocr_line ocrx_word'/>
</head>
<body>
  <div class='ocr_page' id='page_1' title='image "./registerofthomas01hinguoft/registerofthomas01hinguoft_0166.png"; bbox 0 0 1988 3256; ppageno 0'>
   <div class='ocr_carea' id='block_1_1' title="bbox 298 373 390 419">
    <p class='ocr_par' dir='ltr' id='par_1_1' title="bbox 298 373 390 419">
     <span class='ocr_line' id='line_1_1' title="bbox 298 373 390 419; baseline 0.022 -2"><span class='ocrx_word' id='word_1_1' title='bbox 298 373 390 419; x_wconf 83' lang='grc'><strong>148</strong></span> 
     </span>
    </p>
   </div>
   <div class='ocr_carea' id='block_1_2' title="bbox 295 489 374 618">
    <p class='ocr_par' dir='ltr' id='par_1_2' title="bbox 295 489 374 618">
     <span class='ocr_line' id='line_1_2' title="bbox 296 489 374 517; baseline 0.026 -2"><span class='ocrx_word' id='word_1_2' title='bbox 296 489 374 517; x_wconf 88' lang='grc' dir='ltr'><strong>Α.Ῑ).</strong></span> 
     </span>
     <span class='ocr_line' id='line_1_3' title="bbox 298 522 374 550; baseline 0.013 -1"><span class='ocrx_word' id='word_1_3' title='bbox 298 522 374 550; x_wconf 82' lang='grc'><strong>1374.</strong></span> 
     </span>
     <span class='ocr_line' id='line_1_4' title="bbox 295 557 361 584; baseline 0 0"><span class='ocrx_word' id='word_1_4' title='bbox 295 557 361 584; x_wconf 83' lang='lat' dir='ltr'><strong>Vol.</strong></span> 
     </span>
     <span class='ocr_line' id='line_1_5' title="bbox 295 591 339 618; baseline 0.023 -1"><span class='ocrx_word' id='word_1_5' title='bbox 295 591 309 617; x_wconf 87' lang='lat'>1</span> <span class='ocrx_word' id='word_1_6' title='bbox 314 592 339 618; x_wconf 90' lang='grc' dir='ltr'><strong>Ι.</strong></span> 
     </span>
    </p>
   </div>
   <div class='ocr_carea' id='block_1_3' title="bbox 508 385 1634 422">
    <p class='ocr_par' dir='ltr' id='par_1_3' title="bbox 508 385 1634 422">
     <span class='ocr_line' id='line_1_6' title="bbox 508 385 1634 422; baseline 0 -2"><span class='ocrx_word' id='word_1_7' title='bbox 508 387 609 421; x_wconf 76' lang='lat' dir='ltr'><strong>THE</strong></span> <span class='ocrx_word' id='word_1_8' title='bbox 644 386 887 422; x_wconf 82' lang='lat' dir='ltr'>REGISTER</span> <span class='ocrx_word' id='word_1_9' title='bbox 920 386 981 420; x_wconf 70' lang='lat'><strong>01³*</strong></span> <span class='ocrx_word' id='word_1_10' title='bbox 1016 385 1195 420; x_wconf 84' lang='lat' dir='ltr'>BISHOP</span> <span class='ocrx_word' id='word_1_11' title='bbox 1230 385 1634 421; x_wconf 79' lang='lat' dir='ltr'>BRANTYNGHAM.</span> 
     </span>
    </p>
   </div>
   <div class='ocr_carea' id='block_1_4' title="bbox 450 488 1843 1061">
    <p class='ocr_par' dir='ltr' id='par_1_4' title="bbox 450 488 1843 1061">
     <span class='ocr_line' id='line_1_7' title="bbox 450 488 1839 539; baseline -0.003 -14"><span class='ocrx_word' id='word_1_12' title='bbox 450 494 565 525; x_wconf 87' lang='lat' dir='ltr'><strong>Letres</strong></span> <span class='ocrx_word' id='word_1_13' title='bbox 590 496 744 535; x_wconf 84' lang='lat' dir='ltr'><strong>patentes</strong></span> <span class='ocrx_word' id='word_1_14' title='bbox 766 493 859 526; x_wconf 86' lang='lat' dir='ltr'><strong>eions</strong></span> <span class='ocrx_word' id='word_1_15' title='bbox 881 493 1050 525; x_wconf 88' lang='lat' dir='ltr'><strong>constitue</strong></span> <span class='ocrx_word' id='word_1_16' title='bbox 1073 495 1187 525; x_wconf 87' lang='lat' dir='ltr'><strong>nostre</strong></span> <span class='ocrx_word' id='word_1_17' title='bbox 1209 492 1288 525; x_wconf 88' lang='lat' dir='ltr'><strong>cher</strong></span> <span class='ocrx_word' id='word_1_18' title='bbox 1310 492 1368 524; x_wconf 85' lang='lat' dir='ltr'><strong>fitz</strong></span> <span class='ocrx_word' id='word_1_19' title='bbox 1391 502 1432 524; x_wconf 91' lang='lat' dir='ltr'><strong>en</strong></span> <span class='ocrx_word' id='word_1_20' title='bbox 1456 491 1554 531; x_wconf 86' lang='lat' dir='ltr'><strong>Dieu,</strong></span> <span class='ocrx_word' id='word_1_21' title='bbox 1570 490 1718 523; x_wconf 83' lang='lat' dir='ltr'><strong>william</strong></span> <span class='ocrx_word' id='word_1_22' title='bbox 1741 488 1839 539; x_wconf 66' lang='lat' dir='ltr'><strong>Cary,</strong></span> 
     </span>
     <span class='ocr_line' id='line_1_8' title="bbox 450 537 1842 578; baseline -0.004 -9"><span class='ocrx_word' id='word_1_23' title='bbox 450 540 564 569; x_wconf 89' lang='lat' dir='ltr'><strong>nostre</strong></span> <span class='ocrx_word' id='word_1_24' title='bbox 589 537 766 570; x_wconf 84' lang='lat' dir='ltr'><strong>Seneschal</strong></span> <span class='ocrx_word' id='word_1_25' title='bbox 789 548 831 569; x_wconf 86' lang='lat' dir='ltr'><strong>en</strong></span> <span class='ocrx_word' id='word_1_26' title='bbox 854 540 934 569; x_wconf 86' lang='lat' dir='ltr'><strong>touz</strong></span> <span class='ocrx_word' id='word_1_27' title='bbox 957 548 1020 569; x_wconf 84' lang='lat' dir='ltr'><strong>noz</strong></span> <span class='ocrx_word' id='word_1_28' title='bbox 1044 537 1199 576; x_wconf 88' lang='lat' dir='ltr'><strong>Manoirs,</strong></span> <span class='ocrx_word' id='word_1_29' title='bbox 1231 537 1412 578; x_wconf 84' lang='lat' dir='ltr'><strong>Seignuris,</strong></span> <span class='ocrx_word' id='word_1_30' title='bbox 1436 539 1553 575; x_wconf 82' lang='lat' dir='ltr'><strong>terres,</strong></span> <span class='ocrx_word' id='word_1_31' title='bbox 1579 537 1615 566; x_wconf 91' lang='lat' dir='ltr'><strong>et</strong></span> <span class='ocrx_word' id='word_1_32' title='bbox 1637 542 1842 576; x_wconf 79' lang='lat' dir='ltr'><strong>possessions</strong></span> 
     </span>
     <span class='ocr_line' id='line_1_9' title="bbox 451 578 1843 620; baseline -0.003 -8"><span class='ocrx_word' id='word_1_33' title='bbox 451 584 602 613; x_wconf 85' lang='lat' dir='ltr'><strong>esteantz</strong></span> <span class='ocrx_word' id='word_1_34' title='bbox 629 592 670 613; x_wconf 89' lang='lat' dir='ltr'><strong>en</strong></span> <span class='ocrx_word' id='word_1_35' title='bbox 698 582 728 613; x_wconf 89' lang='lat' dir='ltr'><strong>le</strong></span> <span class='ocrx_word' id='word_1_36' title='bbox 755 581 890 614; x_wconf 87' lang='lat' dir='ltr'><strong>Counte</strong></span> <span class='ocrx_word' id='word_1_37' title='bbox 917 581 958 613; x_wconf 90' lang='lat' dir='ltr'><strong>de</strong></span> <span class='ocrx_word' id='word_1_38' title='bbox 986 580 1216 620; x_wconf 80' lang='lat' dir='ltr'><strong>Devenshire3</strong></span> <span class='ocrx_word' id='word_1_39' title='bbox 1239 580 1444 612; x_wconf 87' lang='lat' dir='ltr'><strong>nientmeins</strong></span> <span class='ocrx_word' id='word_1_40' title='bbox 1470 590 1556 611; x_wconf 90' lang='lat' dir='ltr'><strong>nous</strong></span> <span class='ocrx_word' id='word_1_41' title='bbox 1583 578 1783 619; x_wconf 87' lang='lat' dir='ltr'><strong>ordeignons</strong></span> <span class='ocrx_word' id='word_1_42' title='bbox 1806 578 1843 608; x_wconf 88' lang='lat' dir='ltr'><strong>et</strong></span> 
     </span>
     <span class='ocr_line' id='line_1_10' title="bbox 451 619 1841 666; baseline -0.004 -10"><span class='ocrx_word' id='word_1_43' title='bbox 451 625 623 666; x_wconf 87' lang='lat' dir='ltr'><strong>assignons</strong></span> <span class='ocrx_word' id='word_1_44' title='bbox 639 636 699 666; x_wconf 89' lang='lat' dir='ltr'><strong>par</strong></span> <span class='ocrx_word' id='word_1_45' title='bbox 713 628 841 666; x_wconf 83' lang='lat' dir='ltr'><strong>ycestes</strong></span> <span class='ocrx_word' id='word_1_46' title='bbox 857 627 972 656; x_wconf 87' lang='lat' dir='ltr'><strong>nostre</strong></span> <span class='ocrx_word' id='word_1_47' title='bbox 991 625 1070 656; x_wconf 90' lang='lat' dir='ltr'><strong>cher</strong></span> <span class='ocrx_word' id='word_1_48' title='bbox 1092 624 1151 656; x_wconf 85' lang='lat' dir='ltr'><strong>fitz</strong></span> <span class='ocrx_word' id='word_1_49' title='bbox 1174 635 1215 656; x_wconf 87' lang='lat' dir='ltr'><strong>en</strong></span> <span class='ocrx_word' id='word_1_50' title='bbox 1239 625 1338 664; x_wconf 81' lang='lat' dir='ltr'><strong>Dieu,</strong></span> <span class='ocrx_word' id='word_1_51' title='bbox 1357 624 1448 656; x_wconf 74' lang='lat' dir='ltr'><strong>Rauf</strong></span> <span class='ocrx_word' id='word_1_52' title='bbox 1462 622 1664 662; x_wconf 84' lang='lat' dir='ltr'><strong>Rokebeare,</strong></span> <span class='ocrx_word' id='word_1_53' title='bbox 1683 620 1783 653; x_wconf 86' lang='lat' dir='ltr'><strong>Clerk</strong></span> <span class='ocrx_word' id='word_1_54' title='bbox 1799 619 1841 651; x_wconf 90' lang='lat' dir='ltr'><strong>de</strong></span> 
     </span>
     <span class='ocr_line' id='line_1_11' title="bbox 452 665 1839 707; baseline -0.004 -7"><span class='ocrx_word' id='word_1_55' title='bbox 452 679 514 700; x_wconf 86' lang='lat' dir='ltr'><strong>noz</strong></span> <span class='ocrx_word' id='word_1_56' title='bbox 538 669 680 701; x_wconf 84' lang='grc'><strong>00111188</strong></span> <span class='ocrx_word' id='word_1_57' title='bbox 703 672 738 701; x_wconf 89' lang='grc'><strong>81,</strong></span> <span class='ocrx_word' id='word_1_58' title='bbox 760 669 948 700; x_wconf 79' lang='lat' dir='ltr'><strong>lieutenant</strong></span> <span class='ocrx_word' id='word_1_59' title='bbox 971 669 1017 700; x_wconf 91' lang='lat' dir='ltr'><strong>du</strong></span> <span class='ocrx_word' id='word_1_60' title='bbox 1041 668 1094 700; x_wconf 88' lang='lat' dir='ltr'><strong>dit</strong></span> <span class='ocrx_word' id='word_1_61' title='bbox 1117 668 1274 707; x_wconf 87' lang='lat' dir='ltr'><strong>William,</strong></span> <span class='ocrx_word' id='word_1_62' title='bbox 1299 668 1532 700; x_wconf 82' lang='lat' dir='ltr'><strong>cestassavoire</strong></span> <span class='ocrx_word' id='word_1_63' title='bbox 1556 677 1621 707; x_wconf 89' lang='lat' dir='ltr'><strong>pur</strong></span> <span class='ocrx_word' id='word_1_64' title='bbox 1644 665 1752 697; x_wconf 86' lang='lat' dir='ltr'><strong>tenire</strong></span> <span class='ocrx_word' id='word_1_65' title='bbox 1776 674 1839 695; x_wconf 81' lang='lat' dir='ltr'><strong>noz</strong></span> 
     </span>
     <span class='ocr_line' id='line_1_12' title="bbox 453 709 1841 754; baseline -0.004 -10"><span class='ocrx_word' id='word_1_66' title='bbox 453 713 604 752; x_wconf 86' lang='lat' dir='ltr'><strong>Courtes,</strong></span> <span class='ocrx_word' id='word_1_67' title='bbox 616 716 651 744; x_wconf 91' lang='lat' dir='ltr'><strong>et</strong></span> <span class='ocrx_word' id='word_1_68' title='bbox 667 715 763 744; x_wconf 85' lang='lat' dir='ltr'><strong>toutz</strong></span> <span class='ocrx_word' id='word_1_69' title='bbox 778 715 892 744; x_wconf 86' lang='lat' dir='ltr'><strong>autres</strong></span> <span class='ocrx_word' id='word_1_70' title='bbox 908 712 1023 744; x_wconf 79' lang='lat' dir='ltr'>choses</span> <span class='ocrx_word' id='word_1_71' title='bbox 1038 712 1120 744; x_wconf 81' lang='lat' dir='ltr'><strong>faire</strong></span> <span class='ocrx_word' id='word_1_72' title='bbox 1136 712 1393 754; x_wconf 85' lang='lat' dir='ltr'><strong>qappertienent</strong></span> <span class='ocrx_word' id='word_1_73' title='bbox 1408 711 1440 743; x_wconf 90' lang='lat' dir='ltr'><strong>al</strong></span> <span class='ocrx_word' id='word_1_74' title='bbox 1456 711 1508 743; x_wconf 89' lang='lat' dir='ltr'><strong>dit</strong></span> <span class='ocrx_word' id='word_1_75' title='bbox 1525 710 1627 743; x_wconf 86' lang='lat' dir='ltr'><strong>Office</strong></span> <span class='ocrx_word' id='word_1_76' title='bbox 1643 719 1684 741; x_wconf 88' lang='lat' dir='ltr'><strong>en</strong></span> <span class='ocrx_word' id='word_1_77' title='bbox 1700 709 1841 740; x_wconf 79' lang='lat' dir='ltr'><strong>absence</strong></span> 
     </span>
     <span class='ocr_line' id='line_1_13' title="bbox 452 752 1842 797; baseline -0.004 -9"><span class='ocrx_word' id='word_1_78' title='bbox 452 757 499 788; x_wconf 91' lang='lat' dir='ltr'><strong>du</strong></span> <span class='ocrx_word' id='word_1_79' title='bbox 516 756 568 788; x_wconf 86' lang='lat' dir='ltr'><strong>dit</strong></span> <span class='ocrx_word' id='word_1_80' title='bbox 584 756 739 789; x_wconf 85' lang='lat' dir='ltr'><strong>William.</strong></span> <span class='ocrx_word' id='word_1_81' title='bbox 786 757 821 788; x_wconf 87' lang='lat' dir='ltr'><strong>Si</strong></span> <span class='ocrx_word' id='word_1_82' title='bbox 838 767 920 788; x_wconf 88' lang='lat' dir='ltr'><strong>vous</strong></span> <span class='ocrx_word' id='word_1_83' title='bbox 936 756 1100 788; x_wconf 82' lang='lat' dir='ltr'><strong>mandons</strong></span> <span class='ocrx_word' id='word_1_84' title='bbox 1116 759 1152 788; x_wconf 89' lang='lat' dir='ltr'><strong>et</strong></span> <span class='ocrx_word' id='word_1_85' title='bbox 1167 756 1407 788; x_wconf 87' lang='lat' dir='ltr'><strong>commandons</strong></span> <span class='ocrx_word' id='word_1_86' title='bbox 1423 766 1489 797; x_wconf 91' lang='lat' dir='ltr'><strong>que</strong></span> <span class='ocrx_word' id='word_1_87' title='bbox 1503 765 1546 786; x_wconf 83' lang='lat' dir='ltr'><strong>au</strong></span> <span class='ocrx_word' id='word_1_88' title='bbox 1563 754 1616 786; x_wconf 90' lang='lat' dir='ltr'><strong>dit</strong></span> <span class='ocrx_word' id='word_1_89' title='bbox 1631 752 1731 791; x_wconf 77' lang='lat' dir='ltr'><strong>Rauf,</strong></span> <span class='ocrx_word' id='word_1_90' title='bbox 1748 761 1842 784; x_wconf 89' lang='lat' dir='ltr'><strong>come</strong></span> 
     </span>
     <span class='ocr_line' id='line_1_14' title="bbox 452 796 1842 838; baseline -0.005 -5"><span class='ocrx_word' id='word_1_91' title='bbox 452 800 552 833; x_wconf 87' lang='lat' dir='ltr'><strong>Clerk</strong></span> <span class='ocrx_word' id='word_1_92' title='bbox 568 801 610 831; x_wconf 91' lang='lat' dir='ltr'><strong>de</strong></span> <span class='ocrx_word' id='word_1_93' title='bbox 625 810 687 831; x_wconf 89' lang='lat' dir='ltr'><strong>noz</strong></span> <span class='ocrx_word' id='word_1_94' title='bbox 704 800 847 833; x_wconf 87' lang='lat' dir='ltr'><strong>Courtes</strong></span> <span class='ocrx_word' id='word_1_95' title='bbox 863 803 898 832; x_wconf 91' lang='lat' dir='ltr'><strong>et</strong></span> <span class='ocrx_word' id='word_1_96' title='bbox 913 800 1102 832; x_wconf 87' lang='lat' dir='ltr'><strong>lieutenant</strong></span> <span class='ocrx_word' id='word_1_97' title='bbox 1125 802 1239 831; x_wconf 90' lang='lat' dir='ltr'><strong>nostre</strong></span> <span class='ocrx_word' id='word_1_98' title='bbox 1261 800 1313 831; x_wconf 82' lang='lat' dir='ltr'><strong>dit</strong></span> <span class='ocrx_word' id='word_1_99' title='bbox 1337 799 1525 838; x_wconf 83' lang='lat' dir='ltr'><strong>Seneschal,</strong></span> <span class='ocrx_word' id='word_1_100' title='bbox 1544 798 1631 830; x_wconf 87' lang='lat' dir='ltr'><strong>soiez</strong></span> <span class='ocrx_word' id='word_1_101' title='bbox 1654 796 1842 828; x_wconf 81' lang='lat' dir='ltr'><strong>entendant</strong></span> 
     </span>
     <span class='ocr_line' id='line_1_15' title="bbox 453 839 1841 885; baseline -0.003 -10"><span class='ocrx_word' id='word_1_102' title='bbox 453 847 489 876; x_wconf 89' lang='lat' dir='ltr'><strong>et</strong></span> <span class='ocrx_word' id='word_1_103' title='bbox 518 844 725 885; x_wconf 86' lang='lat' dir='ltr'><strong>respondant</strong></span> <span class='ocrx_word' id='word_1_104' title='bbox 755 854 797 875; x_wconf 90' lang='grc'><strong>811</strong></span> <span class='ocrx_word' id='word_1_105' title='bbox 827 847 941 876; x_wconf 82' lang='grc'><strong>1011188</strong></span> <span class='ocrx_word' id='word_1_106' title='bbox 971 844 1087 875; x_wconf 80' lang='lat' dir='ltr'>choses</span> <span class='ocrx_word' id='word_1_107' title='bbox 1112 854 1178 885; x_wconf 92' lang='lat' dir='ltr'><strong>que</strong></span> <span class='ocrx_word' id='word_1_108' title='bbox 1208 854 1251 875; x_wconf 88' lang='lat' dir='ltr'><strong>au</strong></span> <span class='ocrx_word' id='word_1_109' title='bbox 1282 843 1334 875; x_wconf 91' lang='lat' dir='ltr'><strong>dit</strong></span> <span class='ocrx_word' id='word_1_110' title='bbox 1365 843 1467 876; x_wconf 91' lang='lat' dir='ltr'><strong>Office</strong></span> <span class='ocrx_word' id='word_1_111' title='bbox 1498 842 1742 884; x_wconf 82' lang='lat' dir='ltr'><strong>appertienent.</strong></span> <span class='ocrx_word' id='word_1_112' title='bbox 1787 839 1841 871; x_wconf 89' lang='lat' dir='ltr'><strong>En</strong></span> 
     </span>
     <span class='ocr_line' id='line_1_16' title="bbox 452 884 1843 929; baseline -0.004 -10"><span class='ocrx_word' id='word_1_113' title='bbox 452 888 700 929; x_wconf 89' lang='lat' dir='ltr'><strong>tesmoignance</strong></span> <span class='ocrx_word' id='word_1_114' title='bbox 729 888 771 919; x_wconf 89' lang='lat' dir='ltr'><strong>de</strong></span> <span class='ocrx_word' id='word_1_115' title='bbox 801 888 898 929; x_wconf 92' lang='lat' dir='ltr'><strong>quele</strong></span> <span class='ocrx_word' id='word_1_116' title='bbox 928 887 1027 920; x_wconf 88' lang='lat' dir='ltr'><strong>chose</strong></span> <span class='ocrx_word' id='word_1_117' title='bbox 1056 898 1142 919; x_wconf 92' lang='lat' dir='ltr'><strong>nous</strong></span> <span class='ocrx_word' id='word_1_118' title='bbox 1172 898 1275 919; x_wconf 88' lang='lat' dir='ltr'><strong>avons</strong></span> <span class='ocrx_word' id='word_1_119' title='bbox 1304 887 1367 919; x_wconf 82' lang='lat' dir='ltr'><strong>fait</strong></span> <span class='ocrx_word' id='word_1_120' title='bbox 1395 887 1479 918; x_wconf 82' lang='lat' dir='ltr'><strong>faire</strong></span> <span class='ocrx_word' id='word_1_121' title='bbox 1505 889 1611 918; x_wconf 91' lang='lat' dir='ltr'><strong>cestes</strong></span> <span class='ocrx_word' id='word_1_122' title='bbox 1637 895 1700 916; x_wconf 88' lang='lat' dir='ltr'><strong>noz</strong></span> <span class='ocrx_word' id='word_1_123' title='bbox 1724 884 1843 915; x_wconf 88' lang='lat' dir='ltr'><strong>Letres</strong></span> 
     </span>
     <span class='ocr_line' id='line_1_17' title="bbox 453 928 1843 973; baseline -0.004 -10"><span class='ocrx_word' id='word_1_124' title='bbox 453 934 617 973; x_wconf 85' lang='lat' dir='ltr'><strong>patentes,</strong></span> <span class='ocrx_word' id='word_1_125' title='bbox 637 931 742 963; x_wconf 86' lang='lat' dir='ltr'><strong>sealez</strong></span> <span class='ocrx_word' id='word_1_126' title='bbox 758 931 800 963; x_wconf 94' lang='lat' dir='ltr'><strong>de</strong></span> <span class='ocrx_word' id='word_1_127' title='bbox 815 934 929 963; x_wconf 89' lang='lat' dir='ltr'><strong>nostre</strong></span> <span class='ocrx_word' id='word_1_128' title='bbox 945 931 1037 972; x_wconf 88' lang='lat' dir='ltr'><strong>prive</strong></span> <span class='ocrx_word' id='word_1_129' title='bbox 1060 931 1156 971; x_wconf 84' lang='lat' dir='ltr'><strong>seale,</strong></span> <span class='ocrx_word' id='word_1_130' title='bbox 1172 941 1192 962; x_wconf 85' lang='lat' dir='ltr'><strong>a</strong></span> <span class='ocrx_word' id='word_1_131' title='bbox 1214 932 1316 963; x_wconf 89' lang='lat' dir='ltr'><strong>durer</strong></span> <span class='ocrx_word' id='word_1_132' title='bbox 1338 941 1358 962; x_wconf 88' lang='lat' dir='ltr'><strong>a</strong></span> <span class='ocrx_word' id='word_1_133' title='bbox 1379 934 1493 963; x_wconf 87' lang='lat' dir='ltr'><strong>nostre</strong></span> <span class='ocrx_word' id='word_1_134' title='bbox 1509 928 1800 962; x_wconf 61' lang='lat' dir='ltr'><strong>volunta—Dono</strong></span> <span class='ocrx_word' id='word_1_135' title='bbox 1823 937 1843 958; x_wconf 91' lang='lat' dir='ltr'><strong>a</strong></span> 
     </span>
     <span class='ocr_line' id='line_1_18' title="bbox 453 971 1842 1017; baseline -0.001 -11"><span class='ocrx_word' id='word_1_136' title='bbox 453 978 568 1007; x_wconf 88' lang='lat' dir='ltr'><strong>nostre</strong></span> <span class='ocrx_word' id='word_1_137' title='bbox 598 975 729 1006; x_wconf 88' lang='lat' dir='ltr'><strong>Manoir</strong></span> <span class='ocrx_word' id='word_1_138' title='bbox 758 976 800 1007; x_wconf 92' lang='lat' dir='ltr'><strong>de</strong></span> <span class='ocrx_word' id='word_1_139' title='bbox 833 975 928 1015; x_wconf 88' lang='lat' dir='ltr'><strong>Clist,</strong></span> <span class='ocrx_word' id='word_1_140' title='bbox 952 975 983 1007; x_wconf 93' lang='lat' dir='ltr'><strong>le</strong></span> <span class='ocrx_word' id='word_1_141' title='bbox 1014 978 1116 1017; x_wconf 87' lang='lat' dir='ltr'><strong>quart</strong></span> <span class='ocrx_word' id='word_1_142' title='bbox 1137 975 1216 1016; x_wconf 80' lang='lat' dir='ltr'><strong>jour</strong></span> <span class='ocrx_word' id='word_1_143' title='bbox 1238 975 1280 1006; x_wconf 87' lang='lat' dir='ltr'><strong>de</strong></span> <span class='ocrx_word' id='word_1_144' title='bbox 1303 974 1497 1014; x_wconf 86' lang='lat' dir='ltr'><strong>Decembre,</strong></span> <span class='ocrx_word' id='word_1_145' title='bbox 1520 974 1576 1006; x_wconf 90' lang='lat' dir='ltr'><strong>lan</strong></span> <span class='ocrx_word' id='word_1_146' title='bbox 1600 973 1647 1005; x_wconf 91' lang='lat' dir='ltr'><strong>du</strong></span> <span class='ocrx_word' id='word_1_147' title='bbox 1670 982 1766 1013; x_wconf 86' lang='lat' dir='ltr'><strong>grace</strong></span> <span class='ocrx_word' id='word_1_148' title='bbox 1797 971 1842 1004; x_wconf 89' lang='lat' dir='ltr'><strong>M.</strong></span> 
     </span>
     <span class='ocr_line' id='line_1_19' title="bbox 453 1019 1337 1061; baseline -0.001 -10"><span class='ocrx_word' id='word_1_149' title='bbox 453 1019 539 1051; x_wconf 90' lang='grc'><strong>000</strong></span> <span class='ocrx_word' id='word_1_150' title='bbox 555 1019 673 1061; x_wconf 82' lang='lat' dir='ltr'><strong>lxxiiij,</strong></span> <span class='ocrx_word' id='word_1_151' title='bbox 690 1022 726 1051; x_wconf 89' lang='lat' dir='ltr'><strong>et</strong></span> <span class='ocrx_word' id='word_1_152' title='bbox 741 1019 783 1051; x_wconf 87' lang='lat' dir='ltr'><strong>de</strong></span> <span class='ocrx_word' id='word_1_153' title='bbox 799 1022 912 1051; x_wconf 87' lang='lat' dir='ltr'><strong>nostre</strong></span> <span class='ocrx_word' id='word_1_154' title='bbox 929 1019 1190 1052; x_wconf 86' lang='lat' dir='ltr'><strong>Consecracione</strong></span> <span class='ocrx_word' id='word_1_155' title='bbox 1206 1019 1337 1060; x_wconf 87' lang='lat' dir='ltr'><strong>quint.&#39;&#39;</strong></span> 
     </span>
    </p>
   </div>
   <div class='ocr_carea' id='block_1_5' title="bbox 407 1070 1843 1115">
    <p class='ocr_par' dir='ltr' id='par_1_5' title="bbox 407 1070 1843 1115">
     <span class='ocr_line' id='line_1_20' title="bbox 407 1070 1843 1115; baseline -0.002 -10"><span class='ocrx_word' id='word_1_156' title='bbox 407 1073 558 1110; x_wconf 79' lang='lat' dir='ltr'><strong>84.-—&#39;1&#39;o</strong></span> <span class='ocrx_word' id='word_1_157' title='bbox 581 1074 723 1105; x_wconf 88' lang='lat' dir='ltr'><strong>Masters</strong></span> <span class='ocrx_word' id='word_1_158' title='bbox 745 1074 892 1106; x_wconf 80' lang='lat' dir='ltr'><strong>william</strong></span> <span class='ocrx_word' id='word_1_159' title='bbox 915 1073 1095 1114; x_wconf 85' lang='lat' dir='ltr'><strong>Trevellys‚</strong></span> <span class='ocrx_word' id='word_1_160' title='bbox 1121 1073 1140 1088; x_wconf 90' lang='lat'><strong>“</strong></span> <span class='ocrx_word' id='word_1_161' title='bbox 1157 1074 1255 1106; x_wconf 84' lang='lat' dir='ltr'><strong>Sacre</strong></span> <span class='ocrx_word' id='word_1_162' title='bbox 1280 1073 1404 1115; x_wconf 87' lang='lat' dir='ltr'><strong>Pagine</strong></span> <span class='ocrx_word' id='word_1_163' title='bbox 1431 1071 1644 1112; x_wconf 86' lang='lat' dir='ltr'><strong>Professori,”</strong></span> <span class='ocrx_word' id='word_1_164' title='bbox 1669 1071 1785 1104; x_wconf 87' lang='lat' dir='ltr'><strong>Canon</strong></span> <span class='ocrx_word' id='word_1_165' title='bbox 1805 1070 1843 1102; x_wconf 77' lang='grc' dir='ltr'><strong>οἱ</strong></span> 
     </span>
    </p>
   </div>
   <div class='ocr_carea' id='block_1_6' title="bbox 451 1114 1844 1246">
    <p class='ocr_par' dir='ltr' id='par_1_6' title="bbox 451 1114 1844 1246">
     <span class='ocr_line' id='line_1_21' title="bbox 452 1114 1843 1159; baseline -0.002 -10"><span class='ocrx_word' id='word_1_166' title='bbox 452 1118 588 1157; x_wconf 85' lang='lat' dir='ltr'><strong>Exeter,</strong></span> <span class='ocrx_word' id='word_1_167' title='bbox 606 1118 673 1149; x_wconf 86' lang='lat' dir='ltr'><strong>and</strong></span> <span class='ocrx_word' id='word_1_168' title='bbox 698 1117 801 1158; x_wconf 85' lang='lat' dir='ltr'><strong>Hugh</strong></span> <span class='ocrx_word' id='word_1_169' title='bbox 826 1117 999 1159; x_wconf 83' lang='lat' dir='ltr'><strong>Hiclynge,</strong></span> <span class='ocrx_word' id='word_1_170' title='bbox 1017 1117 1194 1149; x_wconf 88' lang='lat' dir='ltr'><strong>President</strong></span> <span class='ocrx_word' id='word_1_171' title='bbox 1209 1117 1245 1149; x_wconf 84' lang='lat' dir='ltr'><strong>of</strong></span> <span class='ocrx_word' id='word_1_172' title='bbox 1267 1117 1327 1148; x_wconf 89' lang='lat' dir='ltr'><strong>the</strong></span> <span class='ocrx_word' id='word_1_173' title='bbox 1351 1117 1546 1157; x_wconf 86' lang='lat' dir='ltr'><strong>Consistory</strong></span> <span class='ocrx_word' id='word_1_174' title='bbox 1563 1115 1767 1148; x_wconf 60' lang='lat' dir='ltr'><strong>Coum—In</strong></span> <span class='ocrx_word' id='word_1_175' title='bbox 1783 1114 1843 1146; x_wconf 85' lang='lat' dir='ltr'><strong>the</strong></span> 
     </span>
     <span class='ocr_line' id='line_1_22' title="bbox 453 1158 1844 1202; baseline -0.001 -9"><span class='ocrx_word' id='word_1_176' title='bbox 453 1161 583 1202; x_wconf 82' lang='lat' dir='ltr'><strong>margin</strong></span> <span class='ocrx_word' id='word_1_177' title='bbox 599 1161 627 1192; x_wconf 88' lang='lat' dir='ltr'><strong>is</strong></span> <span class='ocrx_word' id='word_1_178' title='bbox 644 1161 789 1202; x_wconf 87' lang='lat' dir='ltr'><strong>written,</strong></span> <span class='ocrx_word' id='word_1_179' title='bbox 808 1161 910 1193; x_wconf 79' lang='lat' dir='ltr'><strong>“Ista</strong></span> <span class='ocrx_word' id='word_1_180' title='bbox 933 1161 1133 1193; x_wconf 86' lang='lat' dir='ltr'><strong>Commissio</strong></span> <span class='ocrx_word' id='word_1_181' title='bbox 1150 1171 1218 1192; x_wconf 92' lang='lat' dir='ltr'><strong>non</strong></span> <span class='ocrx_word' id='word_1_182' title='bbox 1234 1161 1405 1192; x_wconf 72' lang='lat' dir='ltr'><strong>emanavit</strong></span> <span class='ocrx_word' id='word_1_183' title='bbox 1427 1160 1491 1192; x_wconf 87' lang='lat' dir='ltr'><strong>sub</strong></span> <span class='ocrx_word' id='word_1_184' title='bbox 1514 1159 1576 1192; x_wconf 91' lang='lat' dir='ltr'><strong>hac</strong></span> <span class='ocrx_word' id='word_1_185' title='bbox 1598 1158 1742 1192; x_wconf 82' lang='lat' dir='ltr'><strong>forma.”</strong></span> <span class='ocrx_word' id='word_1_186' title='bbox 1787 1159 1844 1191; x_wconf 74' lang='lat' dir='ltr'><strong>See</strong></span> 
     </span>
     <span class='ocr_line' id='line_1_23' title="bbox 451 1205 744 1246; baseline 0.003 -9"><span class='ocrx_word' id='word_1_187' title='bbox 451 1205 511 1237; x_wconf 90' lang='lat' dir='ltr'><strong>the</strong></span> <span class='ocrx_word' id='word_1_188' title='bbox 526 1208 609 1237; x_wconf 86' lang='lat' dir='ltr'><strong>next</strong></span> <span class='ocrx_word' id='word_1_189' title='bbox 624 1205 744 1246; x_wconf 88' lang='lat' dir='ltr'><strong>Entry.</strong></span> 
     </span>
    </p>
   </div>
   <div class='ocr_carea' id='block_1_7' title="bbox 297 1256 1842 1299">
    <p class='ocr_par' dir='ltr' id='par_1_7' title="bbox 297 1256 1842 1299">
     <span class='ocr_line' id='line_1_24' title="bbox 297 1256 1842 1299; baseline -0.003 -6"><span class='ocrx_word' id='word_1_190' title='bbox 297 1258 374 1286; x_wconf 65' lang='lat' dir='ltr'><strong>AD·</strong></span> <span class='ocrx_word' id='word_1_191' title='bbox 405 1258 560 1296; x_wconf 84' lang='grc' dir='ltr'><strong>85.--Το</strong></span> <span class='ocrx_word' id='word_1_192' title='bbox 576 1259 635 1291; x_wconf 89' lang='grc'><strong>1118</strong></span> <span class='ocrx_word' id='word_1_193' title='bbox 650 1269 763 1297; x_wconf 87' lang='lat' dir='ltr'><strong>same;</strong></span> <span class='ocrx_word' id='word_1_194' title='bbox 787 1259 864 1299; x_wconf 80' lang='lat' dir='ltr'><strong>and,</strong></span> <span class='ocrx_word' id='word_1_195' title='bbox 880 1259 959 1299; x_wconf 90' lang='lat' dir='ltr'><strong>also,</strong></span> <span class='ocrx_word' id='word_1_196' title='bbox 976 1262 1013 1291; x_wconf 89' lang='grc' dir='ltr'><strong>1ο</strong></span> <span class='ocrx_word' id='word_1_197' title='bbox 1030 1259 1155 1291; x_wconf 84' lang='lat' dir='ltr'><strong>Master</strong></span> <span class='ocrx_word' id='word_1_198' title='bbox 1170 1259 1299 1291; x_wconf 85' lang='lat' dir='ltr'><strong>Walter</strong></span> <span class='ocrx_word' id='word_1_199' title='bbox 1321 1259 1364 1291; x_wconf 89' lang='lat' dir='ltr'><strong>de</strong></span> <span class='ocrx_word' id='word_1_200' title='bbox 1388 1259 1585 1299; x_wconf 88' lang='lat' dir='ltr'><strong>Nywatone,</strong></span> <span class='ocrx_word' id='word_1_201' title='bbox 1610 1257 1783 1298; x_wconf 84' lang='lat' dir='ltr'><strong>Registrar</strong></span> <span class='ocrx_word' id='word_1_202' title='bbox 1805 1256 1842 1288; x_wconf 79' lang='lat' dir='ltr'><strong>of</strong></span> 
     </span>
    </p>
   </div>
   <div class='ocr_carea' id='block_1_8' title="bbox 299 1293 377 1354">
    <p class='ocr_par' dir='ltr' id='par_1_8' title="bbox 299 1293 377 1354">
     <span class='ocr_line' id='line_1_25' title="bbox 299 1293 377 1320; baseline 0.013 -1"><span class='ocrx_word' id='word_1_203' title='bbox 299 1293 377 1320; x_wconf 83' lang='lat'>1374-</span> 
     </span>
     <span class='ocr_line' id='line_1_26' title="bbox 299 1329 323 1354; baseline -0.042 0"><span class='ocrx_word' id='word_1_204' title='bbox 299 1329 323 1354; x_wconf 84' lang='lat'><strong>5.</strong></span> 
     </span>
    </p>
   </div>
   <div class='ocr_carea' id='block_1_9' title="bbox 298 1662 351 1691">
    <p class='ocr_par' dir='ltr' id='par_1_9' title="bbox 298 1662 351 1691">
     <span class='ocr_line' id='line_1_27' title="bbox 298 1662 351 1691; baseline 0 -3"><span class='ocrx_word' id='word_1_205' title='bbox 298 1662 351 1691; x_wconf 69' lang='lat' dir='ltr'><strong>fol.</strong></span> 
     </span>
    </p>
   </div>
   <div class='ocr_carea' id='block_1_10' title="bbox 295 1698 337 1723">
    <p class='ocr_par' dir='ltr' id='par_1_10' title="bbox 295 1698 337 1723">
     <span class='ocr_line' id='line_1_28' title="bbox 295 1698 337 1723; baseline 0 0"><span class='ocrx_word' id='word_1_206' title='bbox 295 1698 337 1723; x_wconf 77' lang='lat'><strong>24.</strong></span> 
     </span>
    </p>
   </div>
   <div class='ocr_carea' id='block_1_11' title="bbox 448 1301 1842 1563">
    <p class='ocr_par' dir='ltr' id='par_1_11' title="bbox 448 1301 1842 1563">
     <span class='ocr_line' id='line_1_29' title="bbox 449 1301 1841 1345; baseline -0.002 -10"><span class='ocrx_word' id='word_1_207' title='bbox 449 1303 509 1335; x_wconf 91' lang='lat' dir='ltr'><strong>the</strong></span> <span class='ocrx_word' id='word_1_208' title='bbox 527 1303 721 1345; x_wconf 85' lang='lat' dir='ltr'><strong>Consistory</strong></span> <span class='ocrx_word' id='word_1_209' title='bbox 738 1303 971 1335; x_wconf 84' lang='lat' dir='ltr'><strong>Court.—The</strong></span> <span class='ocrx_word' id='word_1_210' title='bbox 987 1302 1112 1343; x_wconf 89' lang='lat' dir='ltr'><strong>Bishop</strong></span> <span class='ocrx_word' id='word_1_211' title='bbox 1128 1303 1196 1334; x_wconf 82' lang='lat' dir='ltr'><strong>had</strong></span> <span class='ocrx_word' id='word_1_212' title='bbox 1210 1303 1360 1344; x_wconf 83' lang='lat' dir='ltr'><strong>recently</strong></span> <span class='ocrx_word' id='word_1_213' title='bbox 1369 1303 1491 1334; x_wconf 77' lang='lat' dir='ltr'><strong>visited</strong></span> <span class='ocrx_word' id='word_1_214' title='bbox 1504 1302 1699 1334; x_wconf 73' lang='lat' dir='ltr'>HARTLAND</span> <span class='ocrx_word' id='word_1_215' title='bbox 1711 1301 1841 1341; x_wconf 67' lang='lat' dir='ltr'><strong>ABBRY,</strong></span> 
     </span>
     <span class='ocr_line' id='line_1_30' title="bbox 450 1345 1842 1388; baseline -0.001 -10"><span class='ocrx_word' id='word_1_216' title='bbox 450 1348 528 1386; x_wconf 88' lang='lat' dir='ltr'><strong>and,</strong></span> <span class='ocrx_word' id='word_1_217' title='bbox 546 1347 671 1388; x_wconf 87' lang='lat' dir='ltr'><strong>having</strong></span> <span class='ocrx_word' id='word_1_218' title='bbox 693 1347 801 1378; x_wconf 83' lang='lat' dir='ltr'><strong>found</strong></span> <span class='ocrx_word' id='word_1_219' title='bbox 817 1357 918 1388; x_wconf 84' lang='lat' dir='ltr'><strong>many</strong></span> <span class='ocrx_word' id='word_1_220' title='bbox 942 1346 1058 1387; x_wconf 88' lang='lat' dir='ltr'><strong>things</strong></span> <span class='ocrx_word' id='word_1_221' title='bbox 1080 1346 1212 1379; x_wconf 83' lang='lat' dir='ltr'><strong>therein</strong></span> <span class='ocrx_word' id='word_1_222' title='bbox 1236 1347 1408 1388; x_wconf 86' lang='lat' dir='ltr'><strong>requiring</strong></span> <span class='ocrx_word' id='word_1_223' title='bbox 1433 1346 1628 1385; x_wconf 88' lang='lat' dir='ltr'><strong>correction,</strong></span> <span class='ocrx_word' id='word_1_224' title='bbox 1645 1345 1713 1377; x_wconf 84' lang='lat' dir='ltr'><strong>had</strong></span> <span class='ocrx_word' id='word_1_225' title='bbox 1726 1345 1842 1376; x_wconf 86' lang='lat' dir='ltr'><strong>issued</strong></span> 
     </span>
     <span class='ocr_line' id='line_1_31' title="bbox 450 1389 1841 1432; baseline -0.001 -10"><span class='ocrx_word' id='word_1_226' title='bbox 450 1391 503 1422; x_wconf 87' lang='lat' dir='ltr'><strong>his</strong></span> <span class='ocrx_word' id='word_1_227' title='bbox 526 1391 686 1422; x_wconf 86' lang='lat' dir='ltr'><strong>Mandate</strong></span> <span class='ocrx_word' id='word_1_228' title='bbox 708 1390 918 1432; x_wconf 83' lang='lat' dir='ltr'><strong>accordingly</strong></span> <span class='ocrx_word' id='word_1_229' title='bbox 942 1393 978 1422; x_wconf 91' lang='lat' dir='ltr'><strong>to</strong></span> <span class='ocrx_word' id='word_1_230' title='bbox 1001 1390 1060 1422; x_wconf 88' lang='lat' dir='ltr'><strong>the</strong></span> <span class='ocrx_word' id='word_1_231' title='bbox 1083 1390 1196 1422; x_wconf 84' lang='lat' dir='ltr'><strong>Abbat</strong></span> <span class='ocrx_word' id='word_1_232' title='bbox 1219 1391 1286 1422; x_wconf 86' lang='lat' dir='ltr'><strong>and</strong></span> <span class='ocrx_word' id='word_1_233' title='bbox 1311 1391 1474 1422; x_wconf 90' lang='lat' dir='ltr'><strong>Convent.</strong></span> <span class='ocrx_word' id='word_1_234' title='bbox 1520 1390 1590 1421; x_wconf 92' lang='lat' dir='ltr'><strong>But</strong></span> <span class='ocrx_word' id='word_1_235' title='bbox 1612 1390 1656 1421; x_wconf 86' lang='grc'><strong>118</strong></span> <span class='ocrx_word' id='word_1_236' title='bbox 1678 1389 1745 1421; x_wconf 89' lang='lat' dir='ltr'><strong>had</strong></span> <span class='ocrx_word' id='word_1_237' title='bbox 1775 1389 1841 1420; x_wconf 89' lang='lat' dir='ltr'><strong>dis-</strong></span> 
     </span>
     <span class='ocr_line' id='line_1_32' title="bbox 449 1433 1832 1475; baseline -0.001 -10"><span class='ocrx_word' id='word_1_238' title='bbox 449 1435 589 1466; x_wconf 86' lang='lat' dir='ltr'><strong>covered</strong></span> <span class='ocrx_word' id='word_1_239' title='bbox 606 1434 683 1466; x_wconf 87' lang='lat' dir='ltr'><strong>that</strong></span> <span class='ocrx_word' id='word_1_240' title='bbox 697 1434 824 1466; x_wconf 82' lang='lat' dir='ltr'><strong>certain</strong></span> <span class='ocrx_word' id='word_1_241' title='bbox 848 1435 883 1465; x_wconf 84' lang='lat' dir='ltr'><strong>of</strong></span> <span class='ocrx_word' id='word_1_242' title='bbox 905 1434 964 1466; x_wconf 89' lang='lat' dir='ltr'><strong>the</strong></span> <span class='ocrx_word' id='word_1_243' title='bbox 980 1434 1126 1473; x_wconf 86' lang='lat' dir='ltr'><strong>Canons,</strong></span> <span class='ocrx_word' id='word_1_244' title='bbox 1145 1435 1292 1475; x_wconf 87' lang='lat' dir='ltr'><strong>treating</strong></span> <span class='ocrx_word' id='word_1_245' title='bbox 1306 1434 1359 1466; x_wconf 86' lang='lat' dir='ltr'><strong>his</strong></span> <span class='ocrx_word' id='word_1_246' title='bbox 1376 1435 1534 1465; x_wconf 80' lang='lat' dir='ltr'><strong>Mandate</strong></span> <span class='ocrx_word' id='word_1_247' title='bbox 1551 1433 1634 1465; x_wconf 88' lang='lat' dir='ltr'><strong>with</strong></span> <span class='ocrx_word' id='word_1_248' title='bbox 1656 1435 1832 1475; x_wconf 84' lang='lat' dir='ltr'><strong>contempt</strong></span> 
     </span>
     <span class='ocr_line' id='line_1_33' title="bbox 448 1476 1841 1519; baseline -0.001 -10"><span class='ocrx_word' id='word_1_249' title='bbox 448 1478 631 1510; x_wconf 79' lang='lat' dir='ltr'><strong>continued</strong></span> <span class='ocrx_word' id='word_1_250' title='bbox 647 1481 683 1509; x_wconf 82' lang='lat' dir='ltr'><strong>to</strong></span> <span class='ocrx_word' id='word_1_251' title='bbox 698 1478 773 1509; x_wconf 86' lang='lat' dir='ltr'><strong>lead</strong></span> <span class='ocrx_word' id='word_1_252' title='bbox 789 1477 953 1509; x_wconf 74' lang='lat' dir='ltr'><strong>dissolute</strong></span> <span class='ocrx_word' id='word_1_253' title='bbox 975 1477 1068 1517; x_wconf 92' lang='lat' dir='ltr'><strong>lives,</strong></span> <span class='ocrx_word' id='word_1_254' title='bbox 1087 1478 1249 1519; x_wconf 87' lang='lat' dir='ltr'><strong>devoting</strong></span> <span class='ocrx_word' id='word_1_255' title='bbox 1271 1489 1315 1509; x_wconf 90' lang='lat' dir='ltr'><strong>no</strong></span> <span class='ocrx_word' id='word_1_256' title='bbox 1338 1478 1422 1509; x_wconf 90' lang='lat' dir='ltr'><strong>time</strong></span> <span class='ocrx_word' id='word_1_257' title='bbox 1438 1481 1474 1509; x_wconf 87' lang='lat' dir='ltr'><strong>at</strong></span> <span class='ocrx_word' id='word_1_258' title='bbox 1490 1477 1534 1509; x_wconf 89' lang='lat' dir='ltr'><strong>all</strong></span> <span class='ocrx_word' id='word_1_259' title='bbox 1549 1480 1586 1509; x_wconf 93' lang='lat' dir='ltr'><strong>to</strong></span> <span class='ocrx_word' id='word_1_260' title='bbox 1602 1477 1662 1509; x_wconf 92' lang='lat' dir='ltr'><strong>the</strong></span> <span class='ocrx_word' id='word_1_261' title='bbox 1677 1477 1783 1519; x_wconf 82' lang='lat' dir='ltr'><strong>study</strong></span> <span class='ocrx_word' id='word_1_262' title='bbox 1805 1476 1841 1508; x_wconf 76' lang='lat' dir='ltr'><strong>of</strong></span> 
     </span>
     <span class='ocr_line' id='line_1_34' title="bbox 449 1521 1840 1563; baseline -0.001 -10"><span class='ocrx_word' id='word_1_263' title='bbox 449 1522 564 1553; x_wconf 81' lang='lat' dir='ltr'><strong>sacred</strong></span> <span class='ocrx_word' id='word_1_264' title='bbox 586 1522 690 1553; x_wconf 88' lang='lat' dir='ltr'><strong>books</strong></span> <span class='ocrx_word' id='word_1_265' title='bbox 713 1532 750 1553; x_wconf 91' lang='lat' dir='ltr'><strong>or</strong></span> <span class='ocrx_word' id='word_1_266' title='bbox 773 1524 809 1554; x_wconf 88' lang='lat' dir='ltr'><strong>to</strong></span> <span class='ocrx_word' id='word_1_267' title='bbox 833 1521 1107 1563; x_wconf 85' lang='lat' dir='ltr'><strong>contemplation.</strong></span> <span class='ocrx_word' id='word_1_268' title='bbox 1153 1522 1235 1554; x_wconf 83' lang='lat' dir='ltr'><strong>This</strong></span> <span class='ocrx_word' id='word_1_269' title='bbox 1258 1532 1325 1553; x_wconf 86' lang='lat' dir='ltr'><strong>was</strong></span> <span class='ocrx_word' id='word_1_270' title='bbox 1348 1521 1557 1561; x_wconf 85' lang='lat' dir='ltr'><strong>intolerable,</strong></span> <span class='ocrx_word' id='word_1_271' title='bbox 1583 1522 1651 1553; x_wconf 88' lang='lat' dir='ltr'><strong>and</strong></span> <span class='ocrx_word' id='word_1_272' title='bbox 1680 1521 1723 1553; x_wconf 91' lang='grc'><strong>118</strong></span> <span class='ocrx_word' id='word_1_273' title='bbox 1753 1530 1840 1552; x_wconf 86' lang='grc'><strong>00111-</strong></span> 
     </span>
    </p>
   </div>
   <div class='ocr_carea' id='block_1_12' title="bbox 449 1565 1844 1651">
    <p class='ocr_par' dir='ltr' id='par_1_12' title="bbox 449 1565 1844 1651">
     <span class='ocr_line' id='line_1_35' title="bbox 449 1565 1844 1608; baseline -0.001 -11"><span class='ocrx_word' id='word_1_274' title='bbox 449 1566 596 1597; x_wconf 84' lang='lat' dir='ltr'><strong>manded</strong></span> <span class='ocrx_word' id='word_1_275' title='bbox 611 1566 671 1597; x_wconf 85' lang='lat' dir='ltr'><strong>the</strong></span> <span class='ocrx_word' id='word_1_276' title='bbox 694 1565 946 1598; x_wconf 86' lang='lat' dir='ltr'><strong>Commissaries</strong></span> <span class='ocrx_word' id='word_1_277' title='bbox 968 1568 1005 1597; x_wconf 89' lang='lat' dir='ltr'><strong>to</strong></span> <span class='ocrx_word' id='word_1_278' title='bbox 1027 1565 1125 1597; x_wconf 84' lang='lat' dir='ltr'><strong>make</strong></span> <span class='ocrx_word' id='word_1_279' title='bbox 1147 1566 1246 1598; x_wconf 89' lang='lat' dir='ltr'><strong>strict</strong></span> <span class='ocrx_word' id='word_1_280' title='bbox 1267 1566 1404 1608; x_wconf 82' lang='lat' dir='ltr'><strong>inquiry</strong></span> <span class='ocrx_word' id='word_1_281' title='bbox 1419 1566 1487 1597; x_wconf 90' lang='lat' dir='ltr'><strong>and</strong></span> <span class='ocrx_word' id='word_1_282' title='bbox 1502 1565 1784 1607; x_wconf 86' lang='lat' dir='ltr'><strong>report.—Dated</strong></span> <span class='ocrx_word' id='word_1_283' title='bbox 1807 1568 1844 1596; x_wconf 85' lang='lat' dir='ltr'><strong>at</strong></span> 
     </span>
     <span class='ocr_line' id='line_1_36' title="bbox 449 1608 870 1651; baseline 0 -10"><span class='ocrx_word' id='word_1_284' title='bbox 449 1609 555 1651; x_wconf 86' lang='lat' dir='ltr'><strong>Glyst,</strong></span> <span class='ocrx_word' id='word_1_285' title='bbox 573 1610 613 1642; x_wconf 89' lang='lat'><strong>15</strong></span> <span class='ocrx_word' id='word_1_286' title='bbox 629 1609 721 1650; x_wconf 67' lang='lat' dir='ltr'><strong>Feb„</strong></span> <span class='ocrx_word' id='word_1_287' title='bbox 738 1608 870 1643; x_wconf 81' lang='lat'>1374-5.</span> 
     </span>
    </p>
   </div>
   <div class='ocr_carea' id='block_1_13' title="bbox 402 1663 1842 1715">
    <p class='ocr_par' dir='ltr' id='par_1_13' title="bbox 402 1663 1842 1715">
     <span class='ocr_line' id='line_1_37' title="bbox 402 1663 1842 1715; baseline 0 -19"><span class='ocrx_word' id='word_1_288' title='bbox 402 1663 556 1700; x_wconf 83' lang='lat' dir='ltr'><strong>86.—To</strong></span> <span class='ocrx_word' id='word_1_289' title='bbox 572 1664 698 1696; x_wconf 87' lang='lat' dir='ltr'><strong>Master</strong></span> <span class='ocrx_word' id='word_1_290' title='bbox 714 1664 818 1705; x_wconf 87' lang='lat' dir='ltr'><strong>Hugh</strong></span> <span class='ocrx_word' id='word_1_291' title='bbox 835 1663 1057 1705; x_wconf 85' lang='lat' dir='ltr'><strong>Hikkelynge,</strong></span> <span class='ocrx_word' id='word_1_292' title='bbox 1072 1664 1111 1696; x_wconf 91' lang='lat' dir='ltr'><strong>R.</strong></span> <span class='ocrx_word' id='word_1_293' title='bbox 1132 1663 1167 1695; x_wconf 75' lang='lat' dir='ltr'><strong>of</strong></span> <span class='ocrx_word' id='word_1_294' title='bbox 1182 1664 1341 1704; x_wconf 87' lang='lat' dir='ltr'><strong>Northill,</strong></span> <span class='ocrx_word' id='word_1_295' title='bbox 1355 1665 1422 1696; x_wconf 88' lang='lat' dir='ltr'><strong>and</strong></span> <span class='ocrx_word' id='word_1_296' title='bbox 1439 1664 1617 1696; x_wconf 87' lang='lat' dir='ltr'><strong>President</strong></span> <span class='ocrx_word' id='word_1_297' title='bbox 1631 1663 1668 1696; x_wconf 78' lang='lat' dir='ltr'><strong>of</strong></span> <span class='ocrx_word' id='word_1_298' title='bbox 1682 1663 1742 1696; x_wconf 84' lang='lat' dir='ltr'><strong>the</strong></span> <span class='ocrx_word' id='word_1_299' title='bbox 1754 1663 1842 1715; x_wconf 69' lang='lat' dir='ltr'><strong>Con·</strong></span> 
     </span>
    </p>
   </div>
   <div class='ocr_carea' id='block_1_14' title="bbox 448 1707 1847 2971">
    <p class='ocr_par' dir='ltr' id='par_1_14' title="bbox 448 1707 1847 2971">
     <span class='ocr_line' id='line_1_38' title="bbox 448 1707 1842 1750; baseline 0 -11"><span class='ocrx_word' id='word_1_300' title='bbox 448 1708 570 1750; x_wconf 85' lang='lat' dir='ltr'><strong>sistory</strong></span> <span class='ocrx_word' id='word_1_301' title='bbox 595 1708 777 1741; x_wconf 84' lang='lat' dir='ltr'><strong>Court.-“</strong></span> <span class='ocrx_word' id='word_1_302' title='bbox 788 1708 874 1747; x_wconf 86' lang='lat' dir='ltr'><strong>Quia</strong></span> <span class='ocrx_word' id='word_1_303' title='bbox 898 1707 1052 1739; x_wconf 77' lang='lat' dir='ltr'><strong>Robertus</strong></span> <span class='ocrx_word' id='word_1_304' title='bbox 1073 1708 1114 1739; x_wconf 89' lang='lat' dir='ltr'><strong>de</strong></span> <span class='ocrx_word' id='word_1_305' title='bbox 1137 1707 1218 1748; x_wconf 90' lang='lat' dir='ltr'><strong>Hoo,</strong></span> <span class='ocrx_word' id='word_1_306' title='bbox 1242 1708 1391 1748; x_wconf 88' lang='lat' dir='ltr'><strong>clericus,</strong></span> <span class='ocrx_word' id='word_1_307' title='bbox 1416 1708 1659 1740; x_wconf 88' lang='lat' dir='ltr'><strong>Lincolniensis</strong></span> <span class='ocrx_word' id='word_1_308' title='bbox 1682 1708 1842 1748; x_wconf 76' lang='lat' dir='ltr'><strong>Diocesxs,</strong></span> 
     </span>
     <span class='ocr_line' id='line_1_39' title="bbox 450 1751 1843 1793; baseline 0 -10"><span class='ocrx_word' id='word_1_309' title='bbox 450 1754 608 1793; x_wconf 84' lang='lat' dir='ltr'><strong>pretextu</strong></span> <span class='ocrx_word' id='word_1_310' title='bbox 632 1751 811 1792; x_wconf 84' lang='lat' dir='ltr'><strong>cujusdam</strong></span> <span class='ocrx_word' id='word_1_311' title='bbox 834 1751 1084 1783; x_wconf 83' lang='lat' dir='ltr'><strong>Reservacionis</strong></span> <span class='ocrx_word' id='word_1_312' title='bbox 1106 1754 1143 1783; x_wconf 88' lang='lat' dir='ltr'><strong>et</strong></span> <span class='ocrx_word' id='word_1_313' title='bbox 1166 1752 1369 1783; x_wconf 87' lang='lat' dir='ltr'><strong>Provisionis</strong></span> <span class='ocrx_word' id='word_1_314' title='bbox 1385 1752 1575 1793; x_wconf 86' lang='lat' dir='ltr'><strong>Apostolice</strong></span> <span class='ocrx_word' id='word_1_315' title='bbox 1590 1752 1633 1783; x_wconf 90' lang='lat' dir='ltr'><strong>ad</strong></span> <span class='ocrx_word' id='word_1_316' title='bbox 1650 1751 1843 1793; x_wconf 89' lang='lat' dir='ltr'><strong>Prepositu-</strong></span> 
     </span>
     <span class='ocr_line' id='line_1_40' title="bbox 450 1794 1843 1837; baseline 0 -10"><span class='ocrx_word' id='word_1_317' title='bbox 450 1805 522 1827; x_wconf 88' lang='lat' dir='ltr'><strong>ram</strong></span> <span class='ocrx_word' id='word_1_318' title='bbox 545 1796 579 1826; x_wconf 82' lang='grc'><strong>111</strong></span> <span class='ocrx_word' id='word_1_319' title='bbox 604 1795 751 1827; x_wconf 87' lang='lat' dir='ltr'><strong>Ecclesia</strong></span> <span class='ocrx_word' id='word_1_320' title='bbox 773 1797 889 1826; x_wconf 87' lang='lat' dir='ltr'><strong>nostra</strong></span> <span class='ocrx_word' id='word_1_321' title='bbox 917 1794 1100 1836; x_wconf 81' lang='lat' dir='ltr'><strong>collegiata</strong></span> <span class='ocrx_word' id='word_1_322' title='bbox 1124 1795 1241 1827; x_wconf 80' lang='lat' dir='ltr'><strong>Sancti</strong></span> <span class='ocrx_word' id='word_1_323' title='bbox 1263 1796 1392 1827; x_wconf 81' lang='lat' dir='ltr'><strong>&#39;rhome</strong></span> <span class='ocrx_word' id='word_1_324' title='bbox 1415 1796 1457 1827; x_wconf 91' lang='lat' dir='ltr'><strong>de</strong></span> <span class='ocrx_word' id='word_1_325' title='bbox 1481 1796 1674 1835; x_wconf 70' lang='lat' dir='ltr'><strong>GLASNEYB,</strong></span> <span class='ocrx_word' id='word_1_326' title='bbox 1691 1799 1843 1837; x_wconf 87' lang='lat' dir='ltr'><strong>tempore</strong></span> 
     </span>
     <span class='ocr_line' id='line_1_41' title="bbox 451 1838 1843 1880; baseline 0.001 -10"><span class='ocrx_word' id='word_1_327' title='bbox 451 1839 537 1870; x_wconf 89' lang='lat' dir='ltr'><strong>bone</strong></span> <span class='ocrx_word' id='word_1_328' title='bbox 553 1839 712 1870; x_wconf 88' lang='lat' dir='ltr'><strong>memorie</strong></span> <span class='ocrx_word' id='word_1_329' title='bbox 734 1838 865 1871; x_wconf 88' lang='lat' dir='ltr'><strong>Urbani</strong></span> <span class='ocrx_word' id='word_1_330' title='bbox 889 1838 1016 1878; x_wconf 85' lang='lat' dir='ltr'><strong>Quinti,</strong></span> <span class='ocrx_word' id='word_1_331' title='bbox 1042 1839 1184 1870; x_wconf 82' lang='lat' dir='ltr'><strong>Romani</strong></span> <span class='ocrx_word' id='word_1_332' title='bbox 1207 1839 1388 1879; x_wconf 89' lang='lat' dir='ltr'><strong>Pontificis,</strong></span> <span class='ocrx_word' id='word_1_333' title='bbox 1405 1839 1470 1871; x_wconf 84' lang='lat' dir='ltr'><strong>sibi</strong></span> <span class='ocrx_word' id='word_1_334' title='bbox 1491 1839 1590 1879; x_wconf 87' lang='lat' dir='ltr'><strong>facte,</strong></span> <span class='ocrx_word' id='word_1_335' title='bbox 1607 1840 1692 1871; x_wconf 88' lang='lat' dir='ltr'><strong>vicio</strong></span> <span class='ocrx_word' id='word_1_336' title='bbox 1714 1839 1843 1880; x_wconf 83' lang='lat' dir='ltr'><strong>cupidi-</strong></span> 
     </span>
     <span class='ocr_line' id='line_1_42' title="bbox 451 1881 1845 1923; baseline 0 -9"><span class='ocrx_word' id='word_1_337' title='bbox 451 1883 534 1914; x_wconf 85' lang='lat' dir='ltr'><strong>tatis</strong></span> <span class='ocrx_word' id='word_1_338' title='bbox 556 1882 735 1921; x_wconf 88' lang='lat' dir='ltr'><strong>excitatus,</strong></span> <span class='ocrx_word' id='word_1_339' title='bbox 761 1885 906 1913; x_wconf 88' lang='lat' dir='ltr'><strong>mortem</strong></span> <span class='ocrx_word' id='word_1_340' title='bbox 929 1881 1066 1913; x_wconf 89' lang='lat' dir='ltr'><strong>sciciens</strong></span> <span class='ocrx_word' id='word_1_341' title='bbox 1088 1882 1234 1923; x_wconf 87' lang='lat' dir='ltr'><strong>proximi</strong></span> <span class='ocrx_word' id='word_1_342' title='bbox 1257 1883 1319 1922; x_wconf 87' lang='lat' dir='ltr'><strong>sui,</strong></span> <span class='ocrx_word' id='word_1_343' title='bbox 1343 1884 1386 1914; x_wconf 91' lang='lat' dir='ltr'><strong>ad</strong></span> <span class='ocrx_word' id='word_1_344' title='bbox 1410 1883 1630 1915; x_wconf 88' lang='lat' dir='ltr'><strong>occidendum</strong></span> <span class='ocrx_word' id='word_1_345' title='bbox 1658 1883 1845 1915; x_wconf 88' lang='lat' dir='ltr'><strong>Dominum</strong></span> 
     </span>
     <span class='ocr_line' id='line_1_43' title="bbox 452 1924 1843 1968; baseline 0.001 -11"><span class='ocrx_word' id='word_1_346' title='bbox 452 1926 672 1966; x_wconf 79' lang='lat' dir='ltr'><strong>Reyinaldum</strong></span> <span class='ocrx_word' id='word_1_347' title='bbox 689 1924 788 1966; x_wconf 75' lang='lat' dir='ltr'><strong>Galle,</strong></span> <span class='ocrx_word' id='word_1_348' title='bbox 806 1925 1041 1966; x_wconf 85' lang='lat' dir='ltr'><strong>presbiterum,</strong></span> <span class='ocrx_word' id='word_1_349' title='bbox 1058 1936 1096 1958; x_wconf 88' lang='lat' dir='ltr'><strong>ac</strong></span> <span class='ocrx_word' id='word_1_350' title='bbox 1112 1926 1267 1967; x_wconf 84' lang='lat' dir='ltr'><strong>ejusdem</strong></span> <span class='ocrx_word' id='word_1_351' title='bbox 1291 1927 1506 1968; x_wconf 90' lang='lat' dir='ltr'><strong>Prepositure</strong></span> <span class='ocrx_word' id='word_1_352' title='bbox 1522 1927 1748 1968; x_wconf 89' lang='lat' dir='ltr'><strong>Prepositum,</strong></span> <span class='ocrx_word' id='word_1_353' title='bbox 1764 1926 1843 1958; x_wconf 88' lang='lat' dir='ltr'><strong>insi-</strong></span> 
     </span>
     <span class='ocr_line' id='line_1_44' title="bbox 451 1969 1840 2012; baseline 0.001 -12"><span class='ocrx_word' id='word_1_354' title='bbox 451 1970 523 2001; x_wconf 76' lang='lat' dir='ltr'><strong>dias</strong></span> <span class='ocrx_word' id='word_1_355' title='bbox 539 1969 691 2001; x_wconf 87' lang='lat' dir='ltr'><strong>clanculo</strong></span> <span class='ocrx_word' id='word_1_356' title='bbox 706 1971 743 2000; x_wconf 91' lang='lat' dir='ltr'><strong>et</strong></span> <span class='ocrx_word' id='word_1_357' title='bbox 757 1969 925 2000; x_wconf 81' lang='lat' dir='ltr'><strong>maliciose</strong></span> <span class='ocrx_word' id='word_1_358' title='bbox 941 1969 1063 2010; x_wconf 84' lang='lat' dir='ltr'><strong>posuit,</strong></span> <span class='ocrx_word' id='word_1_359' title='bbox 1079 1980 1141 2001; x_wconf 86' lang='lat' dir='ltr'><strong>sua</strong></span> <span class='ocrx_word' id='word_1_360' title='bbox 1163 1980 1243 2001; x_wconf 87' lang='lat' dir='ltr'><strong>nece</strong></span> <span class='ocrx_word' id='word_1_361' title='bbox 1266 1970 1392 2002; x_wconf 86' lang='lat' dir='ltr'><strong>dictam</strong></span> <span class='ocrx_word' id='word_1_362' title='bbox 1410 1970 1662 2012; x_wconf 82' lang='lat' dir='ltr'><strong>Preposituram</strong></span> <span class='ocrx_word' id='word_1_363' title='bbox 1678 1970 1840 2012; x_wconf 76' lang='lat' dir='ltr'><strong>aspirans,</strong></span> 
     </span>
     <span class='ocr_line' id='line_1_45' title="bbox 451 2013 1843 2054; baseline 0.001 -10"><span class='ocrx_word' id='word_1_364' title='bbox 451 2013 486 2044; x_wconf 93' lang='lat' dir='ltr'><strong>in</strong></span> <span class='ocrx_word' id='word_1_365' title='bbox 504 2013 672 2054; x_wconf 83' lang='lat' dir='ltr'><strong>prefatum</strong></span> <span class='ocrx_word' id='word_1_366' title='bbox 698 2013 920 2053; x_wconf 84' lang='lat' dir='ltr'><strong>Reginaldum</strong></span> <span class='ocrx_word' id='word_1_367' title='bbox 944 2022 1064 2044; x_wconf 89' lang='lat' dir='ltr'><strong>manus</strong></span> <span class='ocrx_word' id='word_1_368' title='bbox 1087 2013 1262 2052; x_wconf 85' lang='lat' dir='ltr'><strong>violentas,</strong></span> <span class='ocrx_word' id='word_1_369' title='bbox 1286 2014 1442 2045; x_wconf 80' lang='lat' dir='ltr'><strong>suasione</strong></span> <span class='ocrx_word' id='word_1_370' title='bbox 1464 2014 1628 2046; x_wconf 87' lang='lat' dir='ltr'><strong>diabolica</strong></span> <span class='ocrx_word' id='word_1_371' title='bbox 1650 2017 1687 2046; x_wconf 86' lang='lat' dir='ltr'><strong>et</strong></span> <span class='ocrx_word' id='word_1_372' title='bbox 1709 2014 1843 2046; x_wconf 83' lang='lat' dir='ltr'><strong>temeri-</strong></span> 
     </span>
     <span class='ocr_line' id='line_1_46' title="bbox 452 2055 1845 2099; baseline 0.001 -11"><span class='ocrx_word' id='word_1_373' title='bbox 452 2060 524 2088; x_wconf 87' lang='lat' dir='ltr'><strong>tate</strong></span> <span class='ocrx_word' id='word_1_374' title='bbox 540 2056 757 2097; x_wconf 80' lang='lat' dir='ltr'><strong>dampnabili,</strong></span> <span class='ocrx_word' id='word_1_375' title='bbox 773 2056 900 2097; x_wconf 87' lang='lat' dir='ltr'><strong>injecit,</strong></span> <span class='ocrx_word' id='word_1_376' title='bbox 917 2066 954 2087; x_wconf 87' lang='lat' dir='ltr'><strong>ac</strong></span> <span class='ocrx_word' id='word_1_377' title='bbox 969 2055 1115 2088; x_wconf 88' lang='lat' dir='ltr'><strong>eundem</strong></span> <span class='ocrx_word' id='word_1_378' title='bbox 1139 2057 1235 2098; x_wconf 83' lang='lat' dir='ltr'><strong>quasi</strong></span> <span class='ocrx_word' id='word_1_379' title='bbox 1258 2057 1404 2089; x_wconf 82' lang='lat' dir='ltr'><strong>letaliter</strong></span> <span class='ocrx_word' id='word_1_380' title='bbox 1426 2057 1626 2098; x_wconf 89' lang='lat' dir='ltr'><strong>vulneravit,</strong></span> <span class='ocrx_word' id='word_1_381' title='bbox 1643 2058 1733 2089; x_wconf 78' lang='lat' dir='ltr'><strong>infra</strong></span> <span class='ocrx_word' id='word_1_382' title='bbox 1747 2061 1845 2099; x_wconf 85' lang='lat' dir='ltr'><strong>cepta</strong></span> 
     </span>
     <span class='ocr_line' id='line_1_47' title="bbox 453 2100 1845 2143; baseline 0.001 -12"><span class='ocrx_word' id='word_1_383' title='bbox 453 2103 489 2132; x_wconf 89' lang='lat' dir='ltr'><strong>et</strong></span> <span class='ocrx_word' id='word_1_384' title='bbox 504 2100 691 2132; x_wconf 83' lang='lat' dir='ltr'><strong>clausuram</strong></span> <span class='ocrx_word' id='word_1_385' title='bbox 709 2100 854 2131; x_wconf 88' lang='lat' dir='ltr'><strong>Ecclesie</strong></span> <span class='ocrx_word' id='word_1_386' title='bbox 870 2100 1063 2140; x_wconf 83' lang='lat' dir='ltr'><strong>supradicte</strong></span> <span class='ocrx_word' id='word_1_387' title='bbox 1082 2111 1090 2139; x_wconf 93' lang='lat'>;</span> <span class='ocrx_word' id='word_1_388' title='bbox 1114 2101 1205 2141; x_wconf 93' lang='lat' dir='ltr'><strong>quod</strong></span> <span class='ocrx_word' id='word_1_389' title='bbox 1221 2101 1352 2132; x_wconf 85' lang='lat' dir='ltr'><strong>factum</strong></span> <span class='ocrx_word' id='word_1_390' title='bbox 1375 2101 1410 2133; x_wconf 89' lang='lat' dir='ltr'><strong>in</strong></span> <span class='ocrx_word' id='word_1_391' title='bbox 1433 2101 1491 2132; x_wconf 90' lang='lat' dir='ltr'><strong>illo</strong></span> <span class='ocrx_word' id='word_1_392' title='bbox 1515 2101 1672 2143; x_wconf 84' lang='lat' dir='ltr'><strong>Oollegio,</strong></span> <span class='ocrx_word' id='word_1_393' title='bbox 1689 2101 1779 2133; x_wconf 85' lang='lat' dir='ltr'><strong>Villa</strong></span> <span class='ocrx_word' id='word_1_394' title='bbox 1801 2102 1845 2134; x_wconf 82' lang='grc'><strong>(18</strong></span> 
     </span>
     <span class='ocr_line' id='line_1_48' title="bbox 453 2143 1844 2185; baseline 0.001 -9"><span class='ocrx_word' id='word_1_395' title='bbox 453 2144 600 2185; x_wconf 85' lang='lat' dir='ltr'><strong>Penryn,</strong></span> <span class='ocrx_word' id='word_1_396' title='bbox 618 2143 698 2175; x_wconf 89' lang='lat' dir='ltr'><strong>locis</strong></span> <span class='ocrx_word' id='word_1_397' title='bbox 713 2143 841 2183; x_wconf 87' lang='lat' dir='ltr'><strong>vicinis,</strong></span> <span class='ocrx_word' id='word_1_398' title='bbox 858 2146 894 2174; x_wconf 90' lang='lat' dir='ltr'><strong>et</strong></span> <span class='ocrx_word' id='word_1_399' title='bbox 911 2145 984 2175; x_wconf 88' lang='lat' dir='ltr'><strong>toto</strong></span> <span class='ocrx_word' id='word_1_400' title='bbox 1000 2143 1175 2175; x_wconf 88' lang='lat' dir='ltr'><strong>Comitatu</strong></span> <span class='ocrx_word' id='word_1_401' title='bbox 1201 2144 1370 2176; x_wconf 89' lang='lat' dir='ltr'><strong>Cornubie</strong></span> <span class='ocrx_word' id='word_1_402' title='bbox 1392 2145 1460 2176; x_wconf 80' lang='lat' dir='ltr'><strong>fuit</strong></span> <span class='ocrx_word' id='word_1_403' title='bbox 1482 2145 1666 2185; x_wconf 86' lang='lat' dir='ltr'><strong>notorium,</strong></span> <span class='ocrx_word' id='word_1_404' title='bbox 1682 2148 1718 2177; x_wconf 87' lang='lat' dir='ltr'><strong>et</strong></span> <span class='ocrx_word' id='word_1_405' title='bbox 1733 2147 1787 2177; x_wconf 87' lang='lat' dir='ltr'><strong>est</strong></span> <span class='ocrx_word' id='word_1_406' title='bbox 1808 2145 1844 2177; x_wconf 88' lang='lat' dir='ltr'><strong>in</strong></span> 
     </span>
     <span class='ocr_line' id='line_1_49' title="bbox 454 2187 1845 2231; baseline 0.001 -12"><span class='ocrx_word' id='word_1_407' title='bbox 454 2188 611 2229; x_wconf 85' lang='lat' dir='ltr'><strong>presenti,</strong></span> <span class='ocrx_word' id='word_1_408' title='bbox 627 2197 665 2218; x_wconf 86' lang='lat' dir='ltr'><strong>ac</strong></span> <span class='ocrx_word' id='word_1_409' title='bbox 680 2187 776 2228; x_wconf 84' lang='lat' dir='ltr'><strong>quasi</strong></span> <span class='ocrx_word' id='word_1_410' title='bbox 799 2197 859 2227; x_wconf 87' lang='lat' dir='ltr'><strong>per</strong></span> <span class='ocrx_word' id='word_1_411' title='bbox 874 2189 982 2218; x_wconf 83' lang='lat' dir='ltr'><strong>totam</strong></span> <span class='ocrx_word' id='word_1_412' title='bbox 1007 2189 1158 2218; x_wconf 88' lang='lat' dir='ltr'><strong>nostram</strong></span> <span class='ocrx_word' id='word_1_413' title='bbox 1182 2187 1349 2220; x_wconf 88' lang='lat' dir='ltr'><strong>Diocesim</strong></span> <span class='ocrx_word' id='word_1_414' title='bbox 1364 2197 1371 2225; x_wconf 90' lang='lat'>;</span> <span class='ocrx_word' id='word_1_415' title='bbox 1398 2191 1557 2230; x_wconf 88' lang='lat' dir='ltr'><strong>pretextu</strong></span> <span class='ocrx_word' id='word_1_416' title='bbox 1573 2189 1673 2231; x_wconf 87' lang='lat' dir='ltr'><strong>cujus</strong></span> <span class='ocrx_word' id='word_1_417' title='bbox 1689 2199 1845 2221; x_wconf 82' lang='lat' dir='ltr'><strong>excessus</strong></span> 
     </span>
     <span class='ocr_line' id='line_1_50' title="bbox 453 2230 1845 2274; baseline 0.002 -12"><span class='ocrx_word' id='word_1_418' title='bbox 453 2231 565 2263; x_wconf 87' lang='lat' dir='ltr'><strong>dictus</strong></span> <span class='ocrx_word' id='word_1_419' title='bbox 589 2230 757 2262; x_wconf 89' lang='lat' dir='ltr'><strong>Robertus</strong></span> <span class='ocrx_word' id='word_1_420' title='bbox 787 2230 1000 2262; x_wconf 86' lang='lat' dir='ltr'><strong>Sentenciam</strong></span> <span class='ocrx_word' id='word_1_421' title='bbox 1027 2230 1396 2263; x_wconf 86' lang='lat' dir='ltr'><strong>Excommunicacionis</strong></span> <span class='ocrx_word' id='word_1_422' title='bbox 1419 2232 1567 2274; x_wconf 85' lang='lat' dir='ltr'><strong>Majoris,</strong></span> <span class='ocrx_word' id='word_1_423' title='bbox 1590 2243 1649 2274; x_wconf 85' lang='lat' dir='ltr'><strong>per</strong></span> <span class='ocrx_word' id='word_1_424' title='bbox 1673 2233 1845 2265; x_wconf 87' lang='lat' dir='ltr'><strong>Canonem</strong></span> 
     </span>
     <span class='ocr_line' id='line_1_51' title="bbox 454 2273 1844 2318; baseline 0.001 -12"><span class='ocrx_word' id='word_1_425' title='bbox 454 2275 492 2306; x_wconf 68' lang='lat' dir='ltr'><strong>Si</strong></span> <span class='ocrx_word' id='word_1_426' title='bbox 517 2276 591 2316; x_wconf 76' lang='lat' dir='ltr'><strong>qui-3</strong></span> <span class='ocrx_word' id='word_1_427' title='bbox 616 2274 780 2313; x_wconf 70' lang='lat' dir='ltr'><strong>suadente,</strong></span> <span class='ocrx_word' id='word_1_428' title='bbox 808 2273 891 2315; x_wconf 84' lang='lat' dir='ltr'><strong>xvij,</strong></span> <span class='ocrx_word' id='word_1_429' title='bbox 915 2284 948 2315; x_wconf 87' lang='lat' dir='ltr'><strong>q.</strong></span> <span class='ocrx_word' id='word_1_430' title='bbox 978 2273 1041 2315; x_wconf 83' lang='lat' dir='ltr'><strong>iiij,</strong></span> <span class='ocrx_word' id='word_1_431' title='bbox 1066 2274 1192 2306; x_wconf 90' lang='lat' dir='ltr'><strong>nedum</strong></span> <span class='ocrx_word' id='word_1_432' title='bbox 1217 2274 1419 2315; x_wconf 79' lang='lat' dir='ltr'><strong>incurrebat,</strong></span> <span class='ocrx_word' id='word_1_433' title='bbox 1442 2279 1495 2307; x_wconf 89' lang='lat' dir='ltr'><strong>set</strong></span> <span class='ocrx_word' id='word_1_434' title='bbox 1516 2276 1552 2307; x_wconf 91' lang='lat' dir='ltr'><strong>in</strong></span> <span class='ocrx_word' id='word_1_435' title='bbox 1574 2276 1632 2308; x_wconf 88' lang='lat' dir='ltr'><strong>illa</strong></span> <span class='ocrx_word' id='word_1_436' title='bbox 1655 2287 1714 2317; x_wconf 83' lang='lat' dir='ltr'><strong>per</strong></span> <span class='ocrx_word' id='word_1_437' title='bbox 1736 2276 1844 2318; x_wconf 87' lang='lat' dir='ltr'><strong>quad-</strong></span> 
     </span>
     <span class='ocr_line' id='line_1_52' title="bbox 453 2317 1846 2360; baseline 0.001 -10"><span class='ocrx_word' id='word_1_438' title='bbox 453 2318 609 2350; x_wconf 89' lang='lat' dir='ltr'><strong>rennium</strong></span> <span class='ocrx_word' id='word_1_439' title='bbox 626 2321 663 2350; x_wconf 90' lang='lat' dir='ltr'><strong>et</strong></span> <span class='ocrx_word' id='word_1_440' title='bbox 678 2317 776 2357; x_wconf 85' lang='lat' dir='ltr'><strong>ultra,</strong></span> <span class='ocrx_word' id='word_1_441' title='bbox 793 2318 884 2359; x_wconf 90' lang='lat' dir='ltr'><strong>quod</strong></span> <span class='ocrx_word' id='word_1_442' title='bbox 908 2317 1063 2349; x_wconf 79' lang='lat' dir='ltr'><strong>dolenter</strong></span> <span class='ocrx_word' id='word_1_443' title='bbox 1084 2317 1270 2358; x_wconf 77' lang='lat' dir='ltr'><strong>referimus,</strong></span> <span class='ocrx_word' id='word_1_444' title='bbox 1286 2319 1394 2360; x_wconf 85' lang='lat' dir='ltr'><strong>jacere</strong></span> <span class='ocrx_word' id='word_1_445' title='bbox 1417 2329 1485 2351; x_wconf 89' lang='lat' dir='ltr'><strong>non</strong></span> <span class='ocrx_word' id='word_1_446' title='bbox 1508 2323 1561 2351; x_wconf 85' lang='lat' dir='ltr'><strong>est</strong></span> <span class='ocrx_word' id='word_1_447' title='bbox 1582 2320 1711 2352; x_wconf 85' lang='lat' dir='ltr'><strong>veritus</strong></span> <span class='ocrx_word' id='word_1_448' title='bbox 1732 2320 1846 2352; x_wconf 86' lang='lat' dir='ltr'><strong>animo</strong></span> 
     </span>
     <span class='ocr_line' id='line_1_53' title="bbox 453 2361 1843 2404; baseline 0.001 -11"><span class='ocrx_word' id='word_1_449' title='bbox 453 2361 641 2403; x_wconf 86' lang='lat' dir='ltr'><strong>pertinaci;</strong></span> <span class='ocrx_word' id='word_1_450' title='bbox 664 2363 780 2393; x_wconf 86' lang='lat' dir='ltr'><strong>contra</strong></span> <span class='ocrx_word' id='word_1_451' title='bbox 795 2371 898 2402; x_wconf 89' lang='lat' dir='ltr'><strong>quem</strong></span> <span class='ocrx_word' id='word_1_452' title='bbox 920 2363 1029 2392; x_wconf 85' lang='lat' dir='ltr'><strong>certos</strong></span> <span class='ocrx_word' id='word_1_453' title='bbox 1053 2361 1230 2393; x_wconf 83' lang='lat' dir='ltr'><strong>Processus</strong></span> <span class='ocrx_word' id='word_1_454' title='bbox 1253 2373 1294 2394; x_wconf 85' lang='lat' dir='ltr'><strong>ex</strong></span> <span class='ocrx_word' id='word_1_455' title='bbox 1318 2363 1434 2394; x_wconf 89' lang='lat' dir='ltr'><strong>Officio</strong></span> <span class='ocrx_word' id='word_1_456' title='bbox 1457 2366 1582 2404; x_wconf 84' lang='lat' dir='ltr'><strong>nostro,</strong></span> <span class='ocrx_word' id='word_1_457' title='bbox 1599 2366 1743 2404; x_wconf 86' lang='lat' dir='ltr'><strong>urgente</strong></span> <span class='ocrx_word' id='word_1_458' title='bbox 1766 2374 1843 2396; x_wconf 88' lang='lat' dir='ltr'><strong>con·</strong></span> 
     </span>
     <span class='ocr_line' id='line_1_54' title="bbox 454 2404 1847 2447; baseline 0.001 -10"><span class='ocrx_word' id='word_1_459' title='bbox 454 2405 604 2445; x_wconf 84' lang='lat' dir='ltr'><strong>sciencia,</strong></span> <span class='ocrx_word' id='word_1_460' title='bbox 628 2405 700 2436; x_wconf 84' lang='lat' dir='ltr'><strong>fieri</strong></span> <span class='ocrx_word' id='word_1_461' title='bbox 722 2404 957 2436; x_wconf 78' lang='lat' dir='ltr'><strong>mandavimus</strong></span> <span class='ocrx_word' id='word_1_462' title='bbox 980 2407 1015 2436; x_wconf 88' lang='lat' dir='ltr'><strong>et</strong></span> <span class='ocrx_word' id='word_1_463' title='bbox 1037 2404 1187 2438; x_wconf 83' lang='lat' dir='ltr'><strong>fecimus.</strong></span> <span class='ocrx_word' id='word_1_464' title='bbox 1246 2405 1385 2445; x_wconf 88' lang='lat' dir='ltr'><strong>Verum,</strong></span> <span class='ocrx_word' id='word_1_465' title='bbox 1411 2407 1491 2447; x_wconf 84' lang='lat' dir='ltr'><strong>quia</strong></span> <span class='ocrx_word' id='word_1_466' title='bbox 1512 2407 1652 2439; x_wconf 89' lang='lat' dir='ltr'><strong>diversis</strong></span> <span class='ocrx_word' id='word_1_467' title='bbox 1675 2410 1710 2439; x_wconf 83' lang='lat' dir='ltr'><strong>et</strong></span> <span class='ocrx_word' id='word_1_468' title='bbox 1732 2407 1847 2440; x_wconf 84' lang='lat' dir='ltr'><strong>arduis</strong></span> 
     </span>
     <span class='ocr_line' id='line_1_55' title="bbox 455 2448 1844 2491; baseline 0.002 -11"><span class='ocrx_word' id='word_1_469' title='bbox 455 2449 589 2488; x_wconf 88' lang='lat' dir='ltr'><strong>nostris,</strong></span> <span class='ocrx_word' id='word_1_470' title='bbox 606 2451 641 2480; x_wconf 90' lang='lat' dir='ltr'><strong>et</strong></span> <span class='ocrx_word' id='word_1_471' title='bbox 655 2451 770 2480; x_wconf 86' lang='lat' dir='ltr'><strong>nostre</strong></span> <span class='ocrx_word' id='word_1_472' title='bbox 793 2448 991 2480; x_wconf 85' lang='lat' dir='ltr'><strong>Exoniensis</strong></span> <span class='ocrx_word' id='word_1_473' title='bbox 1014 2448 1169 2489; x_wconf 84' lang='lat' dir='ltr'><strong>Ecclesie,</strong></span> <span class='ocrx_word' id='word_1_474' title='bbox 1186 2450 1354 2490; x_wconf 88' lang='lat' dir='ltr'><strong>prepediti</strong></span> <span class='ocrx_word' id='word_1_475' title='bbox 1375 2450 1529 2491; x_wconf 86' lang='lat' dir='ltr'><strong>negociis,</strong></span> <span class='ocrx_word' id='word_1_476' title='bbox 1547 2451 1700 2482; x_wconf 87' lang='lat' dir='ltr'><strong>ulteriori</strong></span> <span class='ocrx_word' id='word_1_477' title='bbox 1714 2451 1844 2483; x_wconf 85' lang='lat' dir='ltr'><strong>discus-</strong></span> 
     </span>
     <span class='ocr_line' id='line_1_56' title="bbox 455 2492 1844 2535; baseline 0.002 -11"><span class='ocrx_word' id='word_1_478' title='bbox 455 2493 541 2524; x_wconf 90' lang='lat' dir='ltr'><strong>sioni</strong></span> <span class='ocrx_word' id='word_1_479' title='bbox 556 2496 591 2524; x_wconf 90' lang='lat' dir='ltr'><strong>et</strong></span> <span class='ocrx_word' id='word_1_480' title='bbox 606 2492 797 2524; x_wconf 87' lang='lat' dir='ltr'><strong>execucioni</strong></span> <span class='ocrx_word' id='word_1_481' title='bbox 813 2492 990 2524; x_wconf 81' lang='lat' dir='ltr'><strong>Processus</strong></span> <span class='ocrx_word' id='word_1_482' title='bbox 1012 2494 1129 2524; x_wconf 84' lang='lat' dir='ltr'><strong>contra</strong></span> <span class='ocrx_word' id='word_1_483' title='bbox 1151 2493 1297 2524; x_wconf 92' lang='lat' dir='ltr'><strong>eundem</strong></span> <span class='ocrx_word' id='word_1_484' title='bbox 1320 2493 1495 2525; x_wconf 83' lang='lat' dir='ltr'><strong>intendere</strong></span> <span class='ocrx_word' id='word_1_485' title='bbox 1517 2505 1585 2526; x_wconf 91' lang='lat' dir='ltr'><strong>non</strong></span> <span class='ocrx_word' id='word_1_486' title='bbox 1608 2495 1768 2535; x_wconf 86' lang='lat' dir='ltr'><strong>valemus,</strong></span> <span class='ocrx_word' id='word_1_487' title='bbox 1785 2505 1844 2527; x_wconf 85' lang='lat' dir='ltr'><strong>cu·</strong></span> 
     </span>
     <span class='ocr_line' id='line_1_57' title="bbox 455 2535 1845 2578; baseline 0.001 -10"><span class='ocrx_word' id='word_1_488' title='bbox 455 2537 585 2578; x_wconf 90' lang='lat' dir='ltr'><strong>pientes</strong></span> <span class='ocrx_word' id='word_1_489' title='bbox 599 2537 703 2568; x_wconf 83' lang='lat' dir='ltr'><strong>eciam</strong></span> <span class='ocrx_word' id='word_1_490' title='bbox 718 2535 856 2568; x_wconf 76' lang='lat' dir='ltr'><strong>fervidis</strong></span> <span class='ocrx_word' id='word_1_491' title='bbox 878 2535 1054 2567; x_wconf 86' lang='lat' dir='ltr'><strong>affectibus</strong></span> <span class='ocrx_word' id='word_1_492' title='bbox 1076 2536 1295 2568; x_wconf 87' lang='lat' dir='ltr'><strong>execrabilem</strong></span> <span class='ocrx_word' id='word_1_493' title='bbox 1317 2547 1501 2578; x_wconf 85' lang='lat' dir='ltr'><strong>excessum,</strong></span> <span class='ocrx_word' id='word_1_494' title='bbox 1517 2541 1589 2570; x_wconf 87' lang='lat' dir='ltr'><strong>tam</strong></span> <span class='ocrx_word' id='word_1_495' title='bbox 1612 2538 1784 2570; x_wconf 89' lang='lat' dir='ltr'><strong>notorium</strong></span> <span class='ocrx_word' id='word_1_496' title='bbox 1808 2540 1845 2570; x_wconf 84' lang='grc'><strong>81,</strong></span> 
     </span>
     <span class='ocr_line' id='line_1_58' title="bbox 455 2579 1846 2623; baseline 0.001 -11"><span class='ocrx_word' id='word_1_497' title='bbox 455 2580 585 2612; x_wconf 88' lang='lat' dir='ltr'><strong>notorie</strong></span> <span class='ocrx_word' id='word_1_498' title='bbox 614 2580 841 2619; x_wconf 83' lang='lat' dir='ltr'><strong>commissum,</strong></span> <span class='ocrx_word' id='word_1_499' title='bbox 864 2579 1051 2611; x_wconf 82' lang='lat' dir='ltr'><strong>secundum</strong></span> <span class='ocrx_word' id='word_1_500' title='bbox 1082 2579 1258 2611; x_wconf 84' lang='lat' dir='ltr'><strong>Canonum</strong></span> <span class='ocrx_word' id='word_1_501' title='bbox 1285 2580 1489 2621; x_wconf 84' lang='lat' dir='ltr'><strong>exigenciam</strong></span> <span class='ocrx_word' id='word_1_502' title='bbox 1513 2581 1626 2614; x_wconf 84' lang='lat' dir='ltr'><strong>debite</strong></span> <span class='ocrx_word' id='word_1_503' title='bbox 1650 2582 1779 2623; x_wconf 83' lang='lat' dir='ltr'><strong>punire,</strong></span> <span class='ocrx_word' id='word_1_504' title='bbox 1803 2584 1846 2614; x_wconf 87' lang='lat' dir='ltr'><strong>ut</strong></span> 
     </span>
     <span class='ocr_line' id='line_1_59' title="bbox 455 2623 1843 2665; baseline 0.001 -9"><span class='ocrx_word' id='word_1_505' title='bbox 455 2627 620 2664; x_wconf 85' lang='lat' dir='ltr'><strong>tenemur,</strong></span> <span class='ocrx_word' id='word_1_506' title='bbox 636 2624 680 2655; x_wconf 92' lang='lat' dir='ltr'><strong>ad</strong></span> <span class='ocrx_word' id='word_1_507' title='bbox 694 2623 792 2665; x_wconf 86' lang='lat' dir='ltr'><strong>plene</strong></span> <span class='ocrx_word' id='word_1_508' title='bbox 807 2623 1079 2662; x_wconf 84' lang='lat' dir='ltr'><strong>examinandum,</strong></span> <span class='ocrx_word' id='word_1_509' title='bbox 1095 2623 1354 2664; x_wconf 86' lang='lat' dir='ltr'><strong>procedendum,</strong></span> <span class='ocrx_word' id='word_1_510' title='bbox 1378 2627 1414 2656; x_wconf 89' lang='lat' dir='ltr'><strong>et</strong></span> <span class='ocrx_word' id='word_1_511' title='bbox 1435 2625 1689 2658; x_wconf 86' lang='lat' dir='ltr'><strong>discuciendum</strong></span> <span class='ocrx_word' id='word_1_512' title='bbox 1711 2626 1843 2658; x_wconf 77' lang='lat' dir='ltr'><strong>dietum</strong></span> 
     </span>
     <span class='ocr_line' id='line_1_60' title="bbox 456 2666 1842 2711; baseline 0.003 -12"><span class='ocrx_word' id='word_1_513' title='bbox 456 2668 632 2709; x_wconf 86' lang='lat' dir='ltr'><strong>negocium</strong></span> <span class='ocrx_word' id='word_1_514' title='bbox 648 2677 690 2698; x_wconf 88' lang='lat' dir='ltr'><strong>ex</strong></span> <span class='ocrx_word' id='word_1_515' title='bbox 706 2666 831 2707; x_wconf 85' lang='lat' dir='ltr'><strong>Officio,</strong></span> <span class='ocrx_word' id='word_1_516' title='bbox 848 2669 890 2698; x_wconf 87' lang='lat' dir='ltr'><strong>ut</strong></span> <span class='ocrx_word' id='word_1_517' title='bbox 905 2677 1007 2708; x_wconf 85' lang='lat' dir='ltr'><strong>supra</strong></span> <span class='ocrx_word' id='word_1_518' title='bbox 1021 2676 1031 2705; x_wconf 80' lang='lat'>3</span> <span class='ocrx_word' id='word_1_519' title='bbox 1055 2676 1194 2707; x_wconf 81' lang='lat' dir='ltr'><strong>necnon,</strong></span> <span class='ocrx_word' id='word_1_520' title='bbox 1210 2667 1253 2698; x_wconf 91' lang='lat' dir='ltr'><strong>ad</strong></span> <span class='ocrx_word' id='word_1_521' title='bbox 1269 2667 1471 2708; x_wconf 87' lang='lat' dir='ltr'><strong>privandum</strong></span> <span class='ocrx_word' id='word_1_522' title='bbox 1486 2669 1642 2710; x_wconf 87' lang='lat' dir='ltr'><strong>eundem,</strong></span> <span class='ocrx_word' id='word_1_523' title='bbox 1659 2669 1688 2701; x_wconf 86' lang='lat' dir='ltr'><strong>si</strong></span> <span class='ocrx_word' id='word_1_524' title='bbox 1702 2669 1842 2711; x_wconf 80' lang='lat' dir='ltr'><strong>liqueat,</strong></span> 
     </span>
     <span class='ocr_line' id='line_1_61' title="bbox 456 2709 1843 2753; baseline 0.003 -11"><span class='ocrx_word' id='word_1_525' title='bbox 456 2711 549 2742; x_wconf 91' lang='lat' dir='ltr'><strong>omni</strong></span> <span class='ocrx_word' id='word_1_526' title='bbox 571 2711 647 2752; x_wconf 81' lang='lat' dir='ltr'><strong>jure</strong></span> <span class='ocrx_word' id='word_1_527' title='bbox 669 2711 712 2742; x_wconf 86' lang='lat' dir='ltr'><strong>ad</strong></span> <span class='ocrx_word' id='word_1_528' title='bbox 734 2710 862 2742; x_wconf 84' lang='lat' dir='ltr'><strong>dictam</strong></span> <span class='ocrx_word' id='word_1_529' title='bbox 894 2709 1155 2751; x_wconf 85' lang='lat' dir='ltr'><strong>Preposituram,</strong></span> <span class='ocrx_word' id='word_1_530' title='bbox 1178 2721 1238 2752; x_wconf 89' lang='lat' dir='ltr'><strong>per</strong></span> <span class='ocrx_word' id='word_1_531' title='bbox 1259 2710 1372 2751; x_wconf 87' lang='lat' dir='ltr'><strong>ipsum</strong></span> <span class='ocrx_word' id='word_1_532' title='bbox 1403 2712 1522 2753; x_wconf 85' lang='lat' dir='ltr'><strong>quavis</strong></span> <span class='ocrx_word' id='word_1_533' title='bbox 1551 2713 1766 2745; x_wconf 81' lang='lat' dir='ltr'><strong>Auctoritate</strong></span> <span class='ocrx_word' id='word_1_534' title='bbox 1789 2714 1843 2746; x_wconf 82' lang='lat' dir='ltr'><strong>vel</strong></span> 
     </span>
     <span class='ocr_line' id='line_1_62' title="bbox 456 2753 1840 2797; baseline 0.002 -11"><span class='ocrx_word' id='word_1_535' title='bbox 456 2754 650 2786; x_wconf 86' lang='lat' dir='ltr'><strong>Provisione</strong></span> <span class='ocrx_word' id='word_1_536' title='bbox 674 2757 840 2795; x_wconf 86' lang='lat' dir='ltr'><strong>pretenso,</strong></span> <span class='ocrx_word' id='word_1_537' title='bbox 865 2753 936 2786; x_wconf 87' lang='lat' dir='ltr'><strong>suis</strong></span> <span class='ocrx_word' id='word_1_538' title='bbox 958 2753 1172 2794; x_wconf 82' lang='lat' dir='ltr'><strong>exigentibus</strong></span> <span class='ocrx_word' id='word_1_539' title='bbox 1194 2754 1378 2794; x_wconf 82' lang='lat' dir='ltr'><strong>demeritis,</strong></span> <span class='ocrx_word' id='word_1_540' title='bbox 1400 2755 1501 2796; x_wconf 78' lang='lat' dir='ltr'><strong>juxta</strong></span> <span class='ocrx_word' id='word_1_541' title='bbox 1524 2756 1605 2795; x_wconf 89' lang='lat' dir='ltr'><strong>vim,</strong></span> <span class='ocrx_word' id='word_1_542' title='bbox 1625 2756 1780 2797; x_wconf 78' lang='lat' dir='ltr'><strong>formam,</strong></span> <span class='ocrx_word' id='word_1_543' title='bbox 1804 2759 1840 2789; x_wconf 83' lang='lat' dir='ltr'><strong>et</strong></span> 
     </span>
     <span class='ocr_line' id='line_1_63' title="bbox 455 2796 1842 2838; baseline 0.002 -8"><span class='ocrx_word' id='word_1_544' title='bbox 455 2798 612 2830; x_wconf 80' lang='lat' dir='ltr'><strong>effectum</strong></span> <span class='ocrx_word' id='word_1_545' title='bbox 636 2797 773 2830; x_wconf 76' lang='lat' dir='ltr'><strong>Deci-eti</strong></span> <span class='ocrx_word' id='word_1_546' title='bbox 796 2799 910 2829; x_wconf 80' lang='lat' dir='ltr'><strong>nostre</strong></span> <span class='ocrx_word' id='word_1_547' title='bbox 937 2796 1116 2829; x_wconf 84' lang='lat' dir='ltr'><strong>Gitacionis</strong></span> <span class='ocrx_word' id='word_1_548' title='bbox 1142 2807 1243 2838; x_wconf 85' lang='lat' dir='ltr'><strong>super</strong></span> <span class='ocrx_word' id='word_1_549' title='bbox 1265 2797 1328 2829; x_wconf 88' lang='lat' dir='ltr'><strong>hoc</strong></span> <span class='ocrx_word' id='word_1_550' title='bbox 1350 2799 1469 2831; x_wconf 84' lang='lat' dir='ltr'><strong>emisse</strong></span> <span class='ocrx_word' id='word_1_551' title='bbox 1492 2801 1528 2831; x_wconf 89' lang='lat' dir='ltr'><strong>et</strong></span> <span class='ocrx_word' id='word_1_552' title='bbox 1550 2800 1734 2832; x_wconf 81' lang='lat' dir='ltr'><strong>certificate</strong></span> <span class='ocrx_word' id='word_1_553' title='bbox 1762 2800 1842 2833; x_wconf 83' lang='lat' dir='ltr'><strong>inde</strong></span> 
     </span>
     <span class='ocr_line' id='line_1_64' title="bbox 454 2840 1842 2882; baseline 0.003 -9"><span class='ocrx_word' id='word_1_554' title='bbox 454 2841 546 2881; x_wconf 83' lang='lat' dir='ltr'><strong>facti,</strong></span> <span class='ocrx_word' id='word_1_555' title='bbox 562 2841 665 2881; x_wconf 89' lang='lat' dir='ltr'><strong>vobis,</strong></span> <span class='ocrx_word' id='word_1_556' title='bbox 682 2841 725 2873; x_wconf 86' lang='lat' dir='ltr'><strong>de</strong></span> <span class='ocrx_word' id='word_1_557' title='bbox 740 2840 839 2882; x_wconf 86' lang='lat' dir='ltr'><strong>cujus</strong></span> <span class='ocrx_word' id='word_1_558' title='bbox 853 2840 1030 2881; x_wconf 80' lang='lat' dir='ltr'><strong>industria,</strong></span> <span class='ocrx_word' id='word_1_559' title='bbox 1046 2843 1121 2880; x_wconf 73' lang='lat' dir='ltr'><strong>eto„</strong></span> <span class='ocrx_word' id='word_1_560' title='bbox 1137 2840 1226 2873; x_wconf 82' lang='lat' dir='ltr'><strong>vices</strong></span> <span class='ocrx_word' id='word_1_561' title='bbox 1241 2844 1373 2873; x_wconf 85' lang='lat' dir='ltr'><strong>nostras</strong></span> <span class='ocrx_word' id='word_1_562' title='bbox 1388 2845 1505 2874; x_wconf 85' lang='lat' dir='ltr'><strong>tenore</strong></span> <span class='ocrx_word' id='word_1_563' title='bbox 1521 2843 1736 2876; x_wconf 79' lang='lat' dir='ltr'><strong>Prosencium</strong></span> <span class='ocrx_word' id='word_1_564' title='bbox 1752 2854 1842 2877; x_wconf 88' lang='lat' dir='ltr'><strong>com·</strong></span> 
     </span>
     <span class='ocr_line' id='line_1_65' title="bbox 452 2882 1839 2928; baseline 0.003 -12"><span class='ocrx_word' id='word_1_565' title='bbox 452 2885 632 2925; x_wconf 87' lang='lat' dir='ltr'><strong>mittimus,</strong></span> <span class='ocrx_word' id='word_1_566' title='bbox 649 2895 726 2917; x_wconf 91' lang='lat' dir='ltr'><strong>cum</strong></span> <span class='ocrx_word' id='word_1_567' title='bbox 742 2884 927 2926; x_wconf 86' lang='lat' dir='ltr'><strong>cujuslibet</strong></span> <span class='ocrx_word' id='word_1_568' title='bbox 940 2883 1144 2916; x_wconf 87' lang='lat' dir='ltr'><strong>cohercionis</strong></span> <span class='ocrx_word' id='word_1_569' title='bbox 1167 2882 1333 2917; x_wconf 79' lang='lat' dir='ltr'><strong>canonice</strong></span> <span class='ocrx_word' id='word_1_570' title='bbox 1355 2888 1533 2927; x_wconf 81' lang='lat' dir='ltr'><strong>potestate.</strong></span> <span class='ocrx_word' id='word_1_571' title='bbox 1583 2887 1684 2927; x_wconf 84' lang='lat' dir='ltr'><strong>Quid,</strong></span> <span class='ocrx_word' id='word_1_572' title='bbox 1709 2890 1839 2928; x_wconf 77' lang='lat' dir='ltr'><strong>sutem,</strong></span> 
     </span>
     <span class='ocr_line' id='line_1_66' title="bbox 453 2927 1048 2971; baseline 0 -11"><span class='ocrx_word' id='word_1_573' title='bbox 453 2928 696 2961; x_wconf 87' lang='lat' dir='ltr'><strong>etc.&#39;&#39;—Dated</strong></span> <span class='ocrx_word' id='word_1_574' title='bbox 711 2931 748 2960; x_wconf 90' lang='lat' dir='ltr'><strong>at</strong></span> <span class='ocrx_word' id='word_1_575' title='bbox 764 2929 870 2971; x_wconf 67' lang='lat' dir='ltr'><strong>myst,</strong></span> <span class='ocrx_word' id='word_1_576' title='bbox 887 2929 906 2960; x_wconf 88' lang='lat'><strong>3</strong></span> <span class='ocrx_word' id='word_1_577' title='bbox 923 2927 1048 2960; x_wconf 81' lang='lat' dir='ltr'><strong>March.</strong></span> 
     </span>
    </p>
   </div>
  </div>
 </body>
</html>
