1988 3256
339 350 435 403 470

340 468 375 496 A.
380 469 419 495 D.

341 504 417 531 1382.

339 536 405 563 Vol.
415 536 439 564 Ι.

339 997 399 1028 [sol.

339 1031 413 1061 107.]

339 2839 387 2865 fol.

337 2874 378 2900 96.

562 367 666 402 THE
690 364 934 403 REGISTER
956 364 1018 401 ΟΡ
1040 364 1651 406 ΒΙΒΗΟΡΒΒΑΝΤῩΝΘΗΑΜ.

492 470 650 511 primitus
672 470 818 503 assecuti
841 480 918 502 suas
941 469 1052 502 adhuc
1076 469 1189 504 firmas
1212 480 1297 511 quas
1319 480 1410 502 nunc
1433 470 1600 511 obtinent,
1624 469 1689 502 nisi
1710 468 1841 511 gratis
1838 467 1887 500 eu'

491 514 686 546 renunciare
704 513 881 553 voluerint,
899 513 1044 545 retinere
1060 514 1204 553 valeant,
1221 514 1322 556 juxta
1346 515 1506 546 traditam
1533 526 1591 556 per
1615 513 1813 555 Capitulum
1835 511 1884 545 eiu

490 558 660 597 formam3
691 558 850 589 oneribus
873 538 1148 589 incumbentibus
1173 569 1231 598 per
1254 558 1342 599 ipsos
1366 559 1477 590 medio
1500 561 1652 600 tempore
1674 555 1885 598 integraliter

495 601 743 643 supportandis.
777 602 825 633 S*-
827 604 991 641 mutaque,
1010 601 1256 640 omiti-aciones,
1271 605 1304 633 et
1323 602 1591 634 consuetudines
1608 601 1754 634 Ecclesie
1769 610 1884 641 suprs—

494 646 593 684 dicte,
611 646 714 677 eciam
732 645 759 676 si
783 646 852 676 sint
874 646 1022 685 ipsorum
1049 645 1292 677 canonicorum
1313 644 1518 686 juramentis
1541 646 1667 678 vallata
1690 644 1742 676 vel
1765 643 1885 685 quovis

493 689 558 721 alio
582 690 680 720 modo
703 689 867 727 roborata,
892 688 920 720 si
943 699 1008 730 que
1031 689 1101 720 siut
1122 689 1156 719 in
1180 690 1387 720 contrarium
1418 690 1518 728 edita,
1549 700 1608 721 seu
1638 688 1809 731 premissis
1831 686 1885 719 vel

496 744 611 764 eorum
635 733 734 764 alicui
759 732 940 772 obvi-ancia,
973 743 1177 772 revocamus,
1201 733 1428 773 annullamus,
1452 744 1630 773 cassamus,
1655 736 1690 764 et
1711 732 1884 763 irritamus

494 787 657 817 expresse,
688 781 851 815 revocata,
883 777 1066 816 annullata,
1098 787 1198 814 cassa,
1229 780 1265 807 et
1294 777 1389 808 irrita
1421 777 1681 818 pronunciamus
1711 778 1746 807 et
1778 775 1883 806 eciam

492 821 710 860 declaramus,
727 831 764 851 ac
780 831 818 851 ea
833 820 874 851 de
892 820 1044 861 ejusdem
1069 820 1210 851 Ecclesia
1233 820 1486 861 Capitularibus
1510 821 1666 852 volumus
1689 818 1883 857 ammoveri,

494 868 537 904 et,
555 846 722 905 quantum
739 864 772 895 in
791 864 887 895 nobis
903 868 964 903 est,
977 874 1015 894 ea
1031 864 1183 895 totaliter
1204 874 1337 895 ammov
1341 874 1445 896 emus.
1492 864 1631 903 Verum,
1646 863 1726 905 quia
1749 872 1882 894 morum

493 919 530 939 ac
558 908 627 939 vite
655 908 866 939 honestatem
898 908 932 938 in
963 908 1099 949 agendis
1126 907 1267 948 siugulis
1295 908 1482 949 Utriusque
1509 908 1603 940 Juris
1631 907 1797 939 Instituta
1821 916 1882 938 nos

493 953 634 983 edocent
658 952 775 982 obserx
778 962 858 990 are,
882 962 994 992 quam,
1012 962 1087 982 cum
1106 951 1180 982 laici
1202 961 1357 992 spenuere
1381 963 1438 983 seu
1457 951 1626 992 aspernari
1642 962 1708 983 non
1726 950 1882 989 debeant,

492 996 595 1027 eciam
619 999 781 1026 tenentur
804 995 922 1034 clerici,
940 998 975 1026 et
999 995 1174 1044 presertim
1199 996 1226 1026 1<
1229 995 1345 1026 cclesre
1369 995 1579 1027 Cathedmlis
1604 993 1772 1032 Canonici,
1789 994 1882 1024 omni

493 1050 560 1080 quo
586 1043 747 1080 poterunt
773 1039 956 1076 conamine,
985 1039 1019 1070 in
1047 1039 1117 1069 suis
1143 1039 1300 1079 operibus
1325 1042 1360 1070 et
1390 1039 1483 1078 actis,
1513 1039 1645 1080 publice
1676 1042 1711 1069 et
1741 1036 1881 1077 occulte,

493 1083 670 1114 ostendere
700 1094 737 1113 ac
768 1086 954 1113 monstrare
972 1093 979 1120 ;
1017 1086 1374 1123 quo1·um,tanquam
1416 1084 1637 1114 Personarum
1673 1081 1880 1119 sublimium,

492 1127 603 1165 verba,
621 1130 726 1165 actus
744 1129 779 1157 et
794 1137 892 1167 opera
909 1127 1035 1157 cedunt
1051 1126 1093 1157 de
1109 1125 1199 1157 facili
1214 1126 1331 1157 ceteris
1348 1127 1381 1158 in
1406 1137 1498 1158 exem
1506 1127 1597 1167 plum
1618 1137 1625 1163 ;
1649 1130 1797 1157 ceterum
1823 1135 1882 1166 per

494 1181 554 1202 nos
571 1175 605 1201 et
622 1172 755 1201 nostros
771 1181 823 1201 cei
827 1173 863 1201 to
885 1170 1013 1201 cercius
1035 1173 1088 1200 est
1112 1173 1322 1211 compertum
1347 1171 1437 1211 quod
1462 1171 1599 1211 quidum
1623 1170 1712 1201 dicte
1735 1167 1882 1202 Ecclesie

494 1217 607 1245 nostie
633 1207 801 1252 Canonici,
826 1214 987 1244 servitore
1012 1213 1181 1244 duntaxat
1206 1214 1302 1245 unico
1326 1214 1360 1244 in
1385 1214 1511 1245 vestitu
1535 1214 1671 1245 sordido
1693 1213 1881 1252 incedente,

492 1258 642 1289 adinstar
674 1257 774 1288 unius
805 1257 907 1288 vidue
937 1257 1162 1298 paupercule·
1156 1281 1163 1295 ‚
1196 1257 1344 1298 quidam,
1370 1268 1457 1297 v,ero
1481 1258 1614 1288 duobus
1644 1256 1884 1288 tantummodo

493 1301 641 1343 parvulis
671 1302 713 1332 ad
744 1301 1003 1332 similitudinem
1035 1301 1187 1341 Magistri
1219 1300 1311 1331 Artis
1341 1301 1573 1342 gramaticalis‚
1605 1301 1638 1331 iu
1671 1300 1817 1331 Ecclesia
1843 1310 1882 1331 ac

492 1348 680 1377 ceterorum
704 1355 843 1376 suorum
868 1345 1085 1376 Confi-atrum
1111 1344 1257 1375 dedecus
1279 1347 1315 1375 et
1337 1345 1542 1383 scandalum,
1575 1355 1635 1385 pro
1658 1347 1732 1375 tota
1754 1343 1882 1375 familia

492 1391 755 1426 contentautur3
781 1391 825 1427 et,
854 1389 944 1430 quod
970 1388 1120 1419 deterius
1150 1388 1280 1419 cunctis
1310 1399 1382 1419 esse
1409 1389 1605 1427 dinoscitur,
1629 1386 1818 1429 hospitibus
1847 1389 1883 1419 et

492 1433 696 1474 pauperibus
728 1433 855 1463 nedum
884 1432 1062 1463 domorum
1094 1442 1231 1463 suarum
1263 1436 1315 1462 set
1346 1432 1450 1463 eciam
1481 1432 1634 1463 cordium
1664 1431 1784 1473 januas
1814 1441 1882 1462 non

493 1480 627 1508 tantum
647 1474 743 1516 [nou]
760 1476 916 1517 aperiunt
938 1479 991 1506 set
1015 1476 1149 1516 penitus
1173 1475 1404 1516 precluduut3
1435 1486 1574 1514 necnon,
1599 1475 1663 1507 Dei
1685 1476 1773 1506 dona
1795 1476 1880 1506 tem-

492 1520 625 1561 poralia,
642 1520 766 1561 quibus
783 1519 897 1551 taliter
913 1523 963 1550 est
983 1520 1149 1550 utendum
1168 1523 1205 1550 ut
1222 1519 1263 1550 ad
1280 1519 1315 1550 id
1332 1530 1399 1559 quo
1416 1519 1609 1551 eternaliter
1631 1519 1815 1550 fruendum
1830 1521 1884 1550 eat

492 1564 673 1602 solomodo,
690 1570 883 1595 reserantur
899 1563 999 1593 nimis
1016 1563 1178 1594 tenaciter
1194 1566 1227 1594 et
1247 1562 1502 1594 absconduntur
1517 1574 1526 1602 3
1549 1573 1637 1601 cum,
1653 1562 1768 1602 igitur,
1785 1562 1884 1593 decor

491 1608 619 1639 familie
635 1610 670 1639 et
686 1607 844 1638 honestas
861 1607 1062 1647 Magistrum
1079 1606 1259 1638 sublevent
1274 1607 1386 1647 sepius
1410 1610 1446 1638 et
1467 1607 1638 1646 decorent,
1658 1605 1780 1647 impios
1797 1616 1880 1647 quo-

493 1662 560 1692 que
586 1655 622 1683 et
652 1651 821 1691 improbos
852 1661 887 1681 se
918 1650 1105 1682 ostendunt
1132 1650 1191 1691 qui
1221 1650 1398 1691 inquinata
1428 1650 1530 1682 eciam
1556 1649 1704 1682 exterius
1735 1652 1883 1681 utuntur

491 1695 629 1734 familia,
646 1705 683 1726 ac
700 1705 758 1735 per
774 1694 909 1735 pietatis
925 1704 1024 1735 opera
1041 1694 1235 1725 nullatenus
1258 1694 1489 1734 indigentibus
1505 1693 1665 1735 proximis
1681 1693 1881 1725 condescen-

492 1739 582 1770 dunt
597 1750 606 1777 ;
623 1749 692 1777 nos,
703 1739 920 1769 attendentes
938 1738 1174 1778 premissorum
1193 1740 1349 1778 pretextu
1368 1738 1486 1769 honori
1501 1738 1590 1769 dicte
1606 1740 1720 1768 nostre
1737 1736 1883 1768 Ecclesia

492 1793 530 1813 ac
547 1783 790 1814 Canonicorum
809 1781 971 1817 omnium,
979 1781 1161 1820 plurimum
1180 1781 1340 1821 derogari,
1357 1781 1399 1812 de
1415 1781 1551 1813 consilio
1577 1785 1612 1812 et
1638 1790 1800 1812 consensu
1819 1780 1880 1812 Ca-

494 1826 692 1857 nonicorum
716 1825 925 1866 presencium
943 1824 1096 1866 ejusdem
1113 1828 1227 1856 nostre
1254 1825 1400 1856 Ecclesie
1427 1825 1579 1856 omnium
1603 1827 1639 1855 et
1659 1824 1880 1865 singulorum,

493 1870 678 1901 statuimus
701 1873 736 1900 et
758 1869 954 1900 ordinamus
978 1869 1067 1909 quod
1087 1868 1231 1909 quilibet
1247 1868 1376 1909 prefate
1393 1872 1504 1900 nostre
1523 1868 1667 1900 Ecclesie
1683 1868 1880 1907 Canonicus,

493 1925 552 1954 pro
569 1917 680 1944 status
704 1913 756 1944 sui
780 1912 927 1951 modulo,
945 1915 1191 1953 competentem
1210 1916 1246 1943 et
1268 1912 1444 1944 honestam
1467 1912 1624 1952 deinceps
1639 1911 1704 1943 sibi
1719 1911 1881 1946 familiam

494 1957 596 1997 eligat
622 1960 658 1988 et
681 1959 840 1995 assumat,
869 1956 1139 1996 hospitalemque
1162 1955 1281 1987 ceteris
1305 1956 1368 1996 [se]
1391 1955 1557 1994 exhibeat,
1583 1958 1684 1996 prout
1706 1956 1814 1987 Sacris
1829 1958 1883 1987 est

495 2001 690 2033 Canonibus
706 2000 900 2031 diffinitum.
947 2000 1002 2037 Et,
1016 1999 1095 2040 quia
1113 2009 1228 2040 parum
1248 2003 1298 2031 est
1316 2000 1454 2031 Statuta
1470 2010 1555 2030 nova
1572 1999 1723 2038 condere,
1735 1998 1799 2030 nisi
1811 1998 1882 2030 sint

493 2044 551 2085 qui
569 2055 606 2074 ea
622 2044 750 2075 solicite
763 2047 934 2082 tueantur,
949 2043 1159 2083 precipimus,
1178 2042 1398 2083 injungimus,
1416 2047 1452 2074 et
1468 2043 1668 2078 mandamus
1679 2043 1881 2083 cuicumque

494 2088 644 2128 Capituli
661 2087 811 2128 ejusdem
832 2086 978 2118 Ecclesie
995 2097 1054 2127 pro
1078 2089 1230 2127 tempore
1255 2086 1453 2126 Presidenti,
1478 2086 1639 2127 quatinus
1661 2086 1705 2118 ad
1729 2085 1881 2127 proximo

495 2132 655 2172 premissa
667 2131 757 2162 dicte
772 2130 918 2161 Ecclesie
931 2130 1114 2162 Canonicos
1127 2130 1286 2170 singulos,
1303 2130 1547 2171 cujuscumque
1557 2130 1627 2162 sint
1637 2133 1757 2170 status,
1772 2129 1880 2170 digni-

494 2175 584 2214 tatis,
596 2178 631 2206 et
642 2174 785 2213 honoris,
796 2184 894 2205 cause
911 2173 1101 2214 cognicione
1115 2174 1352 2214 Capitulariter
1369 2174 1552 2214 prehabita,
1566 2184 1625 2214 per
1636 2173 1880 2205 cotidianarum

495 2229 633 2250 suarum
657 2218 940 2250 distribucionum
965 2217 1230 2248 subtr-accionem
1255 2227 1371 2257 cogere
1394 2227 1462 2248 non
1486 2218 1618 2248 differat
1640 2221 1676 2248 et
1696 2220 1816 2256 artare,
1840 2219 1882 2249 ut

494 2263 540 2294 sic
563 2262 732 2303 sepedicta
756 2266 870 2293 nostra
902 2261 1048 2292 Ecclesia
1071 2261 1199 2292 lumine
1222 2260 1408 2292 honestatis
1432 2261 1474 2292 ab
1497 2261 1638 2302 antiquo
1659 2261 1765 2301 solite,
1789 2261 1881 2302 quod

495 2310 652 2347 optamus
678 2305 832 2344 corditer,
856 2304 888 2335 in
914 2304 982 2335 suis
1008 2304 1170 2335 Ministris
1197 2305 1316 2335 amodo
1342 2304 1690 2336 elucescat—Datum
1713 2304 1747 2336 in
1773 2305 1881 2336 Domo

494 2353 608 2381 nostra
637 2348 822 2390 Capitulari
850 2348 987 2386 Exonie,
1014 2348 1158 2388 septimo
1188 2348 1242 2379 die
1274 2349 1397 2379 mensis
1427 2348 1522 2386 sulii,
1552 2348 1637 2380 A.D.
1663 2348 1723 2380 ΜΟ.
1748 2347 1880 2380 000ωο

494 2394 622 2425 lxxx¹¹¹⁰
645 2392 800 2431 secundo,
819 2395 854 2423 et
878 2391 1146 2431 Consecracionis
1168 2395 1282 2423 nostre
1307 2392 1409 2423 tercio
1432 2392 1665 2423 decima-Et
1686 2402 1756 2431 nos,
1776 2390 1879 2423 Presi-

494 2438 577 2468 dens
595 2436 750 2476 Capituli,
769 2439 804 2466 et
821 2435 1015 2476 Capitulum
1037 2435 1179 2466 Ecclesie
1195 2435 1406 2474 Catlredralis
1422 2435 1560 2474 Exonie,
1579 2436 1711 2466 Decauo
1725 2434 1879 2476 ejusdem

493 2482 527 2512 in
556 2480 695 2512 remotis
723 2483 851 2520 agente,
880 2479 995 2510 habito
1027 2478 1184 2519 primitus
1215 2489 1290 2510 cum
1318 2479 1511 2510 Reverendo
1541 2479 1575 2510 in
1608 2478 1744 2511 Christo
1769 2479 1880 2519 Patre,

495 2524 641 2556 Domino
663 2523 802 2560 Thoma,
831 2522 895 2554 Dei
922 2522 1032 2563 gracia
1060 2522 1242 2554 Exoniensi
1265 2522 1430 2563 Episcopo
1456 2523 1639 2561 antedicto,
1669 2522 1823 2561 diligenti
1845 2525 1882 2555 et

494 2567 658 2608 solempni
682 2569 829 2598 tractatu
855 2566 914 2607 qui
937 2566 979 2596 de
994 2566 1070 2606 jure
1086 2566 1272 2606 requiritur
1288 2567 1321 2597 in
1339 2566 1400 2597 hac
1417 2570 1520 2607 parte,
1537 2566 1883 2607 concurrentibusque

493 2612 534 2643 de
550 2611 626 2652 jure
649 2610 829 2650 requisitis,
849 2620 907 2650 pro
931 2609 1026 2640 nobis
1049 2610 1360 2650 successoribusque
1384 2610 1516 2649 nostris,
1540 2609 1709 2650 premissis
1724 2609 1882 2641 omnibus

492 2659 527 2686 et
543 2655 683 2695 singulis
700 2665 757 2694 per
772 2653 883 2693 ipsum
904 2653 1134 2684 Revereudum
1157 2653 1290 2684 Patrem
1310 2656 1428 2694 utpote
1444 2653 1509 2684 rite
1524 2653 1627 2694 gestis
1650 2652 1880 2685 consentimus

492 2709 655 2739 expresse,
689 2708 794 2737 eaque
824 2696 1049 2735 admittimus,
1081 2696 1320 2735 collaudamus,
1348 2707 1386 2728 ac
1417 2696 1521 2728 eciam
1556 2697 1790 2738 approbamus.
1837 2696 1879 2728 Iu

492 2752 636 2783 quorum
654 2741 816 2779 omnium,
834 2740 1075 2771 etc—Datum
1100 2750 1168 2781 quo
1191 2740 1232 2771 ud
1256 2740 1554 2780 consigimcionem,
1579 2740 1614 2771 in
1639 2740 1748 2772 Domo
1763 2742 1878 2772 nostro

493 2785 690 2826 Capitulini,
707 2784 836 2815 decimo
853 2784 906 2814 die
923 2783 1045 2814 mensis
1063 2783 1279 2824 Septembris,
1298 2785 1396 2814 Anno
1413 2783 1550 2815 Domini
1565 2784 1768 2824 supradicto.

448 2839 743 2889 Sequestration
764 2850 815 2875 011
835 2842 1004 2875 account
1022 2837 1064 2875 of
1082 2837 1326 2888 anticipated
1354 2837 1613 2888 dilapidation
1633 2837 1711 2875 and
1733 2842 1882 2886 waste,
1927 2875 1931 2878 .

502 2891 762 2942 Sequestracio
781 2891 823 2929 in
844 2891 950 2929 bonis
967 2891 1139 2941 defuncti
1150 2898 1313 2940 propter
1333 2891 1506 2930 timorem
1523 2891 1828 2941 dilapidacionis
1846 2896 1882 2930 et
1935 2900 1938 2903 ⁴

500 2945 866 2996 00n8u7HPCi0ni8,-—
