1988 3256
355 345 450 390 336

556 356 660 389 THE
685 354 930 388 REGISTER
954 354 1015 387 OF
1038 353 1222 387 BISHOP
1246 353 1648 389 BRANTYNGHAM.

353 456 430 483 A.D.
464 458 613 496 Exeter
631 456 844 496 Cathedral
863 470 873 504 3
901 455 1164 494 Denunciacio
1193 455 1680 502 Excommunicacionis,—

353 493 367 517 1
373 490 431 517 374.

356 524 418 551 Vol.
434 513 619 552 1,Tliomas‚
637 515 712 551 etc.‚
730 510 971 542 Archidiacono
991 510 1126 549 Exonie,
1143 509 1196 541 vel
1212 509 1286 551 ejus
1310 510 1459 551 Officiali,
1475 511 1630 550 salutem,
1647 511 1898 553 etc.—Notoria

506 560 541 588 et
556 556 701 587 clamosa
717 555 832 596 populi
847 554 1032 585 insinuacio
1048 557 1083 585 et
1098 554 1178 585 facti
1195 554 1365 585 commissi
1387 555 1571 587 notorietas
1587 566 1647 586 nos
1663 555 1831 587 inducunt
1854 558 1896 588 ut

506 603 623 631 contra
640 599 787 631 notor-ios
807 598 980 639 sacrilegos
1003 608 1041 629 ac
1059 597 1238 629 Libertatis
1255 598 1484 630 Ecclesiastice
1500 599 1685 639 violatores,
1701 602 1737 630 et
1753 599 1896 632 Clerico·

505 654 582 675 rum
599 653 807 684 percussores
823 642 967 681 illicitos,
985 651 1069 682 quos
1086 651 1106 672 a
1119 641 1195 682 jure
1213 642 1529 674 Excommunicatos
1549 653 1620 674 esse
1635 643 1707 684 ipso
1722 643 1812 675 facto
1827 653 1896 674 non

503 687 697 727 ambigitur,
729 697 770 718 ex
793 685 902 718 Officii
925 684 1032 716 nostri
1054 685 1179 724 debito,
1202 686 1245 716 ad
1269 685 1459 717 animarum
1481 697 1618 718 suarum
1642 687 1894 726 correccionem,

505 731 644 762 celerius
658 730 884 771 procedamus.
910 727 1114 768 Commissis,
1127 739 1271 770 quoque,
1285 729 1442 769 gravibus
1453 729 1592 770 publicis
1602 733 1638 761 et
1647 730 1786 762 notoriis
1796 730 1894 762 saci-i-

505 775 589 815 legio
599 778 635 805 et
645 773 805 805 violencia
814 773 895 804 facti
905 775 1052 804 recenter
1063 772 1098 804 in
1110 772 1255 804 Ecclesia
1265 775 1380 804 nostra
1394 773 1586 805 Cathedrali
1600 774 1736 814 Exonie,
1749 777 1895 816 actuque

504 821 721 860 permanente
750 817 794 848 de
823 816 982 858 presenti,
1016 827 1074 857 per
1104 816 1286 857 quemdam
1325 816 1505 848 Ricardum
1545 817 1722 858 Prideaux,
1752 817 1895 849 sathane

503 862 694 899 satellitem,
711 861 780 902 qui,
798 861 861 892 Dei
883 860 1004 891 timore
1027 860 1226 901 postposito,
1244 860 1279 891 in
1296 861 1477 900 quemdam
1494 860 1678 893 Dominum
1703 861 1893 893 Johannem

503 907 648 945 Durant,
665 906 840 937 Rectorem
858 903 1003 936 Ecclesie
1030 903 1227 935 Parochialis
1242 904 1285 935 de
1299 904 1604 945 Combyntynhide,
1617 905 1843 946 presbiterum
1857 907 1896 937 et

503 950 539 981 in
552 949 758 991 possessione
770 948 1016 980 Presbiteratus
1025 948 1236 987 existentem,
1247 957 1377 986 manus,
1389 948 1423 979 in
1436 958 1513 979 casu
1525 959 1544 979 a
1555 948 1631 989 jure
1643 959 1709 980 non
1722 948 1894 990 permisso,

502 997 630 1025 temere
642 992 759 1034 injecit
770 991 943 1030 violentas,
955 991 1135 1033 ipsumque
1145 991 1222 1022 lesit
1234 991 1416 1023 enormiter
1424 995 1460 1023 et
1470 991 1668 1031 vulneravit,
1680 993 1781 1031 unde,
1797 1003 1893 1034 prop-

501 1040 555 1070 ter
570 1047 726 1078 magnam
742 1038 778 1067 et
792 1035 994 1067 excessivam
1009 1035 1180 1076 sanguinis
1198 1035 1403 1072 effusionem,
1420 1036 1590 1068 mediante
1605 1035 1803 1078 hujusmodi
1826 1035 1893 1068 vio-

503 1081 618 1120 lencia,
633 1080 751 1112 eadem
767 1079 913 1111 Ecclesia
928 1081 1042 1110 nostra
1057 1078 1186 1120 polluta
1201 1080 1371 1118 extiterat,
1395 1089 1472 1110 cum
1496 1079 1670 1112 Cimiterio
1693 1079 1858 1121 ejusdem,
1874 1090 1894 1112 a

503 1125 588 1167 jure,
602 1127 638 1155 et
649 1123 829 1155 interdicta
846 1133 854 1162 ;
870 1133 998 1164 nosque
1014 1125 1188 1163 propterea
1204 1122 1355 1164 predicta
1370 1122 1552 1154 Ecclesiam
1565 1126 1600 1154 et
1611 1123 1825 1156 cimiterium
1841 1134 1892 1155 re-

502 1168 726 1207 conciliantes,
745 1167 914 1208 prefatum
931 1166 1113 1198 Ricardum
1128 1166 1338 1206 nominatim,
1352 1169 1488 1207 propter
1502 1167 1711 1208 sacrilegium
1721 1170 1757 1199 et
1769 1167 1891 1199 violen-

503 1213 586 1244 ciam
599 1212 771 1243 antedicta
786 1214 856 1242 tam
872 1210 1053 1242 crudeliter
1065 1215 1100 1241 et
1110 1210 1240 1241 notorie
1252 1210 1437 1249 commissa,
1450 1220 1579 1242 necnon
1595 1221 1634 1242 ea
1650 1211 1720 1242 fieri
1733 1211 1893 1243 mandan-

503 1259 554 1288 tes
570 1267 607 1287 ac
629 1255 822 1294 consilium„
832 1254 1006 1293 auxilium,
1023 1254 1143 1285 dantes
1159 1254 1200 1284 ad
1216 1254 1332 1285 eadem
1348 1257 1384 1285 et
1398 1255 1547 1285 favorem
1565 1265 1573 1294 ς
1597 1254 1736 1296 Major-is
1752 1255 1891 1287 Excom—

503 1299 741 1332 municacionis
757 1298 950 1330 Sentencias
960 1307 980 1329 a
993 1298 1128 1329 Canone
1140 1297 1178 1328 Sa·
1193 1297 1276 1338 quis,
1290 1297 1444 1329 suadente
1455 1297 1593 1337 diabolo,
1608 1298 1687 1330 etin
1701 1298 1775 1330 aliis
1788 1298 1892 1331 Cano-

502 1344 612 1382 nibus,
624 1343 761 1384 provide
771 1342 865 1381 latas,
877 1346 912 1373 et
921 1342 1031 1382 ipsum
1046 1341 1226 1372 Ricardum
1236 1352 1273 1372 ac
1286 1341 1432 1382 prefatos
1443 1341 1619 1383 complices
1631 1352 1709 1373 suos
1718 1342 1895 1374 efficaciter

503 1390 662 1427 artantes,
675 1386 935 1427 dampnabiliter
950 1385 1138 1424 incurrisse,
1156 1387 1191 1416 et
1206 1395 1245 1416 ea
1261 1384 1430 1416 occasione
1441 1386 1771 1418 excommunicatum
1787 1389 1822 1418 et
1837 1396 1893 1418 ex-

502 1431 765 1463 communicatos
790 1429 895 1461 fuisse
910 1434 943 1460 et
961 1439 1043 1468 esse,
1068 1428 1257 1460 convocatis
1280 1428 1322 1459 ad
1346 1428 1407 1460 hec
1422 1429 1553 1461 dilectis
1570 1429 1744 1461 Fratribus
1760 1429 1894 1470 nostris,

503 1476 636 1507 Decano
650 1477 685 1506 et
697 1473 853 1514 Capitulo
866 1473 1004 1509 Exonie‚
1018 1483 1094 1503 cum
1108 1472 1200 1503 omni
1216 1472 1454 1513 solempnitate
1469 1483 1536 1514 qua
1551 1473 1665 1504 decuit
1677 1473 1893 1505 denunciavi-

501 1529 579 1551 mus
594 1521 630 1550 et
644 1517 887 1549 declaravimus
903 1517 938 1548 in
955 1518 1069 1547 nostra
1085 1516 1232 1548 Ecclesia
1247 1519 1441 1548 memorata.
1487 1517 1544 1556 Et,
1559 1526 1602 1548 ne
1617 1517 1707 1548 idem
1731 1517 1895 1549 Ricardus

454 1557 458 1560 ⁵
502 1563 646 1603 Gregem
664 1561 888 1600 Dominicum,
905 1560 1001 1591 nobis
1016 1560 1244 1599 commissum,
1261 1570 1320 1600 per
1334 1570 1430 1591 suam
1446 1559 1600 1592 illicitam
1622 1561 1893 1593 communionem

501 1606 628 1638 inficiat
643 1616 703 1637 sua
719 1604 804 1643 labe,
823 1604 917 1635 vobis
940 1603 1185 1638 committimus
1197 1606 1244 1635 et
1266 1604 1477 1640 mandamus,
1495 1607 1569 1644 etc.‚
1593 1604 1755 1645 quatinus
1777 1614 1894 1636 omnes

502 1650 656 1682 subditos
673 1652 801 1680 vestros
816 1648 858 1679 ad
872 1648 1019 1688 aliquem
1036 1647 1163 1679 Locum
1187 1650 1298 1678 vestre
1320 1647 1573 1679 Jurisdiccionis
1595 1647 1769 1689 insignem,
1794 1648 1893 1680 bene·

503 1694 631 1726 ficiatos
645 1695 680 1724 et
694 1693 776 1724 alios
791 1692 1004 1731 presbiteros,
1021 1690 1219 1730 convocetis,
1235 1694 1277 1722 ut
1287 1690 1412 1732 singuli
1427 1701 1544 1723 eorum
1560 1691 1755 1732 singillatim
1779 1702 1894 1734 super·
1911 1724 1914 1727 ,

504 1737 643 1779 pellicia,
656 1736 769 1776 stolas,
786 1739 821 1767 et
837 1736 990 1767 candelas
1006 1745 1119 1766 secum
1136 1734 1335 1774 deferentes,
1351 1737 1387 1766 et
1402 1734 1526 1766 ibidem
1551 1735 1753 1776 congregati,
1769 1735 1894 1767 eisdem

505 1780 746 1822 superpelliciis
762 1782 798 1811 et
813 1779 909 1811 stolis
932 1779 1056 1817 induti,
1074 1789 1142 1809 una
1165 1778 1336 1809 vobiscum
1352 1778 1483 1810 dictum
1510 1778 1700 1818 Ricardum,
1724 1789 1803 1811 cum
1825 1779 1897 1811 suis

504 1824 723 1865 complicibus
744 1823 934 1862 antedictis,
957 1833 998 1853 ex
1020 1822 1128 1853 causis
1152 1821 1319 1862 premissis
1342 1822 1450 1853 dictas
1467 1822 1603 1864 Major-is
1620 1823 1896 1854 Excommunica-

504 1869 608 1900 cionis
620 1867 814 1900 Sentencias
825 1866 1013 1906 incurrisse,
1024 1869 1059 1897 et
1074 1865 1403 1897 excommunicatum
1419 1876 1457 1897 ac
1471 1867 1778 1898 excommunicatos
1793 1866 1898 1898 fuisse

505 1916 542 1945 et
558 1923 639 1949 esse,
655 1911 798 1953 pulsatis
814 1910 994 1950 campanis,
1011 1912 1087 1948 etc.‚
1105 1909 1307 1940 auctoritate
1319 1909 1654 1941 nostiadenuncietis
1666 1913 1701 1941 et
1712 1909 1898 1949 declaretis,

505 1967 544 1988 ac
559 1966 617 1997 per
632 1955 767 1987 eosdem
783 1954 939 1986 subditos
955 1956 1084 1985 vestros
1093 1953 1253 1993 singulos,
1269 1953 1303 1983 in
1320 1953 1462 1993 singulis
1474 1953 1543 1985 suis
1555 1953 1711 1985 Ecclesiis
1722 1953 1898 1995 singulari-

505 2000 578 2039 bus,
596 1999 761 2030 similibus
778 1998 877 2029 modo
893 2002 929 2029 et
945 1996 1182 2038 solempnitate
1201 1997 1396 2027 denunciari
1415 2000 1451 2029 et
1473 1997 1633 2028 declarari
1655 1997 1808 2038 faciatis,'
1821 1997 1898 2028 Die-

507 2044 570 2075 bus
589 2042 773 2074 Dominicis
797 2044 832 2073 et
856 2041 1009 2080 Festivis,
1033 2050 1111 2072 cum
1134 2039 1243 2081 major
1259 2050 1394 2081 presens
1409 2040 1514 2072 fuerit
1530 2040 1646 2081 populi
1661 2040 1848 2073 multitudo
1863 2041 1899 2072 in

505 2087 642 2126 eisdem,
676 2095 854 2127 quousque
879 2085 969 2116 idem
998 2084 1162 2116 Ricardus
1194 2084 1392 2115 beneficium
1418 2083 1652 2116 Absolucionis
1677 2084 1712 2116 in
1739 2095 1778 2116 ea
1805 2087 1900 2125 parte

504 2130 702 2169 obtinuerit,
715 2132 755 2161 ut
766 2132 818 2160 est
828 2128 925 2170 juris,
938 2131 1042 2160 etc.-
1049 2127 1160 2159 Dated
1173 2130 1210 2158 at
1222 2127 1395 2166 Crediton,
1408 2128 1450 2160 28
1459 2128 1481 2160 J
1486 2127 1702 2169 uly.—Item,
1715 2127 1901 2160 consimilia

505 2175 668 2206 Mandata
683 2175 885 2204 emanarunt
900 2171 1153 2203 Archidiaconis
1175 2171 1344 2210 Tottonie,
1367 2171 1632 2212 Barnastapolie,
1656 2174 1694 2204 et
1717 2171 1898 2211 cornubie,

504 2229 563 2250 seu
581 2217 786 2250 Officialibus
802 2216 996 2247 eorundem.

461 2289 587 2327 Court
601 2289 642 2327 of
661 2288 913 2338 Oanterbury
931 2300 941 2335 3
960 2285 1152 2324 Dimissio
1170 2285 1336 2324 Domini
1349 2285 1392 2323 in
1410 2285 1538 2324 Curia
1554 2285 1901 2333 Cantuam'emi,—

353 2691 405 2718 sol.
420 2693 462 2719 ⁶1.

463 2344 563 2383 Item,
589 2341 713 2383 xxviij⁰
743 2342 797 2373 die
824 2341 951 2373 mensis
973 2340 1138 2382 ejusdem,
1162 2340 1305 2381 receptis
1328 2339 1450 2372 Literis
1473 2340 1610 2371 Domini
1635 2340 1793 2372 Officialis
1815 2340 1900 2372 Can-

505 2386 684 2419 tuariensis
708 2384 818 2424 Curie,
843 2385 876 2416 in
902 2385 963 2416 hec
988 2382 1348 2423 verba—Reverendo,
1375 2386 1453 2423 etc.‚
1481 2383 1620 2422 Thome‚
1645 2386 1719 2423 etc.‚
1743 2383 1902 2416 Officialis
1955 2391 1958 2393 ’

507 2430 609 2463 Curie
626 2429 890 2468 Cantuariensis,
907 2427 1054 2460 Ecclesie
1071 2427 1323 2459 cantuariensis
1345 2427 1432 2459 Sede
1448 2431 1597 2467 vacante,
1613 2427 1768 2467 salutem,
1792 2430 1901 2460 etc.—

506 2475 593 2507 Cum
625 2484 695 2512 nos,
726 2473 761 2504 in
793 2472 911 2505 Causis
942 2470 1188 2512 Appellacionis
1210 2471 1346 2510 directe,
1370 2480 1436 2511 que
1459 2471 1628 2502 occasione
1650 2470 1899 2503 fulminacionis

507 2517 645 2559 Majoris
681 2515 1047 2548 Excommunicacionis
1077 2514 1254 2546 sentencie
1284 2524 1322 2545 ac
1352 2514 1620 2546 denunciacionis
1657 2514 1820 2556 ejusdem,
1859 2517 1900 2546 ut

506 2561 759 2602 suggerebatur,
790 2559 962 2601 injuriose,
999 2558 1210 2599 aliorumque
1247 2558 1482 2598 gravaminum
1520 2558 1554 2590 in
1595 2558 1657 2589 hac
1687 2560 1784 2600 parte
1820 2568 1898 2600 sug-

505 2608 688 2646 gestorum,
719 2604 755 2635 in
793 2604 884 2634 dicta
922 2602 1025 2633 Curia
1061 2601 1148 2633 verti
1185 2601 1385 2642 sperabatur
1420 2601 1512 2633 inter
1548 2601 1747 2633 Milsandam
1780 2601 1896 2642 Erthe,

506 2649 692 2687 mulierem,
723 2649 833 2679 vestre
860 2645 1017 2685 Diocesis,
1049 2645 1186 2677 Partem
1207 2644 1443 2685 appellantem,
1470 2654 1513 2676 ex
1543 2648 1638 2686 parte
1661 2655 1737 2685 una,
1764 2648 1801 2678 et
1819 2654 1896 2686 sos,

507 2691 743 2724 Reverendum
774 2691 910 2722 Patrem
941 2688 1163 2728 antedictum,
1192 2688 1326 2719 Partem
1353 2688 1567 2729 appellatam,
1598 2698 1640 2720 ex
1669 2688 1786 2729 alters,
1816 2687 1895 2730 legi·

505 2737 590 2767 time
613 2734 841 2776 procedentes,
864 2733 990 2764 dictam
1015 2733 1150 2764 Partem
1171 2731 1406 2772 appellantem,
1430 2742 1470 2763 eo
1491 2731 1582 2773 quod
1606 2731 1751 2764 Causam
1772 2731 1894 2773 Appel-

506 2779 643 2811 lacionis
669 2788 739 2817 sue,
765 2777 895 2818 prefate
925 2776 1027 2808 Curie
1055 2775 1090 2807 in
1121 2775 1183 2806 hac
1210 2778 1304 2816 parte
1330 2778 1494 2816 suggests,
1520 2778 1622 2816 prout
1642 2775 1762 2807 debuit
1783 2785 1894 2817 prose-

506 2823 565 2864 qui
581 2833 649 2854 non
665 2821 806 2860 curavit,
824 2820 868 2852 ad
884 2829 1024 2851 examen
1039 2820 1202 2857 vestrum,
1215 2819 1250 2850 iu
1265 2819 1420 2860 expensis
1431 2818 1591 2859 legitimis
1602 2819 1894 2861 condempnatum,

505 2866 680 2898 taxacione
709 2863 890 2896 earundem
922 2863 1028 2902 nobis,
1059 2864 1121 2893 aut
1149 2861 1206 2893 alii
1232 2862 1322 2893 dicte
1353 2862 1454 2895 Curie
1485 2862 1683 2902 Presidenti,
1712 2864 1893 2902 reservata,

505 2909 734 2941 remiserimus
751 2917 811 2948 per
826 2907 1019 2945 Decretum,
1034 2905 1169 2946 justicia
1179 2906 1342 2938 suadente
1356 2916 1363 2944 ;
1382 2905 1583 2938 Paternitati
1594 2909 1704 2937 vestre
1715 2904 1896 2938 reverende

507 2956 624 2985 tenore
653 2950 868 2983 Presencium
898 2950 1096 2981 intimamus
1126 2948 1228 2990 quod,
1253 2948 1459 2980 Inhibicione
1489 2951 1703 2991 quacumque
1728 2948 1792 2980 sub
1815 2949 1896 2981 data
