1988 3256
302 333 330 375 4
831 339 931 372 ΤΗΕ
972 339 1214 374 REGISTER
1254 340 1315 374 OF

298 446 376 474 A.D.
461 447 635 496 recipere
669 446 828 494 valeas3
875 459 921 484 ac
958 444 1086 484 eidem
1120 445 1327 492 Antistiti‚
1359 448 1407 482 ut
1438 458 1584 483 munus
1613 444 1839 495 predictum

299 500 423 541 v01.‘11.
461 501 722 538 Auctoritate
754 504 892 538 nostra
920 499 1148 550 impendere
1176 498 1300 537 libere
1328 498 1405 537 tibi
1434 500 1572 549 possit,
1606 500 1766 549 plenam
1796 502 1839 538 et

459 554 626 593 liberam
645 554 897 592 concedimus
916 557 1055 592 tenore
1070 554 1326 592 Presencium
1344 553 1591 592 facultatem.
1625 553 1835 600 Volumus,

458 612 605 655 autem,
640 608 746 659 quod
783 608 889 647 idem
920 609 1107 646 Antistes
1137 609 1206 658 qui
1237 607 1313 645 tibi
1345 607 1547 657 prefatum
1585 621 1730 646 munus
1767 608 1837 645 im-

458 663 617 713 pendet,
656 666 869 713 postquam
905 661 1006 700 illud
1048 661 1125 699 tibi
1171 661 1422 712 impenderit,
1461 675 1486 699 a
1523 666 1575 708 te,
1614 666 1753 700 nostro
1794 666 1836 700 et

458 716 640 755 Romane
660 717 835 755 Ecclesie
863 717 1034 763 nomine,
1058 716 1286 754 Fidelitatis
1314 715 1449 754 debite
1477 716 1639 754 solitum
1668 717 1836 766 recipiat

454 772 739 821 juramentum,
760 772 879 821 juxta
906 770 1077 808 formam
1097 784 1215 821 quam
1244 769 1319 808 sub
1338 770 1458 808 Bulla
1477 774 1616 808 nostra
1634 771 1835 809 mittimus

454 826 713 863 interclusam
729 838 740 872 3
767 838 813 863 ac
832 825 1002 863 formam
1015 825 1235 874 juramenti
1250 823 1355 874 quod
1371 827 1412 862 te
1425 827 1605 874 prestare
1619 825 1835 876 contigerit

454 879 579 925 nobis,
614 879 664 917 de
692 878 815 917 verbo
842 879 894 917 ad
922 878 1100 925 verbum,
1130 892 1202 929 per
1229 882 1321 916 tuas
1347 882 1534 928 patentes
1563 878 1731 926 Literas,
1762 883 1834 917 tuo

453 934 583 984 sigillo
602 934 791 984 signatas,
813 946 884 983 per
910 933 1117 983 proprium
1145 933 1337 971 nuncium
1365 933 1602 983 quantocius
1630 933 1834 972 destinare

451 991 661 1037 procuret;
690 987 873 1038 quodque
900 1000 972 1037 per
998 987 1073 1025 hoc
1092 986 1329 1025 Venerabili
1348 987 1485 1024 Fratri
1512 990 1661 1034 nostro,
1683 987 1851 1038 Cantu-⁴

451 1042 599 1080 ariensi
618 1042 940 1092 Archiepiscopo,
962 1042 1027 1079 cui
1045 1041 1203 1091 prefata
1224 1041 1401 1079 Ecclesia
1426 1041 1726 1091 Metropolitico
1743 1043 1833 1092 jure

450 1095 610 1134 subesse
638 1095 870 1142 dinoscitur,
906 1096 1062 1133 nullum
1090 1096 1351 1145 imposterum
1375 1095 1641 1146 prejudicium
1674 1109 1832 1146 genere-

449 1150 697 1187 tur.—Data
717 1150 855 1197 Rome,
877 1149 985 1200 apud
1014 1150 1208 1188 Sanctum
1228 1150 1405 1196 Petrum,
1427 1150 1485 1200 iiij
1509 1150 1650 1188 Nonas
1669 1150 1827 1197 Marcii,

449 1204 715 1242 Pontificatus
734 1205 863 1242 nostri
882 1205 1006 1242 Anno
1025 1207 1167 1242 octavo
1187 1202 1228 1257 [5
1250 1203 1404 1251 March,
1429 1202 1628 1257 1369-70].

393 1279 701 1318 Memorandum
716 1280 822 1330 quod
837 1281 905 1330 ‘xvj
924 1279 988 1318 die
1003 1281 1149 1318 mensis
1165 1280 1278 1326 Maii,
1295 1280 1420 1318 Anno
1433 1280 1598 1318 Domini
1613 1281 1830 1320 Millesimo

447 1333 598 1372 00011ῐ10
633 1334 765 1381 lxxm0,
805 1334 913 1384 apud
949 1334 1363 1380 Westmonasterium,
1399 1334 1655 1373 Venerabilis
1693 1335 1827 1382 Pater,

445 1388 642 1426 Dominus
680 1388 862 1434 Thomas,
904 1388 1124 1438 Episcopus
1163 1388 1404 1426 Exoniensis
1441 1388 1658 1438 predictus,
1697 1390 1828 1440 primo

443 1441 588 1480 habuit
607 1443 844 1492 temporalia
862 1456 935 1480 sua
953 1456 977 1480 a
997 1443 1172 1480 Domino
1190 1446 1329 1480 nostro
1349 1442 1471 1493 Rege.

279 1517 368 1583 [1ἓ7Ρ
391 1519 509 1565 Item,
544 1518 846 1557 memorandum
876 1518 982 1569 quod
1010 1518 1143 1556 dictus
1172 1517 1429 1557 Venerabilis
1458 1518 1591 1566 Pater,
1621 1518 1687 1558 die
1712 1519 1828 1560 Lune

442 1573 625 1623 proxima
643 1577 735 1635 post
755 1573 919 1611 Festum
940 1573 1079 1610 Sancti
1098 1573 1127 1610 J
1129 1572 1243 1611 acob1
1258 1573 1457 1623 Apostoli,
1474 1572 1663 1612 videlicet
1677 1575 1827 1625 xxviij⁰

441 1627 507 1665 die
535 1628 682 1666 mensis
701 1627 729 1665 J
733 1627 816 1674 uln
838 1628 963 1665 Anno
983 1627 1148 1665 Domini
1169 1627 1385 1665 Millesimo
1406 1627 1556 1666 COOmo
1584 1629 1827 1679 septuagesi-

439 1694 504 1719 mo
545 1682 684 1731 primo,
718 1657 950 1719 Indiccione
989 1694 1106 1728 nona,
1147 1681 1413 1719 Pontificatus
1446 1682 1612 1719 Domini
1642 1682 1825 1733 Gregorii

440 1735 549 1785 Pape
570 1735 786 1774 Undecimi
806 1736 930 1773 Anno
950 1735 1096 1781 Primo,
1117 1735 1372 1785 presentibus
1392 1735 1592 1786 Magistro
1611 1736 1676 1774 W.
1695 1736 1820 1788 Byde,

439 1788 642 1828 Canonico
670 1789 964 1835 Saresbiriensi,
994 1802 1040 1827 ae
1075 1789 1250 1839 Hugone
1279 1789 1499 1851 Hiclynge,
1539 1789 1742 1829 Canonico
1778 1792 1822 1829 in

439 1843 617 1882 Ecclesia
654 1843 794 1881 Sancti
831 1843 980 1881 Thome
1017 1843 1201 1881 Martiris
1240 1843 1449 1894 Glasneye,
1487 1844 1531 1882 in
1569 1843 1733 1894 Capella
1771 1844 1822 1884 de

439 1897 733 1947 Chuddeleghe,
768 1897 898 1947 primo
930 1896 1108 1935 decrevit
1141 1897 1433 1935 Visitacionem
1463 1910 1576 1935 suam
1608 1898 1694 1937 fore
1726 1899 1821 1938 faci-

437 1951 583 1989 endam
594 1964 606 2000 3
634 1954 754 2001 prout
773 1964 823 1990 ex
842 1951 971 1989 altera
988 1955 1105 2001 parte
1123 1951 1241 1989 istius
1260 1950 1348 1989 folii
1361 1951 1518 2002 plenius
1516 1955 1820 2044 Sannotatum——

1546 2017 1753 2045 UARDEBY.

271 2078 381 2107 ¹³⁰¹·1b-
436 2080 701 2119 —Decretum
728 2080 1049 2127 Visitacionis,—

382 2135 435 2172 ΙΝ
472 2135 555 2172 Dm
594 2135 778 2182 NOMINE,
818 2134 1114 2182 Anam—Nos,
1154 2134 1336 2182 Thomas,
1375 2136 1633 2175 miseracione
1664 2137 1816 2177 Divina

437 2189 676 2227 Exoniensis
710 2189 941 2239 Episcopus,
974 2189 1094 2227 certis
1124 2202 1175 2227 ex
1212 2190 1341 2227 causis
1373 2193 1416 2228 et
1447 2190 1637 2241 legitimis
1667 2205 1740 2230 nos
1772 2196 1815 2232 et

434 2243 722 2281 conscienciam
754 2246 934 2281 nostram
965 2243 1010 2280 in
1042 2242 1117 2281 hac
1146 2246 1262 2293 parte
1291 2243 1557 2291 movent-ibus,
1593 2245 1813 2286 Ecclesiam

432 2300 611 2335 nostram
645 2296 937 2343 Cathedralem,
970 2297 1177 2335 Decanum
1210 2300 1252 2335 et
1280 2297 1525 2348 Capitulum,
1556 2299 1812 2352 singulosque

436 2351 667 2398 Canonicos,
690 2351 884 2398 Vicarios,
906 2354 948 2389 et
967 2351 1178 2389 Ministros
1197 2351 1376 2401 ejusdem
1396 2352 1572 2391 Ecclesie
1599 2358 1746 2402 nostre,
1768 2356 1812 2394 in

433 2405 563 2443 Domo
582 2405 807 2456 Capitulari
832 2405 992 2452 ibidem,
1013 2418 1059 2443 ac
1079 2404 1395 2444 Archidiaconos
1414 2410 1582 2454 nostros,
1604 2420 1740 2447 omnes
1769 2413 1812 2448 et

433 2460 621 2510 singulos,
642 2472 856 2510 eorumque
871 2459 1078 2506 Officiales,
1099 2472 1146 2497 ac
1165 2460 1299 2498 omnia
1314 2460 1514 2499 Beneficia
1530 2461 1811 2502 Ecclesiastico.

431 2513 547 2551 nobis
579 2513 771 2564 subjecta,
802 2513 963 2552 Olerum
993 2516 1035 2552 et
1062 2513 1254 2564 populum
1286 2517 1515 2552 nostrarum
1545 2515 1736 2555 Civitatis
1768 2522 1811 2557 et

433 2567 622 2614 Diocesis,
643 2568 722 2606 isto
749 2567 814 2606 die
837 2567 951 2606 Lune
979 2568 1160 2618 proximo
1187 2571 1278 2618 post
1297 2568 1462 2607 Festum
1481 2569 1622 2608 Sancti
1638 2570 1807 2634 Jacoby,

431 2597 630 2672 Apostoli,
644 2622 769 2660 Anno
784 2622 948 2660 Domini
963 2621 1179 2660 Millesimo
1193 2621 1343 2660 CCCm⁰
1358 2623 1649 2674 septuagesimo
1666 2625 1806 2675 primo,

430 2676 473 2713 in
492 2675 570 2714 hiis
589 2676 758 2726 Scriptis
777 2675 1026 2714 decernimus
1044 2688 1116 2726 per
1134 2689 1217 2723 nos,
1239 2676 1302 2715 vel
1317 2679 1474 2715 nostros
1494 2677 1805 2743 Commissarios,

428 2729 514 2769 fore
531 2730 746 2769 actualiter
763 2729 996 2769 visitandos.

427 2816 564 2855 —Pro
583 2816 734 2855 decima
752 2816 958 2863 triennali,
961 2840 1015 2845 --

265 2869 312 2901 [A.
317 2870 353 2898 D·
375 2869 557 2917 Thomas,
578 2874 667 2918 etc„
690 2870 893 2922 Religioso
921 2871 1018 2918 viro,
1040 2869 1171 2909 Priori
1199 2869 1409 2909 Prioratus
1436 2870 1486 2910 de
1514 2870 1802 2922 Launcestone,

265 2903 343 2970 1ῗο
427 2927 564 2964 nostre
592 2925 781 2972 Diocesis,
812 2925 994 2972 salutem,
1024 2924 1210 2977 graciam,
1239 2927 1282 2964 et
1310 2924 1642 2966 benediccionem.
1646 2926 1804 2968 —Cum
