1988 3256
297 363 392 409 316
509 375 609 410 ΤΗΕ
643 375 884 411 REGISTER
920 377 981 410 OF
1017 377 1195 418 BISHOP
1231 375 1634 414 BRANTYNGHAM.

298 479 374 540 A·7D·
445 481 894 523 etc.,—SacrisTCanonibus
917 482 1074 515 novimus
1097 493 1168 515 esse
1194 486 1335 516 cautum
1358 484 1449 525 quod
1471 484 1520 516 hii
1541 484 1601 527 qui
1622 484 1664 516 ad
1687 483 1838 525 regimen

297 515 392 574 {13013'1
446 526 671 559 Ecclesiarum
696 527 942 558 Parochialium
963 531 1195 567 assumuntur,
1219 530 1260 560 ut
1282 528 1401 569 Gregis
1422 528 1486 560 sibi
1499 528 1621 560 crediti
1636 527 1839 569 diligencius

355 567 362 574 ⁰
397 566 404 573 '
450 580 566 602 curam
583 573 722 611 possent
736 581 852 611 gerere
867 570 1068 610 animarum,
1085 571 1119 602 in
1136 571 1263 603 eisdem
1279 574 1443 604 tenentur
1457 571 1677 613 personaliter
1686 571 1842 603 residere.

454 614 728 655 Fidedignorum,
754 617 879 654 tamen,
902 614 1144 654 insinuacione,
1169 625 1208 646 ac
1230 615 1321 646 fama
1344 615 1478 656 publica
1499 615 1677 653 referente,
1700 615 1744 646 ad
1766 624 1841 646 nos·

453 662 546 689 trum
564 657 719 698 pervenit
734 657 893 690 auditum
908 657 999 700 quod
1017 658 1178 699 Magister
1193 659 1230 691 T.
1249 659 1410 697 Bredone,
1428 659 1551 691 Rector
1566 658 1713 690 Ecclesie
1728 657 1845 690 Sancti

453 702 591 742 Logani,
612 704 785 742 tamquam
803 701 1029 733 mercenarius
1053 712 1131 733 oves
1154 702 1305 743 proprias
1327 703 1495 742 deserens,
1513 713 1629 734 euram
1651 701 1842 733 animarum

451 745 515 776 sibi
530 745 743 777 commissam
759 745 906 786 necligit,
923 748 960 776 et
978 745 1159 777 Ecclesiam
1174 756 1270 777 suam
1287 746 1503 787 quamsepius
1519 746 1658 782 dimisit,
1676 748 1713 777 et
1727 744 1842 777 dimit-

451 790 497 822 tit
512 789 546 820 in
563 789 722 830 presenti,
737 789 873 829 penitus
895 789 1110 820 inofficiatam
1127 800 1135 829 ;
1158 789 1193 820 in
1217 789 1322 830 ipsius
1345 789 1497 822 Rectoris
1519 789 1631 821 anime
1653 789 1842 830 periculum

451 836 487 865 et
501 833 644 864 aliorum
660 832 884 873 perniciosum
908 832 1112 873 exemplum.
1159 833 1332 872 Nolentes,
1347 833 1464 874 igitur,
1483 833 1655 874 premissa,
1671 832 1760 864 sicut
1781 842 1844 863 nec

450 887 639 919 possumus,
658 875 801 908 ulterius
824 876 888 907 sub
910 875 1179 908 dissimulacione
1201 876 1459 909 conniventibus
1481 876 1586 908 oculis
1609 875 1812 917 pertransire
1831 885 1840 914 ;

451 920 546 952 vobis
569 920 779 959 mandamus,
796 922 871 958 etc.,
888 920 1050 960 quatinus
1074 920 1240 952 moneatis
1261 922 1298 952 et
1319 920 1498 952 efficaciter
1520 919 1690 951 inducatis
1711 918 1840 960 predic-

451 968 528 997 tum
545 965 732 1002 Rectorem,
750 963 969 1004 personaliter
983 963 1012 994 si
1026 963 1138 995 valeat
1159 963 1376 1005 apprehendi,
1392 964 1554 1005 quatinus
1569 963 1603 995 in
1620 963 1712 995 dicta
1727 962 1841 994 Eccle-

450 1009 498 1040 sia
513 1018 584 1047 sua,
600 1008 690 1039 infra
705 1017 855 1038 mensem
870 1017 890 1038 a
905 1010 1058 1048 tempore
1073 1007 1270 1039 Monicionis
1286 1010 1398 1039 vestre
1409 1007 1568 1039 continue
1578 1006 1839 1044 numerandum,

450 1051 672 1093 personaliter
686 1053 723 1082 et
739 1050 966 1082 effectualiter
981 1050 1138 1090 resideat,
1157 1054 1198 1083 ut
1213 1053 1361 1090 tenetur,
1377 1051 1441 1082 sub
1457 1061 1543 1092 pena
1557 1050 1644 1092 juris
1659 1061 1669 1089 ς
1692 1049 1842 1091 alioquin

449 1096 555 1137 ipsius
577 1096 845 1133 Procuratorem,
861 1094 889 1126 si
904 1104 1005 1135 quem
1028 1094 1214 1131 dimiserit3
1239 1094 1347 1134 aliter,
1359 1097 1488 1134 autem,
1506 1094 1640 1135 publice
1663 1092 1845 1125 Citacionis

449 1140 559 1172 edicto
581 1139 615 1170 in
640 1138 787 1170 Ecclesia
801 1148 863 1169 sua
878 1138 1037 1178 predicta,
1054 1148 1166 1169 coram
1189 1138 1398 1178 parochianis
1412 1137 1492 1177 suis,
1507 1138 1636 1169 Diebus
1660 1136 1845 1169 Dominicis

448 1186 484 1216 et
495 1182 650 1221 Festivis,
662 1182 796 1223 publice
809 1181 979 1222 proposito
994 1181 1120 1212 ibidem
1135 1184 1172 1213 et
1186 1182 1295 1221 affixo,
1306 1181 1398 1222 quod
1408 1185 1601 1222 compareat
1615 1190 1726 1212 coram
1737 1180 1844 1218 nobis,

448 1227 502 1259 vel
527 1229 683 1258 nostrum
705 1225 818 1257 locum
840 1227 990 1262 tenente,
1013 1225 1218 1266 ubicumque
1240 1225 1405 1256 fuerimus
1426 1224 1462 1256 in
1483 1224 1607 1256 nostris
1623 1224 1770 1257 Civitate
1792 1223 1847 1255 vel

448 1270 581 1303 Diocesi
603 1269 741 1308 Exonie,
757 1268 883 1311 iijoldie
905 1268 1058 1300 Juridico
1080 1272 1157 1309 post
1176 1268 1309 1309 lapsum
1331 1268 1415 1300 dicti
1437 1268 1571 1307 mensis,
1593 1267 1638 1299 ad
1658 1277 1844 1309 proponen-

450 1315 533 1346 dum
549 1323 682 1345 causam
699 1312 945 1349 raeionabilem,
962 1312 990 1343 si
1005 1322 1107 1352 quam
1131 1322 1192 1353 pro
1206 1322 1241 1343 se
1256 1311 1389 1351 habeat,
1405 1322 1510 1353 quare
1524 1311 1567 1343 ad
1582 1312 1618 1343 id
1633 1311 1772 1343 minime
1786 1310 1843 1342 de-

298 1356 358 1390 [f01·
374 1355 432 1390 39.]
445 1358 525 1390 beat
540 1356 704 1398 compelli,
719 1356 821 1397 juxta
837 1355 1004 1387 Canoniea
1019 1355 1186 1387 Instituta
1200 1355 1234 1387 in
1247 1355 1310 1387 hac
1320 1358 1428 1396 parte.
1477 1356 1524 1387 Et
1535 1355 1618 1396 quid
1629 1355 1664 1386 in
1674 1353 1844 1396 premissis

447 1401 606 1440 feceritis,
625 1411 694 1439 nos,
711 1400 797 1431 citra
812 1399 953 1431 Festum
969 1399 1085 1431 Sancti
1103 1399 1237 1430 Andree
1258 1399 1412 1440 proximo
1434 1398 1603 1439 futurum,
1625 1398 1787 1431 distincte
1809 1400 1846 1430 et

448 1448 565 1487 aperte
579 1443 781 1482 certificetis,
796 1445 901 1475 etc.—-
911 1443 1022 1475 Dated
1037 1445 1074 1475 at
1092 1443 1197 1484 Clyst,
1216 1444 1256 1475 23
1273 1443 1348 1475 Oct.

296 1500 356 1534 Ποῖ·
404 1500 698 1550 Illegitimaey3
729 1498 978 1546 [nspensacio
1006 1497 1173 1535 Ricardi
1204 1498 1343 1544 Clerlce,
1365 1498 1593 1536 auctoritate
1620 1497 1846 1535 Literarum

294 1535 370 1566 ΗΜ
459 1554 834 1604 Apostolicarum‚—

405 1611 506 1648 Item,
522 1608 647 1640 ibidem
663 1607 752 1648 apud
772 1606 896 1647 Clyste,
914 1605 1036 1647 xxviij⁰
1052 1605 1106 1637 die
1122 1606 1246 1637 mensis
1268 1606 1433 1646 Octobris,
1449 1605 1616 1638 Dominus
1638 1603 1847 1646 dispensavit

448 1663 527 1685 eum
542 1651 681 1683 Ricardo
691 1650 820 1689 Clerke‚
833 1649 974 1688 Scolare,
988 1649 1183 1681 Exoniensis
1197 1650 1353 1688 Diocesis,
1364 1650 1493 1682 virtute
1502 1649 1696 1681 Literarum
1708 1647 1844 1680 Domini

449 1695 623 1737 Stephani,
641 1695 703 1726 Dei
726 1694 835 1735 gracia
857 1693 964 1725 Tituli
988 1693 1102 1725 Sancti
1125 1693 1263 1725 Eusebii
1287 1694 1469 1725 Presbiteri
1492 1693 1689 1732 Cardinalis,
1708 1691 1844 1734 Majoris

448 1738 683 1772 Penitenciarii
706 1737 843 1769 Domini
866 1737 973 1768 nostri
996 1737 1095 1778 Pape,
1114 1740 1162 1776 ut,
1179 1747 1247 1768 non
1269 1737 1427 1769 obstante
1449 1737 1585 1769 defectu
1609 1735 1785 1774 natalium,
1801 1735 1844 1767 de

455 1783 642 1825 presbitero
658 1782 794 1823 genitus
810 1784 847 1812 et
862 1781 983 1819 soluta,
1000 1780 1106 1821 possit
1121 1780 1165 1811 ad
1180 1791 1295 1812 omnes
1312 1781 1455 1813 Ordines
1470 1780 1669 1822 promoveri,
1685 1782 1722 1812 et
1738 1779 1840 1811 Bene-

451 1827 565 1859 ficium
583 1825 864 1864 Ecclesiasticum,
881 1824 984 1855 eciam
1001 1827 1169 1863 curatum,
1186 1824 1348 1865 optinere,
1365 1828 1420 1856 etc

295 1883 359 1915 [f0¹·
409 1882 624 1932 Stapeldou
646 1879 751 1926 Hall,
774 1879 923 1917 Oxford
940 1892 952 1927 ;
983 1878 1312 1928 Gertzficacorium
1336 1878 1502 1929 Golleyii
1527 1879 1573 1917 de
1602 1878 1844 1928 Stapeldone·

296 1918 370 1948 “bl'
444 1937 548 1974 halle
569 1934 781 1980 ἀτοπίας-

408 1989 609 2028 Venerabili,
627 1991 704 2028 etc.,
722 1988 860 2026 Thome,
877 1990 952 2025 etc.,
972 1987 1154 2019 Exoniensi
1170 1987 1343 2028 Episcopo,
1357 1997 1486 2019 necnon
1499 1986 1687 2019 Fundatori
1703 1985 1842 2027 Collegii

451 2044 510 2065 seu
542 2033 630 2064 Aule
660 2033 702 2063 de
735 2031 1039 2072 Stapeldonehalle,
1067 2031 1102 2062 in
1131 2031 1363 2063 Universitate
1395 2031 1586 2070 Oxoniensi,
1617 2029 1845 2062 communiter

452 2076 652 2117 nuncupati,
680 2075 922 2106 Lincolniensis
945 2075 1103 2114 Diocesis,
1128 2075 1181 2106 sui
1204 2074 1349 2106 humiles
1372 2077 1408 2106 et
1437 2074 1552 2106 devoti
1576 2074 1645 2113 filii,
1674 2073 1843 2105 Robertus

452 2120 640 2158 Lideforde,
660 2120 782 2150 Rector
797 2118 950 2160 ejusdem
969 2118 1107 2159 collegii
1123 2129 1182 2149 seu
1199 2118 1285 2149 Aule
1309 2121 1420 2150 vestre
1443 2117 1602 2159 predicte,
1619 2127 1657 2149 ac
1681 2117 1843 2149 Ricardus

451 2164 636 2201 Roulonde,
670 2163 842 2194 Johannes
870 2162 1056 2201 Dedmour,
1085 2162 1286 2202 capellanus,
1315 2162 1459 2193 Thomas
1488 2160 1636 2200 Worthe,
1668 2160 1841 2193 Johannes

452 2208 581 2249 Henry,
593 2207 614 2239 J
618 2206 765 2238 ohannes
783 2206 875 2247 Coly,
891 2205 1054 2236 Ricardus
1070 2206 1196 2242 Brmm,
1208 2205 1379 2236 Johannes
1396 2205 1498 2243 More,
1514 2204 1684 2236 Martinus
1700 2203 1840 2236 Lerche—

451 2251 590 2289 dekene,
614 2249 819 2281 Lam-cneius
840 2250 982 2290 Stevyn,
1009 2249 1214 2289 Reginaldus
1238 2250 1338 2290 Povy,
1359 2253 1395 2280 et
1419 2248 1607 2279 Willelmus
1627 2247 1736 2287 Slade,
1755 2249 1839 2279 Con-

453 2295 532 2326 socii
548 2297 583 2326 et
607 2294 756 2325 Scolares
780 2292 884 2333 ipsius
906 2292 1045 2333 Collegii
1068 2302 1127 2323 seu
1151 2292 1238 2324 Aule
1260 2295 1372 2324 vestre
1396 2292 1576 2330 antedicte,
1601 2290 1838 2331 obedienciam,

452 2337 767 2370 ete—Mandatum
786 2336 1007 2367 l'aternitat-is
1030 2339 1142 2368 vestre
1165 2335 1362 2376 recepimus,
1378 2335 1442 2367 sub
1460 2345 1499 2367 eo
1521 2335 1580 2376 qui
1595 2335 1751 2376 sequitur
1765 2344 1838 2366 ver·

452 2383 573 2413 borum
590 2380 918 2419 tenore‚-Thomas,
931 2382 1007 2419 etc.,
1024 2379 1158 2411 Rectori
1174 2382 1210 2411 et
1226 2379 1416 2411 Scolaribus
1431 2389 1470 2410 ac
1483 2378 1651 2410 Consociis
1667 2378 1754 2410 Aule
1768 2378 1838 2409 sive

451 2426 580 2457 Domus
596 2428 711 2456 nostre
727 2424 761 2455 in
779 2423 1010 2455 Universitate
1026 2423 1217 2462 Oxouiensi,
1235 2422 1528 2463 Stapeldonehalle
1550 2421 1736 2463 vulgariter
1749 2431 1838 2453 nun-

451 2472 582 2510 cupate,
599 2468 754 2505 salutem,
772 2466 970 2506 ete—Quia
990 2477 1051 2497 nos
1077 2467 1260 2498 Henricum
1286 2466 1511 2504 Beaumonde,
1537 2465 1705 2505 clericum,
1722 2469 1837 2496 nostre
1979 2490 1988 2503 ’ἢ

451 2512 608 2550 Diocesis,
625 2512 712 2543 bone
735 2511 804 2542 vite
827 2513 862 2542 et
885 2510 1148 2542 conversacionis
1173 2510 1323 2548 honeste,
1348 2512 1419 2541 tam
1443 2519 1502 2550 per
1527 2509 1655 2540 Literas
1679 2511 1834 2549 patentes
1981 2508 1988 2549 ff]

451 2556 559 2597 sigillo
574 2554 783 2587 Venerabilis
798 2554 880 2593 Viri,
898 2553 1222 2594 Magistri'Willelmi
1239 2554 1486 2593 Rymyngtone,
1500 2553 1600 2584 Sacre
1616 2552 1740 2593 Pagine
1756 2552 1837 2584 Pro-
1978 2557 1988 2577 J!

449 2600 594 2639 sessoris,
612 2597 809 2631 Cancellarii
826 2597 1067 2629 Universitatis
1083 2596 1282 2629 Oxoniensis
1305 2596 1463 2637 predicte,
1481 2596 1640 2635 munitas,
1656 2605 1759 2637 quam
1774 2605 1836 2636 per

449 2643 590 2674 aliorum
609 2642 856 2682 fidedignorum
873 2640 1116 2680 testimonium,
1133 2640 1224 2681 apud
1240 2650 1300 2671 nos
1316 2639 1531 2671 laudabiliter
1546 2638 1831 2678 commendatum,
1885 2653 1891 2659 -

448 2687 492 2718 ad
514 2689 645 2718 statum
668 2689 704 2717 et
726 2685 869 2726 gradum
892 2694 970 2715 suos
992 2683 1164 2725 pristinos,
1190 2693 1274 2724 quos
1297 2683 1385 2714 idem
1411 2683 1577 2714 Heni-icus
1603 2683 1638 2714 in
1663 2682 1751 2714 Aula
1775 2692 1836 2714 seu

450 2731 559 2761 Domo
582 2732 698 2760 nostra
719 2728 852 2769 prefata
875 2738 983 2768 nuper
1005 2727 1165 2768 optinuit,
1188 2737 1208 2757 a
1230 2726 1353 2767 quibus
1376 2730 1494 2758 contra
1517 2727 1666 2765 Statum,
1691 2725 1832 2758 Ordina-

448 2774 570 2811 ciones,
589 2776 624 2805 et
636 2772 905 2804 eonsuetudines
921 2770 1105 2802 laudabiles
1118 2770 1204 2802 Aule
1220 2780 1279 2802 seu
1292 2771 1420 2801 Domus
1434 2769 1572 2810 prefate,
1583 2769 1695 2801 odiose
1705 2769 1834 2810 pariter

449 2820 486 2848 et
501 2816 637 2857 injuste,
656 2819 695 2847 ut
719 2814 957 2853 intelleximus,
981 2814 1144 2855 spoliatus
1166 2813 1284 2845 extitit
1307 2816 1343 2844 et
1366 2813 1548 2854 preclusus,
1571 2813 1672 2854 juxta
1694 2813 1837 2844 formam

299 2859 422 2890 [f01.45.]
450 2859 682 2892 submissionis
697 2862 817 2895 vestre,
838 2861 941 2899 prout
955 2857 990 2888 in
1007 2857 1239 2889 Instrumento
1256 2856 1403 2895 Publice,
1420 2857 1514 2897 signo
1537 2859 1573 2888 et
1587 2855 1834 2897 subscripcione

446 2903 624 2945 cujusdam
641 2902 781 2934 Roberti
796 2902 838 2932 de
857 2901 1043 2940 Lideforde,
1061 2900 1180 2937 clerici,
1198 2903 1313 2932 nostre
1330 2900 1486 2938 Diocesis,
1500 2899 1630 2931 Publici
1642 2898 1834 2940 Apostoliea

445 2950 481 2979 et
508 2945 678 2987 Imperiali
701 2945 916 2977 Auctoritate
939 2944 1082 2984 Notarii,
1105 2943 1301 2985 consignato
1324 2943 1455 2984 plenius
1481 2943 1686 2981 continetur,
1710 2939 1755 2974 xv‘
1777 2941 1831 2974 die

446 2991 569 3022 mensis
585 2990 606 3022 J
609 2989 747 3028 anuarii,
770 2989 852 3020 A.D.
870 2988 931 3020 M0.
952 2988 1035 3020 CCC
1051 2987 1147 3029 lxxij,
1164 2987 1199 3019 in
1215 2988 1324 3019 Domo
1346 2986 1533 3028 Capitulari
1556 2985 1702 3019 Ecclesie
1715 2988 1832 3018 nostre
