1988 3256
445 344 738 379 REGISTRUM
763 343 1221 379 coMMunn—ANNO
1249 333 1344 380 11⁰.
1555 332 1650 380 433

103 443 180 472 Α-Ὀ-
259 448 371 479 vestre
393 448 594 481 Paternitati
616 449 795 481 reverende
818 449 1027 489 mandamus,
1051 448 1194 480 firmiter
1223 448 1451 490 injungentes,
1475 446 1647 488 quatinus,

103 479 196 539 {733⁰}
261 494 411 523 scrutato
428 492 580 533 Registro
596 496 716 532 vestro,
734 493 990 525 Ordinacionem
1007 492 1201 534 predictam,
1212 502 1270 523 seu
1287 501 1398 523 veram
1415 491 1543 532 copiam
1560 490 1648 532 ejus-

161 532 168 540 ‘
198 533 205 540 '
260 534 348 573 dem,
374 535 466 567 dicto
494 536 638 568 Domino
664 537 813 576 Officiali,
838 537 944 576 nobis,
967 540 1028 567 aut
1054 536 1110 567 alii
1137 536 1225 567 dicte
1253 535 1353 568 Curie
1381 534 1578 573 presidenti,
1605 534 1648 565 ad

258 578 440 610 Ecclesiam
458 581 561 612 Beate
577 581 680 612 Mario
696 581 738 612 de
754 581 909 612 Arcubus
931 580 1128 622 predictam,
1145 579 1296 620 proximo
1319 579 1374 610 die
1396 578 1548 610 Juridico
1571 580 1648 618 post

261 621 400 654 Festum
429 623 546 655 Sancti
569 623 741 664 Bonifacii,
767 624 932 665 Episcopi,
955 623 1108 665 proximo
1129 623 1297 662 futurum,
1319 623 1383 654 sub
1405 622 1514 663 sigillo
1537 623 1648 652 vestro

259 664 402 698 fideliter
418 667 659 699 transmittatis
674 668 848 700 inclusam.
894 668 945 699 De
960 667 1023 707 die,
1041 677 1130 706 vero,
1146 667 1347 708 recepeionis
1371 665 1595 703 Presencium,
1612 668 1648 696 et

258 709 342 749 quid
364 710 398 741 in
422 711 593 751 premissis
614 711 772 749 feceritis,
789 711 920 743 dictum
945 711 1129 742 Dominum
1153 710 1344 749 officialem,
1361 720 1433 748 nos,
1459 712 1520 741 aut
1541 708 1646 740 alium

259 752 349 784 dicte
367 754 466 785 Curie
483 755 723 794 Presidentem,
740 755 839 786 dictis
855 755 909 786 die
924 757 959 786 et
980 754 1063 793 loco,
1083 754 1264 785 certificare
1286 754 1411 785 curetis
1435 763 1493 794 per
1515 752 1646 784 Literns

259 799 396 836 vestras,
414 801 477 830 etc.
502 798 627 838 (Dated
646 799 798 837 London,
817 799 836 830 9
853 798 1143 838 May).—Verum,
1168 797 1248 838 quia
1270 797 1342 829 aliis
1365 797 1479 828 arduis
1502 795 1646 836 negociis

262 840 385 881 Regiis,
411 845 445 872 et
470 842 614 873 Ecclesie
637 845 761 881 nostre,
785 842 1018 883 multipliciter
1039 841 1216 883 prepediti,
1240 851 1308 872 non
1335 851 1514 882 possumus
1536 840 1645 870 eidem

260 883 353 915 Parti
381 885 578 926 querelanti,
601 886 690 917 iufra
716 892 851 927 tempus
876 886 973 916 nobis
998 885 1033 916 in
1061 885 1152 917 dicto
1175 885 1336 916 Mandata
1359 887 1471 915 vestro
1493 883 1646 923 superius

261 927 458 967 limitatum,
486 939 588 970 super
618 929 788 970 premissis
818 929 925 960 facere
950 928 1086 970 justicie
1113 928 1409 969 complementum,
1437 937 1499 959 nec
1521 927 1646 958 dictam

262 970 397 1003 Partem
414 973 619 1013 querelatam
644 973 756 1012 citare,
773 973 929 1004 volumus
951 976 987 1004 et
1009 972 1223 1004 concedimus
1245 972 1337 1013 quod
1359 972 1489 1002 dictum
1513 970 1648 1011 querele

260 1015 445 1055 negocium,
462 1026 540 1048 cum
563 1016 720 1048 omnibus
735 1016 805 1048 suis
827 1016 1087 1056 emergentibus,
1104 1015 1383 1056 dependentibus,
1408 1014 1647 1052 incidentibus,

260 1061 295 1089 et
310 1061 478 1099 connexis,
495 1060 529 1091 in
546 1060 675 1101 prefata
691 1060 794 1092 Curia
815 1063 991 1100 tractetur,
1007 1063 1043 1092 et
1064 1060 1099 1091 in
1123 1059 1240 1091 eadem
1263 1059 1329 1091 tine
1351 1058 1467 1090 debito
1489 1057 1646 1089 termine-

262 1103 487 1134 tur.—Dated
506 1104 657 1142 London,
674 1105 714 1135 24
731 1103 824 1145 July.

108 1162 187 1223 Ξξζι·
217 1166 273 1205 St.
297 1167 458 1206 Clether
473 1182 484 1216 3
512 1167 755 1218 Sequescmm
782 1169 826 1207 in
845 1169 1044 1218 fructibus
1073 1168 1245 1206 Recto‘rz'e
1272 1167 1410 1206 Sancti
1442 1166 1583 1213 Oledri,
1615 1172 1650 1204 et

107 1238 175 1258 nen.
275 1221 430 1271 capelle
447 1237 511 1261 seu
531 1222 720 1263 Cantarie
737 1237 800 1261 sue
817 1224 927 1272 apud
944 1224 1130 1262 Sanctum
1149 1223 1421 1268 Austolum‚-

218 1274 373 1315 Thomas,
393 1279 464 1316 etc.,
484 1277 624 1309 officiali
639 1281 752 1309 nostre
769 1277 948 1309 Peculiaris
972 1277 994 1309 J
997 1277 1226 1309 urisdiccionis
1241 1277 1276 1308 in
1294 1276 1474 1316 cornubia,
1491 1275 1648 1314 salutem,

262 1320 425 1352 ete—Ad
452 1324 602 1352 nostram
631 1321 840 1353 audienciam
868 1324 921 1352 est
950 1321 1135 1352 deductum
1163 1321 1253 1361 quod
1287 1320 1448 1351 Ricardus
1476 1319 1651 1358 Whitfote,

262 1364 385 1395 Rector
407 1364 554 1396 Ecclesie
578 1365 778 1396 Parochialis
802 1365 918 1397 Sancti
944 1364 1066 1404 Clodii,
1095 1364 1130 1396 in
1155 1364 1327 1396 Cornubia
1353 1364 1515 1404 predicta,
1538 1362 1651 1402 plures

262 1407 415 1439 deiectus
437 1408 601 1439 notabiles
623 1412 695 1440 tam
718 1409 752 1440 in
778 1409 941 1440 Cancellis
965 1408 1110 1439 Ecclesie
1135 1408 1281 1448 predicte
1311 1410 1347 1438 et
1379 1407 1512 1448 Capelle
1536 1405 1652 1438 Sancti

262 1450 441 1491 Michaelis,
466 1452 502 1483 in
530 1452 703 1484 Cimiterio
735 1452 880 1483 Ecclesie
906 1452 1022 1484 Sancti
1048 1451 1192 1490 Austoli,
1224 1451 1370 1482 Ecclesie
1400 1450 1516 1482 Sancti
1539 1449 1653 1482 Cledri

263 1504 401 1534 annexe,
418 1505 521 1536 quam
536 1496 570 1526 in
588 1495 745 1527 domibus
761 1498 797 1527 et
819 1495 982 1527 clausuris
997 1495 1150 1536 ejusdem
1171 1494 1325 1526 Rectorie
1341 1497 1376 1525 et
1392 1493 1526 1535 Capelle
1550 1493 1651 1534 perti-

265 1538 434 1577 nentibus,
452 1549 514 1570 sua
530 1539 734 1580 negligencia
750 1543 785 1570 et
799 1539 928 1570 incuria
943 1539 1091 1570 dimittit
1106 1539 1235 1570 notorie
1258 1539 1460 1569 incorrectos
1476 1547 1484 1576 3
1507 1547 1568 1568 nec
1591 1537 1652 1567 Ec-

264 1581 360 1612 clesie
383 1589 444 1613 aut
468 1582 601 1622 Capelle
625 1582 762 1623 prefatis
785 1582 916 1622 officiat,
942 1586 982 1614 ut
1006 1585 1151 1622 tenetur,
1175 1586 1228 1613 set
1250 1582 1292 1613 ab
1316 1581 1372 1620 eis,
1389 1581 1516 1622 absque
1538 1582 1654 1611 nostra

265 1625 417 1656 Licencia
440 1629 476 1656 et
498 1636 597 1657 causa
619 1626 821 1666 racionabili,
838 1626 872 1657 in
896 1636 996 1665 grave
1018 1626 1129 1657 anime
1145 1636 1203 1657 sue
1221 1625 1418 1666 periculum,
1435 1635 1470 1656 se
1484 1624 1650 1655 absentat.

264 1668 376 1708 Vobis,
401 1669 514 1708 igitur,
531 1670 786 1708 committimus,
812 1673 886 1709 etc.‚
909 1669 1080 1711 quatinus,
1105 1669 1134 1700 si
1155 1672 1209 1700 est
1230 1669 1288 1707 ita,
1305 1669 1448 1708 fructus,
1471 1671 1549 1707 etc.,
1573 1666 1656 1698 dicti

266 1711 403 1744 Domini
430 1713 571 1752 Ricardi,
600 1716 671 1745 tam
701 1717 873 1754 presentes
903 1723 1004 1754 quatu
1029 1713 1174 1751 futuros,
1197 1713 1286 1744 infra
1307 1715 1458 1743 nostram
1487 1711 1654 1743 Diocesim

265 1755 458 1795 existentes,
475 1757 509 1787 iu
533 1767 825 1798 quorumcumque
841 1757 998 1788 manibus
1021 1756 1158 1795 fuerint,
1175 1755 1401 1796 sequestretis,
1419 1758 1454 1786 et
1476 1755 1541 1786 sub
1563 1754 1655 1786 salvo

264 1800 427 1831 custodiri
441 1800 574 1832 faciatis
590 1800 781 1841 Sequestro,
799 1810 976 1841 quousque
999 1799 1239 1840 indempnitati
1255 1799 1423 1830 dictarum
1450 1798 1594 1830 Ecclesie
1617 1800 1652 1829 et

265 1843 408 1883 Capelle,
425 1854 492 1885 quo
507 1844 549 1875 ad
566 1844 810 1885 reparacionem
827 1844 1034 1885 hujusmodi,
1051 1843 1155 1874 fuerit
1171 1843 1352 1884 provisum,
1369 1845 1405 1873 et
1427 1842 1519 1874 aliud
1541 1841 1620 1873 inde
1635 1851 1655 1872 a

263 1886 358 1918 nobis
376 1887 560 1918 habueritis
576 1887 610 1919 in
628 1887 963 1919 mandatis—Dated
976 1890 1011 1919 at
1024 1887 1213 1929 Faringdon
1225 1886 1371 1927 (Hants),
1387 1886 1428 1918 18
1445 1885 1654 1927 September.

221 1933 355 1990 Lifton
372 1966 383 2000 3
411 1953 474 1990 Sir
493 1953 641 1992 Robert
663 1953 860 2000 Raundes,
884 1954 999 1999 R.,--

222 2006 360 2038 Licence
376 2007 411 2038 of
426 2008 677 2039 non-residence
693 2008 745 2039 for
759 2019 779 2039 a
793 2018 894 2049 year-3
919 2008 982 2039 and
1002 2007 1060 2039 the
1084 2007 1337 2049 Sequestration
1361 2006 1396 2037 of
1419 2006 1471 2038 his
1494 2015 1655 2037 revenues

264 2051 420 2082 removed
438 2051 603 2090 (London,
621 2052 663 2084 30
680 2052 798 2092 Sept).

105 618 157 646 101.

106 654 168 681 841).

221 2116 681 2168 Letters-Dimissory,—
1327 2164 1329 2166 q

221 2170 312 2202 John
328 2171 469 2213 Averey,
486 2172 619 2212 deacon,
637 2172 708 2203 “ad
725 2171 887 2204 Ordinem
905 2171 1152 2204 presbiteratus
1166 2171 1184 2184 '⁹
1202 2170 1306 2211 (same
1322 2170 1425 2211 (late).

112 2233 210 2295 ἓξὲξ-0·
229 2236 426 2275 Oratories
444 2250 453 2283 ;
488 2237 642 2275 Licence
661 2244 697 2275 to
715 2238 961 2284 celebrate,—

223 2291 322 2330 Item,
347 2291 482 2330 ibidem,
505 2291 587 2332 iiijto
609 2291 663 2322 die
686 2292 849 2330 Octobris,
874 2291 1003 2323 Nobilis
1028 2291 1158 2330 Mulier,
1183 2290 1327 2322 Domina
1350 2289 1515 2329 Johanna,
1539 2289 1654 2321 relicta

265 2335 435 2375 quondam
467 2335 598 2366 Nobilis
624 2335 706 2375 Viri,
731 2335 868 2367 Domini
892 2334 1060 2367 «Iohannis
1088 2334 1312 2373 Beaumonde,
1338 2334 1465 2373 Militis,
1489 2333 1652 2372 defuncti,

265 2378 384 2409 habuit
408 2378 594 2410 Licenciam
619 2379 662 2410 de
691 2378 849 2410 celebrari
878 2379 1039 2417 faciendo,
1063 2382 1140 2417 ete,
1164 2378 1199 2409 in
1231 2377 1374 2418 Capellis
1405 2388 1462 2408 seu
1492 2377 1653 2408 Oratoriis

263 2421 351 2452 infra
368 2422 515 2453 Maneria
531 2432 591 2453 sua
606 2433 664 2454 seu
684 2422 919 2454 Habitaciones
943 2422 1148 2463 ubicumque
1170 2421 1258 2453 iufra
1274 2424 1404 2452 nostras
1421 2420 1601 2452 Civitatem
1619 2423 1654 2451 et

267 2464 432 2496 Diocesim
450 2466 654 2497 Exonienses
670 2466 797 2497 situata
814 2477 821 2504 ;
845 2466 1020 2507 quamdin,
1039 2469 1102 2497 ete.

222 2525 377 2572 Exeter,
399 2526 456 2564 St.
478 2526 781 2576 Mary-Arches;
810 2526 873 2564 Sir
892 2525 998 2564 John
1021 2526 1135 2576 Frye,
1157 2525 1273 2571 R„—

221 2578 361 2610 Licence
376 2579 411 2610 of
426 2580 678 2612 non-residence
695 2580 715 2595 “
727 2590 825 2611 causa
841 2580 947 2612 studii
960 2580 978 2593 ”
995 2580 1161 2620 (Lond0n‚
1179 2580 1198 2610 6
1215 2578 1313 2618 Oct).

222 2638 483 2689 Redemption
504 2640 545 2678 of
564 2640 749 2690 Captives
767 2653 776 2687 3
804 2640 1061 2690 Indulqencia
1073 2653 1150 2689 pro
1169 2639 1400 2688 captivis,—

222 2692 320 2732 Item,
336 2693 471 2732 ibidem,
487 2694 522 2735 xj
540 2694 594 2725 die
610 2693 774 2733 Octobris,
791 2694 958 2725 Dominus
974 2694 1137 2726 concessit
1154 2693 1189 2725 xl
1211 2694 1281 2724 dies
1304 2692 1522 2733 Indulgeucie
1543 2693 1649 2724 omni-

265 2735 328 2767 bus
345 2746 465 2768 manus
479 2737 662 2778 adjutrices
679 2738 927 2778 porrigentibus
942 2738 985 2769 nd
1003 2737 1283 2778 Redempcionem
1311 2737 1448 2768 Henrici
1472 2736 1647 2777 Chyvaler,

265 2779 404 2811 Roberti
430 2781 539 2820 Blake,
562 2780 726 2812 Johannis
754 2781 910 2822 Dighere,
938 2781 1104 2813 Johaunis
1128 2781 1223 2819 Stile,
1248 2783 1283 2811 et
1307 2780 1464 2811 willelmi
1488 2780 1648 2819 Godzare,

264 2823 481 2863 mam'nornm,
499 2834 556 2864 per
570 2824 723 2855 inimicos
739 2827 773 2855 et
789 2824 912 2865 piratas
929 2825 1066 2856 Francis
1090 2827 1264 2865 captorum
1280 2834 1289 2862 3
1313 2833 1420 2864 usque
1442 2823 1485 2854 ud
1509 2823 1649 2855 Festum
1679 2832 1683 2835 ’

266 2866 513 2898 Purificacionis
531 2868 631 2898 Beate
649 2867 751 2899 Marie
767 2868 918 2909 proximo
930 2878 1020 2899 nunc
1035 2868 1193 2903 futurum
1205 2867 1443 2898 tantummodo
1458 2866 1647 2899 duraturas.

112 2923 161 2951 ⁶²¹·
171 2924 214 2951 ⁸⁵·
224 2926 282 2964 St.
307 2927 447 2979 Hilary
462 2940 474 2976 3
503 2927 740 2966 Mandatum
759 2934 894 2966 contra
910 2928 949 2966 J.
971 2928 1178 2966 Browdrer
1195 2929 1344 2977 ejusque
1353 2927 1542 2977 fautores,
1571 2934 1648 2975 ete,

252 2986 337 3030 2Ε
