1988 3256
300 284 362 329 66

300 398 376 426 Α.Ι).

299 433 404 460 1380-1.

298 466 364 527 Ypl.

303 1193 357 1220 fol.

500 294 601 329 THE
642 294 884 329 REGISTER
925 293 985 328 OF
1020 293 1202 328 BISHOP
1235 293 1642 330 BRANTYNGHAM.

454 400 663 443 proponendi
693 400 728 432 in
758 400 916 432 futurum
946 399 1169 441 preclusimus
1199 410 1259 441 per
1289 400 1492 439 decretum3
1523 403 1568 440 et,
1595 398 1846 439 nichilominus,

456 445 711 476 exhabundanti
726 444 883 476 omnibus
899 454 1044 485 quorum
1060 445 1210 482 interest,
1227 454 1286 476 seu
1302 444 1464 476 interesse
1479 444 1607 486 poterit
1621 443 1658 476 in
1673 444 1736 475 hac
1750 445 1848 485 parte

457 489 657 530 generaliter
672 488 915 529 assignavimus
927 488 1193 529 peremptorium
1203 488 1387 519 terminum
1404 488 1446 519 ad
1463 488 1726 530 comparendum
1735 496 1848 521 coram

456 533 559 572 vobis,
576 532 602 564 si
620 533 666 564 eis
689 532 861 563 videbitur
884 532 1051 573 expedire,
1077 531 1112 562 in
1137 531 1272 573 Capella
1297 532 1446 573 Hospicii
1469 532 1573 563 vestri
1595 530 1847 571 Londoniensis,

457 577 608 618 proximo
634 576 688 607 die
711 575 857 617 juridico
881 579 957 617 post
981 576 1121 607 Festum
1146 576 1268 607 Sancte
1292 576 1483 615 Scolastice,
1508 576 1669 617 Virginis,
1695 574 1848 617 proximo

455 621 622 660 futurum,
640 620 879 652 discussionem
897 623 932 651 et
949 619 1250 651 confirmacionem
1266 620 1356 651 dicte
1379 620 1564 652 Eleccionis
1581 619 1685 651 visuri
1700 622 1737 651 et
1751 618 1848 650 audi-

455 664 536 703 turi,
553 664 676 695 facturi
699 663 842 695 ulterius
865 666 901 695 et
923 663 1092 704 recepturi
1115 664 1206 704 quod
1231 664 1377 704 qualitas
1400 663 1675 696 Confirmacionis
1699 662 1850 704 predicte

455 708 561 749 exigit
583 710 619 740 et
641 710 774 739 natura.
835 708 876 739 In
899 717 1045 748 quorum
1068 707 1220 738 omnium
1244 707 1477 739 testimonium
1501 707 1565 739 hiis
1589 707 1710 739 Literis
1726 705 1851 739 nostris

455 752 575 785 clausis
590 758 625 783 et
642 751 836 793 patentibus
852 751 959 791 sigilla
974 750 1163 782 Vicariatus
1178 751 1284 783 vestri
1299 754 1334 783 et
1350 751 1585 783 Archi-diaconi
1600 751 1767 790 Tottonie,
1783 759 1851 791 que

456 797 499 828 ad
521 806 642 827 manus
671 795 844 833 habemus,
870 795 1087 826 Presentibus
1112 795 1273 826 duximus
1301 795 1687 836 apponenda.—Datum
1710 793 1850 831 Exonie,

456 840 577 882 quinto
592 840 646 871 die
662 839 785 870 mensis
803 839 984 878 Februarii,
1002 838 1101 870 Anno
1119 839 1254 870 Domini
1266 839 1471 880 supradicto,

413 882 654 924 —Proroyacio
669 883 737 915 diei
751 882 913 924 assiynate
927 893 1028 924 ‘usque
1042 883 1087 915 ad
1102 885 1335 923 crastinam,—

413 931 498 970 Quo,
516 927 663 969 quidem,
680 927 734 958 die
752 927 846 958 Lune
869 927 1079 967 adveniente,
1096 930 1289 968 presentato
1305 927 1462 966 Domino,
1478 927 1513 958 in
1532 927 1623 959 dicta
1638 936 1700 958 sua
1715 924 1853 967 Capella
1878 951 1882 958 .

457 971 692 1009 Londoniensi,
718 970 959 1002 Certificatorio
982 971 1176 1012 prescripto,
1195 971 1361 1002 Dominus
1385 971 1598 1002 continuavit
1613 977 1648 1002 et
1660 969 1851 1011 prorogavit

455 1016 557 1048 istam
573 1015 663 1046 diem
687 1015 783 1046 Lune
808 1024 915 1056 usque
941 1014 974 1045 in
1002 1015 1094 1046 diem
1119 1015 1310 1055 crastinam,
1328 1015 1485 1046 videlicet
1511 1015 1601 1046 diem
1626 1013 1746 1045 Martis
1768 1016 1854 1046 tunc

454 1059 608 1102 proximo
634 1058 797 1097 futuram,
814 1059 857 1089 ad
882 1058 1075 1090 faciendum
1101 1058 1137 1090 in
1164 1058 1300 1099 negocio
1324 1058 1523 1100 hujusmodi
1550 1057 1733 1090 Eleccionis
1759 1057 1854 1099 quod

455 1102 634 1135 dictaverit
656 1102 737 1133 ordo
759 1102 854 1143 juris.
901 1102 984 1142 Quo,
1008 1102 1157 1143 quidem,
1174 1103 1228 1133 die
1253 1103 1380 1142 Martis,
1397 1102 1553 1134 videlicet
1576 1101 1776 1134 duodecima
1797 1101 1852 1133 die

455 1146 580 1180 mensis
604 1146 775 1177 Februarii
799 1145 941 1187 predicti
963 1146 1171 1185 adveniente,
1196 1146 1313 1178 Electo
1336 1151 1371 1178 et
1394 1146 1670 1178 Procuratoribus
1693 1145 1853 1186 predictis

454 1200 565 1223 coram
591 1189 736 1221 Domino
762 1189 797 1221 in
826 1189 961 1230 Capella
990 1200 1051 1221 sua
1081 1190 1231 1231 predicta
1257 1190 1476 1231 personaliter
1505 1189 1787 1231 comparentibus,
1814 1199 1854 1221 ac

456 1234 666 1266 Eleccionem
696 1233 893 1275 hujusmodi
923 1233 1112 1265 confirmari
1142 1235 1347 1274 petentibus,
1375 1234 1594 1275 exhibitaque
1623 1233 1750 1265 ibidem
1785 1243 1853 1265 una

456 1278 569 1311 Litera
578 1277 710 1319 patenti
721 1277 785 1308 sub
797 1276 904 1318 sigillo
917 1278 1103 1309 Reverendi
1116 1278 1224 1309 Patris
1231 1278 1368 1309 Domini
1378 1278 1537 1309 Willelmi
1549 1277 1606 1318 [de
1616 1276 1853 1319 CourtenayeJ,

456 1321 521 1353 Dei
536 1321 647 1362 gracia
670 1321 912 1352 Londoniensis
942 1321 1106 1362 Episcopi,
1122 1321 1222 1362 cujus
1248 1325 1346 1353 tenor
1369 1322 1524 1363 sequitur
1549 1322 1585 1353 in
1612 1321 1674 1353 hee
1697 1321 1853 1361 verba,—

456 1364 656 1404 Venerabili,
676 1367 749 1404 ete,
763 1364 902 1401 Thome,
918 1367 992 1402 etc„
1011 1365 1208 1405 Willelmus‚
1224 1365 1421 1398 etc—Cum
1439 1365 1626 1406 Religiosus
1641 1365 1702 1405 vir,
1727 1365 1852 1406 Domp-

455 1420 521 1441 nus
536 1409 682 1440 Thomas
703 1408 878 1449 Cullynge,
895 1408 930 1439 in
946 1409 1115 1440 Abbatem
1136 1407 1335 1441 Monasterii
1355 1409 1576 1450 Tavystochie
1598 1409 1735 1449 electus,
1751 1418 1854 1450 penes

457 1452 701 1484 Paternitatem
727 1458 875 1484 vestram
899 1463 959 1493 pro
986 1452 1159 1484 Eleccione
1179 1453 1378 1494 hujusmodi
1400 1454 1442 1484 de
1471 1453 1544 1494 ipso
1570 1453 1660 1485 facta
1687 1452 1854 1485 Canonice

456 1496 684 1528 confirmanda
709 1495 874 1527 institerit
901 1501 936 1527 et
965 1496 1125 1535 insistat3
1159 1497 1202 1528 ad
1229 1497 1490 1537 procedendum,
1513 1497 1629 1538 igitur,
1654 1497 1690 1528 in
1714 1496 1852 1538 negocio

457 1539 732 1574 confirmacionis
747 1540 800 1583 vel
827 1539 1021 1571 cassacionis
1044 1540 1241 1581 hujusmodi
1269 1541 1452 1572 Eleccionis
1476 1541 1511 1572 in
1540 1540 1675 1582 Capella
1689 1543 1802 1572 vestra
1817 1540 1852 1572 in

457 1584 621 1616 suburbio
648 1587 762 1615 nostre
788 1583 944 1615 Civitatis
969 1584 1231 1624 Londoniarum,
1257 1585 1314 1616 vel'
1330 1584 1409 1616 alibi
1436 1584 1563 1626 ubique
1588 1584 1678 1616 infra
1701 1587 1852 1616 nostram

459 1628 641 1660 Civitatem
656 1627 710 1659 vel
726 1627 892 1659 Diocesim
917 1628 1178 1668 Londoniarum,
1195 1631 1297 1670 prout
1319 1628 1476 1670 expedire
1492 1628 1655 1668 videritis,
1672 1628 1852 1670 ipsumque

456 1671 632 1713 negocium
648 1671 715 1703 fine
730 1671 844 1702 debito
860 1671 1112 1703 terminandum
1131 1683 1139 1711 ;
1155 1682 1294 1710 necnon,
1315 1672 1423 1704 eidem
1439 1672 1644 1704 Monasterio
1655 1672 1698 1704 de
1713 1682 1854 1714 persona.

456 1717 588 1758 ydonea
603 1715 860 1756 providendum,
876 1715 1052 1756 ipsamque
1067 1726 1243 1756 personam
1258 1716 1293 1747 in
1307 1716 1473 1747 Abbatem
1487 1716 1640 1758 ejusdem
1655 1715 1853 1748 Monasterii

457 1759 708 1801 preficiendum,
725 1769 763 1790 ac
783 1758 910 1790 Abbati
936 1759 1134 1800 hujusmodi
1162 1769 1286 1791 munus
1305 1759 1555 1791 Benediccionis
1573 1759 1850 1801 impendendum,

456 1803 637 1844 omniaque
647 1802 710 1834 alia
721 1805 758 1834 et
768 1802 900 1843 singula
915 1803 950 1834 in
966 1803 1135 1843 premissis
1151 1804 1332 1835 necessaria
1347 1803 1538 1835 faciendum
1548 1806 1584 1835 et
1593 1803 1852 1844 expediendum,

458 1847 661 1880 Paternitati
673 1850 783 1878 vestre
795 1849 910 1878 tenore
926 1847 1139 1878 Presencium
1150 1847 1336 1878 Licenciam
1353 1847 1566 1879 concedimus
1579 1847 1763 1888 specialem.
1810 1848 1851 1880 In

457 1891 558 1933 cujus
575 1890 623 1922 rei
639 1890 873 1922 testimonium
889 1890 1036 1931 sigillum
1052 1893 1208 1922 nostrum
1230 1891 1372 1922 fecimus
1394 1890 1459 1922 hiis
1481 1891 1749 1932 apponi—Data
1765 1891 1851 1923 Lon·

458 1935 577 1973 doniis,
589 1945 611 1966 x
624 1934 678 1966 die
694 1934 819 1965 mensis
835 1934 1018 1973 Februarii,
1037 1934 1135 1965 Anno
1151 1934 1290 1966 Domini
1306 1935 1364 1966 M0.
1384 1934 1516 1966 CCCm⁰
1531 1935 1671 1975 lxxxmo,
1687 1938 1723 1967 et
1738 1938 1853 1968 nostre

460 1977 705 2010 Translacionis
734 1988 822 2009 anno
845 1982 950 2010 sexto.
1013 1978 1063 2010 Ac
1085 1981 1201 2019 postea
1225 1978 1398 2019 productis
1424 1978 1558 2010 duabus
1592 1979 1713 2010 Literis
1739 1979 1852 2020 Regiis

458 2022 655 2064 patentibus
673 2032 681 2061 3
704 2032 782 2060 una,
803 2021 969 2061 videlicet,
986 2022 1028 2053 de
1044 2021 1197 2053 Licencia
1211 2022 1365 2063 eligendi,
1382 2025 1417 2053 et
1432 2022 1497 2053 alia
1512 2023 1554 2054 de
1570 2033 1731 2054 consensu
1758 2023 1851 2056 Elec-

458 2066 562 2098 cionis
579 2076 587 2104 ;
603 2065 766 2105 adhibita,
781 2076 920 2104 necnon,
934 2076 1002 2097 una
1017 2065 1081 2097 sub
1096 2065 1204 2107 sigillo
1214 2065 1394 2105 communi,
1407 2076 1508 2107 super
1521 2066 1730 2098 Professione
1742 2067 1852 2099 Electi

460 2110 610 2151 predicti,
623 2119 683 2150 per
699 2109 935 2141 Procuratores
951 2109 1098 2150 prefatos
1115 2119 1123 2148 ;
1139 2120 1177 2141 ac
1192 2110 1295 2141 eciam
1311 2110 1483 2141 nonnullis
1496 2110 1642 2141 testibus
1653 2111 1695 2142 ad
1708 2111 1850 2152 proban-

458 2154 542 2186 dum
558 2156 666 2185 certos
682 2153 841 2184 articulos
856 2153 891 2184 in
907 2153 1058 2194 predicto
1073 2153 1217 2185 Decreto
1232 2153 1426 2194 descriptos,
1437 2154 1586 2194 ipsisque
1601 2154 1747 2186 testibus
1760 2154 1852 2197 jura·

460 2198 505 2230 tis
520 2200 555 2228 et
570 2197 750 2238 diligenter
772 2197 982 2236 examinatis,
1004 2199 1137 2228 servato
1161 2207 1315 2238 processu
1338 2197 1489 2237 legitimo
1513 2208 1550 2229 ae
1573 2198 1852 2231 concurrentibus

459 2241 617 2272 omnibus
632 2244 668 2272 et
683 2240 823 2281 singulis
846 2240 881 2272 in
904 2240 966 2272 hac
989 2246 1084 2282 parte
1106 2241 1148 2272 de
1169 2240 1246 2282 jure
1267 2241 1450 2282 requisitis,
1476 2241 1642 2273 Dominus
1665 2242 1853 2284 Episcopus

460 2284 660 2317 Exoniensis
686 2284 901 2326 supradictus
927 2284 1139 2316 confirmavit
1168 2284 1379 2317 Eleccionem
1406 2285 1602 2326 predictam,
1629 2286 1694 2317 sub
1723 2296 1763 2318 eo
1792 2286 1854 2329 qui

459 2329 614 2370 sequitur
626 2331 743 2360 tenore
757 2328 994 2368 verborum,—

416 2372 675 2413 —Oonfirmacio
689 2372 773 2404 dicte
790 2371 1019 2411 Eleccionia—

417 2416 459 2447 ΙΝ
474 2417 543 2448 Dm
558 2416 712 2455 Nonum,
729 2415 970 2456 Anum—Nos,
993 2415 1150 2455 Thomas,
1176 2417 1254 2455 etc„
1277 2415 1400 2447 rimato
1423 2426 1483 2457 per
1506 2426 1568 2448 nos
1592 2418 1667 2448 toto
1691 2416 1853 2450 Processu

461 2460 646 2492 Eleccionis
672 2459 761 2491 facte
786 2460 829 2491 de
855 2463 900 2499 te,
926 2459 1044 2491 Fratre
1071 2459 1200 2491 Thoma
1231 2459 1407 2500 Cullynge,
1439 2459 1600 2492 Ordinem
1627 2462 1664 2492 et
1688 2461 1853 2502 Regulam

462 2502 578 2535 Sancti
594 2503 768 2535 Benedicti
783 2503 818 2534 in
835 2503 1039 2535 Monasterio
1054 2502 1284 2544 Tavystochie,
1301 2507 1415 2534 nostre
1431 2503 1590 2543 Diocesis,
1607 2514 1762 2545 expresse
1777 2515 1851 2546 pro·

461 2547 558 2587 fesso,
582 2547 617 2578 in
639 2546 809 2578 Abbatem
832 2546 986 2588 ejusdem
1008 2546 1203 2579 Monasterii
1226 2556 1286 2587 per.
1305 2549 1449 2578 mortem
1474 2547 1600 2579 Fratris
1622 2548 1789 2589 Stephani
1810 2549 1853 2581 de

462 2590 696 2632 Langhedone,
713 2590 826 2622 ultimi
848 2590 992 2622 Abbatis
1014 2590 1178 2632 ejusdem,
1194 2590 1323 2629 electo3
1345 2590 1424 2631 quia
1438 2590 1631 2623 invenimus
1654 2591 1854 2634 hujusmodi

462 2634 671 2666 Eleccionem
698 2634 803 2665 fuisse
829 2637 864 2665 et
890 2645 961 2666 esse
987 2634 1154 2667 Canonice
1180 2634 1393 2674 celebratam,
1419 2638 1522 2675 teque
1546 2634 1693 2667 habilem
1719 2635 1792 2668 fore
1816 2638 1854 2669 et

459 2678 642 2719 ydoneum,
668 2678 710 2709 de
732 2677 883 2719 legitimo
906 2677 1005 2710 thoro
1027 2680 1248 2719 procreatum,
1271 2677 1306 2708 in
1329 2680 1420 2709 etate
1441 2677 1592 2719 legitima
1613 2679 1852 2721 constitutum,

460 2721 496 2752 in
522 2721 764 2762 temporalibus
788 2724 824 2753 et
849 2721 1081 2763 spiritualibus
1104 2722 1394 2762 circumspectum,
1418 2721 1544 2753 dictam
1575 2721 1785 2755 Eleccionem
1809 2723 1853 2755 de

462 2764 612 2796 Licencia
631 2765 819 2797 Reverendi
835 2765 953 2804 Patris,
971 2765 1108 2797 Domini
1124 2764 1295 2804 Willelmi,
1310 2765 1374 2796 Dei
1388 2765 1497 2806 gracia
1513 2765 1757 2798 Londoniensis
1772 2766 1852 2808 Epi·

460 2808 561 2848 scopi,
579 2808 675 2839 nobis
691 2808 725 2839 in
742 2808 804 2840 hac
826 2811 923 2850 parte
945 2808 1131 2848 commissa,
1148 2808 1350 2841 auctoritate
1365 2811 1481 2840 nostra
1495 2809 1662 2841 ordinaria
1676 2809 1850 2842 confirma-

460 2861 537 2883 mus
554 2861 562 2890 ;
585 2862 699 2883 curam
715 2854 751 2883 et
765 2853 923 2893 regimen,
940 2863 1069 2884 necnon
1092 2852 1320 2893 spiritualium
1335 2855 1371 2884 et
1386 2853 1622 2893 temporalium
1638 2853 1850 2886 administru-

461 2895 599 2934 cionem,
624 2894 777 2936 ejusdem
800 2896 996 2928 Monasterii
1019 2896 1083 2928 tibi
1104 2897 1140 2928 in
1164 2896 1309 2927 Domino
1332 2895 1594 2929 committentes.
1649 2897 1696 2929 Et
1717 2907 1850 2930 emana-

460 2941 545 2974 runt
559 2938 672 2972 Litere
687 2949 788 2983 super
803 2939 1068 2974 Confirmacione
1082 2939 1291 2986 hujusmodi,
1307 2939 1372 2972 sub
1387 2939 1453 2972 hiis
1467 2940 1633 2983 verbis,—
