1988 3256
462 340 468 344 -
504 318 793 369 RecisTRUM
829 297 1293 368 ooMMUNE—ANNO
1333 312 1426 355 5⁰.-
1629 310 1724 355 343

329 422 466 453 defendi
481 425 517 454 et
533 422 567 454 in
584 421 816 463 prosperitatis
834 422 1085 463 tranquillitate
1100 422 1307 464 gubernari,
1329 427 1434 464 prout
1456 424 1546 456 idem
1563 424 1723 465 Princeps

279 507 286 514 ·
329 466 570 504 inclitissimus,
587 469 658 497 tam
675 466 891 497 devotissime
914 476 1017 506 quam
1039 467 1194 505 fecunde,
1214 467 1426 500 credulitatis
1441 479 1501 499 sue
1519 474 1721 509 conceptum

331 509 480 541 declarat
505 520 563 550 per
588 519 666 540 suas
690 509 821 540 Literas
845 509 973 550 Regias,
998 509 1084 542 hanc
1107 511 1286 542 verborum
1310 511 1430 543 seriem
1453 511 1722 551 continentes,—

331 553 527 591 Edwardus,
550 553 843 593 etc—sperantes
873 553 965 594 quod
990 553 1192 585 devotarum
1218 554 1412 587 oracionum
1437 555 1606 596 suffragia,
1630 556 1722 588 inter

329 596 395 628 alia
420 596 556 637 pietatis
582 606 694 637 opera,
724 596 874 628 multum
902 600 1046 637 prosunt
1068 598 1112 628 ad
1138 597 1298 630 Divinam
1328 599 1589 630 misericordiam
1616 599 1719 640 impe-

330 640 497 680 trandam,
515 640 557 671 de
572 639 677 679 vobis,
693 639 792 681 cujus
807 643 938 671 statum
953 640 1181 673 benivolencie
1196 642 1330 682 speciali
1344 642 1459 674 favore
1474 643 1719 684 prosequimur,

330 687 372 716 ut
386 684 532 716 salutem
548 686 700 715 nostram
723 683 886 721 zelemini,
903 687 939 715 et
962 695 1023 725 pro
1045 685 1152 723 nobis,
1170 695 1209 716 ac
1231 696 1292 726 pro
1313 688 1408 717 statu
1431 697 1590 727 prospero
1613 686 1721 727 Regni

330 727 448 767 nostri,
464 738 593 759 necnon
618 728 799 759 Procerum
821 731 857 758 et
872 727 1073 768 Magnatum
1090 739 1128 760 ac
1151 729 1272 769 Populi
1294 729 1448 770 ejusdem
1473 730 1589 771 Regni,
1606 740 1721 771 preces

330 772 469 803 devotas
485 771 631 802 Domino
643 771 799 810 offeratis,
813 771 946 811 plenam
956 771 1113 803 fiduciam
1129 772 1332 812 optinentes,
1346 773 1561 805 devocionem
1573 778 1721 805 vestram

331 815 535 856 requirimus
564 817 601 846 et
629 825 786 855 rogamus
816 814 988 855 quatinus,
1011 825 1090 846 cum
1121 815 1219 848 Clero
1247 819 1358 848 vestre
1385 817 1540 857 Diocesis,
1567 828 1658 849 nunc
1685 821 1722 849 et

331 859 364 890 in
382 859 542 890 futurum
557 859 694 899 dignam
709 858 958 890 solicitudinem
974 858 1177 899 impendatis
1199 862 1236 891 et
1258 860 1422 892 insistatis
1437 860 1579 892 assiduis
1595 861 1721 902 suppli-

331 902 521 934 cacionibus
537 905 572 934 et
587 901 882 933 intercessionibus
897 902 989 942 apud
1005 903 1125 942 Deum,
1142 905 1184 935 ut
1205 903 1260 935 hic
1280 904 1349 935 Sua
1364 905 1492 944 pietate
1514 915 1575 936 nos
1597 905 1723 946 dirigat

332 956 392 987 per
418 946 565 978 Suorum
589 945 744 977 semitam
772 945 1022 982 mandatorum,
1051 949 1251 987 statumque
1278 947 1386 988 Regni
1411 948 1563 988 predicti,
1592 959 1722 980 necnon

333 991 525 1028 Procerum,
556 990 766 1030 Magnatum,
792 999 831 1020 ac
862 989 982 1029 Populi
1011 989 1165 1030 ejusdem
1196 991 1312 1030 Regni,
1341 1001 1537 1023 conservare
1562 992 1723 1033 dignetur

331 1043 528 1074 prosperum
552 1035 588 1065 et
611 1032 990 1074 tranquillum—Teste
1012 1033 1148 1074 meipso,
1165 1034 1257 1075 apud
1274 1035 1620 1073 Westmonasterium,
1638 1035 1722 1067 vice-

331 1077 416 1108 simo
431 1077 486 1108 die
503 1076 658 1117 Augusti,
675 1077 771 1107 Anno
787 1076 895 1117 Regni
910 1077 1018 1108 nostri
1033 1077 1154 1118 Anglie
1169 1077 1426 1118 quadragesimo
1442 1082 1560 1110 octavo
1577 1089 1585 1117 ;
1607 1079 1721 1119 Regni,

331 1131 420 1158 vero,
443 1120 552 1151 nostri
574 1120 714 1151 Francie
736 1120 906 1151 tricesimo
929 1120 1294 1161 quint0.—Premissis‚
1318 1122 1435 1162 igitur,
1458 1122 1494 1153 in
1517 1123 1722 1154 scrutinium

331 1164 447 1196 debite
481 1163 758 1195 consideracionis
791 1164 957 1202 adductis,
989 1174 1091 1205 quem
1123 1165 1228 1205 Regni
1258 1165 1379 1206 Anglie
1409 1165 1635 1198 habitatorem
1670 1166 1723 1198 vel

332 1208 486 1247 incolam,
516 1217 617 1248 quem
648 1207 738 1248 pacis
768 1210 804 1239 et
833 1207 968 1239 honoris
998 1208 1094 1248 Regii
1124 1209 1313 1248 zelatorem,
1345 1214 1540 1241 nostrorum
1572 1210 1724 1251 undique

332 1251 482 1283 hostium
508 1251 626 1282 furens
653 1251 774 1282 sevicia
801 1254 837 1283 et
860 1251 1088 1282 intumescens
1114 1252 1272 1292 superbia
1295 1263 1361 1284 non
1386 1257 1550 1294 tangeret,
1575 1258 1610 1285 et
1634 1254 1725 1285 tanti

333 1295 497 1335 Principis
512 1294 671 1335 supplicis
686 1294 934 1326 intercessionis
957 1295 1157 1336 suffragium
1180 1306 1246 1327 non
1271 1299 1431 1336 moveret,
1450 1297 1624 1337 potissime
1646 1307 1725 1329 cum

332 1349 373 1370 ex
397 1338 462 1370 hiis
483 1338 589 1379 ipsius
606 1338 742 1369 Domini
759 1338 857 1378 Regis
872 1338 916 1370 ad
939 1339 1101 1379 Regimen
1125 1342 1161 1371 et
1186 1340 1353 1380 Populum
1376 1340 1439 1371 sibi
1462 1340 1631 1372 creditum
1654 1341 1725 1373 tuti

333 1382 505 1423 regiminis
530 1382 639 1422 liquet
669 1382 814 1420 affeecio,
841 1382 988 1423 ipseque,
1017 1385 1053 1414 et
1083 1382 1135 1414 sui
1163 1382 1197 1413 iu
1227 1383 1359 1414 actibus
1387 1384 1549 1416 bellicosis
1573 1385 1722 1423 comites,

334 1425 513 1457 transactis
529 1425 739 1466 temporibus
755 1428 790 1457 et
806 1425 922 1464 indies,
939 1429 1055 1457 nostra
1070 1426 1251 1458 excuciunt
1268 1427 1487 1467 incommoda,
1504 1438 1724 1468 personarum

334 1469 505 1510 repellunt
521 1469 690 1510 pericula;
713 1473 748 1500 et
770 1479 831 1500 nos
853 1469 889 1500 in
911 1469 1024 1500 labore
1047 1479 1164 1500 eorum
1184 1470 1387 1511 quiescimus
1402 1474 1438 1503 et
1454 1472 1544 1512 pacis
1567 1472 1726 1503 ubertate

334 1513 491 1544 letamur.
539 1512 627 1543 Hinc
649 1523 710 1543 nos
732 1512 868 1543 evidens
891 1516 1008 1544 evocat
1024 1513 1121 1552 racio,
1139 1516 1188 1553 ut,
1205 1514 1288 1545 dum
1306 1514 1349 1545 ad
1372 1515 1571 1546 evitandum
1595 1516 1725 1547 minora

335 1556 493 1598 pericula,
509 1560 546 1588 et
563 1556 693 1587 minora
715 1556 886 1597 adquisita
908 1556 1054 1588 feliciter
1072 1557 1350 1597 conservandum,
1374 1562 1490 1590 nostra
1513 1559 1655 1591 solerter
1672 1569 1724 1590 va-

333 1603 389 1632 cat
411 1600 568 1638 intencio,
585 1599 746 1640 premissa
761 1610 827 1641 que
850 1600 1084 1640 periculosiora
1106 1603 1188 1632 sunt
1211 1611 1426 1642 nequaquam
1442 1602 1570 1642 absque
1587 1613 1725 1643 precum

334 1646 371 1676 et
385 1643 595 1684 jejuniorum
610 1643 770 1684 suffragio
792 1643 964 1675 ullatenus
985 1644 1226 1685 relinquamus.
1272 1645 1435 1683 Quocirca
1459 1646 1725 1678 Universitatem

334 1690 493 1726 vestram,
516 1687 658 1718 eandem
681 1687 894 1718 obsecrantes
918 1697 977 1727 per
999 1687 1126 1718 viscera
1148 1687 1373 1720 misericordie
1396 1689 1459 1720 Dei
1481 1690 1598 1728 nostri,
1615 1694 1651 1721 et
1667 1700 1727 1730 per

334 1731 560 1772 aspersionem
579 1730 721 1762 Preciosi
737 1731 798 1762 Sui
821 1731 1001 1771 Sanguinis
1023 1731 1244 1770 obtestamur,
1269 1742 1397 1763 necnon
1421 1733 1668 1765 committimus
1691 1738 1727 1765 et

335 1774 544 1813 mandamus,
561 1774 595 1805 in
614 1774 742 1806 virtute
759 1774 960 1806 Obediencie
982 1774 1079 1806 nobis
1102 1775 1244 1815 prestite
1258 1785 1296 1806 ac
1310 1775 1425 1817 jurate
1447 1777 1591 1808 firmiter
1613 1777 1725 1818 injun-

335 1820 464 1858 gentes,
481 1822 530 1857 ut,
548 1820 728 1858 pensantes
750 1818 920 1849 attencius
942 1818 1159 1849 commodum
1181 1829 1359 1850 commune
1381 1820 1592 1860 singulorum
1615 1825 1651 1852 et
1678 1820 1727 1852 rei

335 1861 478 1902 publice,
495 1861 725 1902 honoremque
741 1861 802 1901 Dei¹
825 1864 861 1893 et
886 1862 1104 1893 Sacrosancte
1122 1862 1275 1901 Ecclesia,
1293 1873 1408 1903 pacem
1433 1864 1640 1895 Universalis
1664 1865 1725 1895 Ec-

335 1905 443 1944 clesie‚
459 1915 589 1936 necnon
604 1905 774 1936 salubrem
797 1907 928 1937 statum
950 1905 1056 1946 ipsius
1077 1906 1213 1937 Domini
1230 1907 1348 1945 nostri,
1374 1908 1471 1948 Regis
1495 1908 1725 1947 illustrissimi,

336 1952 372 1981 et
394 1949 516 1989 Regni,
538 1959 668 1980 necnon
687 1949 870 1980 Procerum
885 1952 921 1981 et
938 1949 1146 1989 Magnatum,
1170 1952 1206 1980 et
1230 1949 1350 1990 Populi
1373 1951 1558 1991 Anglicani‚
1582 1951 1727 1983 humiles

335 2002 449 2033 preces
465 1991 620 2024 fundatis
641 1992 684 2023 ad
703 1992 896 2032 Dominum,
913 1995 948 2024 et
971 1992 1014 2024 ad
1038 1993 1127 2024 Eum
1150 1993 1281 2024 devotis
1296 1993 1435 2035 jejuniis
1458 1998 1494 2026 et
1516 1995 1726 2027 oracionibus

336 2035 511 2074 insistatis,
539 2038 581 2067 ut
605 2035 648 2067 ab
674 2035 855 2067 hostilibus
879 2046 940 2067 nos
966 2039 1108 2068 tueatur
1133 2036 1333 2076 incursibus,
1350 2042 1386 2069 et
1412 2048 1473 2069 nos
1499 2042 1535 2070 et
1559 2039 1728 2079 Populum

336 2079 561 2120 Anglicanum
593 2079 682 2120 pacis
711 2079 925 2120 jocunditate
954 2082 991 2111 et
1021 2082 1133 2111 status
1163 2080 1388 2121 prosperitate
1417 2086 1453 2113 et
1477 2082 1728 2123 tranquillitate

338 2133 434 2164 posse
456 2122 526 2154 frui
548 2126 583 2154 et
605 2122 713 2162 letari,
737 2123 773 2154 in
795 2123 936 2163 singulis
960 2123 1115 2154 Ecclesiis
1140 2124 1439 2163 Conventualibus,
1464 2125 1666 2166 Collegiatis,
1691 2130 1727 2158 et

337 2166 422 2205 aliis,
454 2169 570 2198 nostre
601 2166 757 2206 Diocesis,
788 2166 878 2198 infra
907 2166 1209 2198 Archidiaconatus
1234 2168 1338 2199 vestri
1364 2168 1490 2200 limites
1520 2169 1728 2209 constitutis,

338 2210 475 2241 Missam
491 2220 569 2241 cum
585 2209 701 2242 Officio
717 2210 816 2242 Salus
831 2209 957 2251 populi,
974 2213 1010 2242 et
1032 2210 1242 2242 oracionibus
1265 2211 1307 2242 ad
1332 2212 1493 2252 premissa
1514 2213 1727 2253 congruenti-

337 2253 412 2291 bus,
429 2253 464 2284 in
487 2253 627 2294 singulis
649 2253 780 2294 quartis
802 2257 839 2285 et
867 2254 972 2285 sextis
994 2254 1086 2285 feriis
1109 2254 1314 2293 successivis,
1332 2255 1518 2287 dummodo
1540 2260 1647 2288 cesset
1662 2256 1728 2288 alia

338 2296 524 2337 impediens
539 2307 638 2328 causa
653 2297 872 2335 racionabilis,
889 2297 1091 2338 precedente
1102 2297 1267 2338 solempni
1281 2299 1501 2338 Processione,
1519 2302 1554 2331 et
1571 2300 1727 2332 decanta-

337 2340 432 2372 cione
456 2340 556 2372 solita
580 2340 728 2380 Letanie,
755 2350 815 2381 per
840 2340 929 2372 vicos
955 2344 992 2373 et
1018 2341 1090 2372 loca
1112 2341 1256 2380 faciatis,
1281 2342 1415 2381 devote,
1440 2343 1668 2384 solempniter,
1692 2346 1728 2375 et

338 2383 496 2424 precipue
511 2383 690 2422 celebrari;
713 2383 872 2425 quodque
885 2384 1021 2416 Clerum
1033 2388 1069 2416 et
1082 2384 1249 2425 Populum
1266 2387 1432 2425 nostrum,
1446 2388 1515 2417 tam
1530 2397 1623 2418 exem
1629 2389 1728 2427 ptum

337 2437 440 2467 quam
464 2437 531 2458 non
554 2429 762 2468 exemptum,
780 2427 900 2459 vestris
922 2427 1091 2459 inclusum
1113 2428 1290 2467 limitibus,
1314 2428 1348 2460 in
1373 2429 1553 2461 Missurum
1577 2430 1727 2471 Solemp·

337 2470 402 2501 niis
417 2473 453 2501 et
467 2471 753 2511 proposicionibus
768 2471 871 2502 Verbi
888 2471 959 2511 Dei,
975 2471 1019 2502 ad
1041 2471 1161 2502 similia
1177 2474 1214 2503 et
1235 2471 1316 2503 alias
1339 2472 1567 2504 Processiones
1589 2473 1729 2505 devotas

338 2513 480 2545 solerter
505 2514 664 2546 inducere
687 2514 879 2552 studeatis3
911 2518 951 2546 ut
981 2515 1058 2556 Ipse
1088 2515 1262 2546 Gloriosus
1294 2516 1385 2547 Deus
1414 2520 1451 2548 et
1481 2516 1516 2548 in
1548 2517 1729 2557 Majestate

338 2556 510 2595 mirabilis,
527 2557 636 2598 Cujus
657 2557 837 2589 ineffabilis
859 2557 1008 2590 altitudo
1024 2558 1200 2599 Cujusque
1223 2559 1378 2599 potencia
1399 2560 1502 2591 nullis
1524 2563 1574 2591 est
1598 2560 1727 2592 inclusa

338 2600 515 2640 limitibus,
527 2601 630 2632 nullis
645 2601 799 2633 terminis
813 2601 1062 2642 comprehensa,
1076 2602 1143 2640 Qui
1157 2602 1367 2633 concordiam
1383 2602 1466 2635 facit
1477 2603 1513 2634 in
1524 2603 1726 2636 sublimibus

340 2643 427 2683 Suis,
451 2643 499 2675 sic
522 2644 644 2676 efficiat
667 2644 837 2676 dictorum
858 2645 1008 2676 hostium
1035 2649 1071 2677 et
1096 2645 1310 2677 inimicorum
1336 2649 1531 2678 nostrorum
1555 2647 1656 2678 corda
1682 2648 1726 2679 ad

343 2696 457 2727 pacem
472 2686 564 2719 inter
578 2688 694 2728 Regna
708 2687 898 2719 habendam
921 2692 958 2720 et
979 2688 1200 2727 concordiam,
1217 2689 1393 2730 dictosque
1415 2690 1529 2722 hostes
1551 2695 1587 2722 et
1610 2701 1726 2722 omnes

339 2729 422 2761 alios
444 2740 528 2771 quos
549 2731 593 2762 ad
615 2731 863 2772 oppressionem
887 2732 994 2772 Regni
1015 2734 1052 2763 et
1070 2732 1177 2772 plebis
1192 2732 1375 2773 Anglicane
1389 2733 1498 2765 rabies
1514 2734 1726 2775 Franssigeni

341 2773 466 2804 furoris
491 2773 701 2816 aliorumque
727 2774 883 2815 provexit
908 2775 1073 2816 superbia,
1098 2775 1166 2807 Sua
1189 2775 1319 2807 virtute
1342 2776 1520 2808 manifesta
1542 2777 1673 2816 deiciat,
1690 2781 1727 2810 et

341 2817 434 2848 dicto
462 2817 607 2859 Principi
633 2821 750 2850 nostro
775 2828 812 2849 ac
838 2817 902 2849 sibi
927 2818 1162 2850 assistentibus
1187 2819 1327 2851 Celestis
1351 2820 1468 2851 auxilii
1491 2820 1636 2861 graciam
1662 2821 1727 2860 sibi

339 2860 492 2891 conferat
520 2863 556 2893 et
587 2861 825 2902 triumphum3
854 2864 894 2893 ut
916 2861 988 2903 ipse
1013 2861 1104 2893 idem
1130 2862 1213 2901 Rex,
1242 2862 1397 2902 Regnum
1427 2873 1537 2902 suum,
1565 2868 1600 2895 et
1631 2867 1726 2896 totus

342 2903 491 2944 Populus
505 2914 587 2936 suus
609 2904 673 2936 sibi
695 2904 880 2946 subjectus,
903 2905 938 2936 in
962 2905 1052 2946 pacis
1074 2905 1304 2947 pulcritudine
1326 2908 1362 2938 et
1385 2907 1618 2948 prosperitatis
1635 2911 1726 2940 tran-
