1988 3256
362 349 456 393 532
577 357 677 391 THE
712 356 954 391 Ruffls‘rna
989 356 1048 389 or
1084 355 1262 390 msnor
1296 358 1696 393 BRANTYNGHAM.

361 460 438 494 M.)-
521 462 702 503 Episcopo,
721 461 950 501 Suffraganeo
966 462 1095 500 nostro,
1113 470 1154 491 ac
1178 460 1324 492 Officiali
1348 471 1411 493 suo
1435 462 1633 504 Principali,
1650 465 1686 494 et
1711 462 1908 495 Presidenti

361 496 463 554 {7³35}
520 506 605 538 dicti
629 505 845 544 Consistorii,
870 505 907 536 in
931 504 1056 546 specie,
1074 514 1115 536 ac
1137 505 1215 537 aliis
1238 505 1275 536 in
1299 516 1437 546 genere,
1454 507 1580 548 quibus
1603 517 1667 538 nos
1682 510 1804 539 tenore
1827 506 1909 539 Pre-

419 547 425 554 '
520 550 677 582 sencium
694 550 805 582 eciam
821 549 1038 587 inhibemus3
1054 549 1227 590 ipsosque,
1238 560 1359 582 omnes
1375 554 1411 582 et
1428 551 1593 592 singulos.
1610 551 1733 592 primo,
1746 551 1910 590 secundo,

519 595 629 627 tercio
645 605 686 626 ac
700 594 934 635 peremptorie
950 594 1134 633 moneatis,
1151 604 1237 635 quos
1253 605 1316 626 nos
1332 595 1443 626 eciam
1459 596 1651 627 earundem
1666 598 1789 627 tenore
1804 594 1911 627 simili

519 639 622 671 modo
638 648 832 678 monemus,
848 648 892 669 ne
909 638 997 679 quis,
1014 637 1051 668 in
1067 638 1160 669 dicte
1177 638 1403 670 Visitacionis
1419 642 1538 671 nostre
1562 650 1624 671 seu
1646 639 1911 672 Jurisdicoioniu

521 683 776 724 Metropolitice
806 682 1050 723 prejudicium,
1081 684 1143 713 aut
1181 682 1460 723 Privilegiorum,
1492 684 1723 724 Libertatum‚
1760 684 1912 723 Jurium,

522 727 835 766 Consuetudinum,
845 727 901 758 vel
918 726 1143 766 Prerogative
1159 727 1408 767 predictorum,
1419 728 1512 759 circa
1526 729 1699 769 premissa
1713 731 1775 759 aut
1790 738 1912 760 eorum

521 772 662 814 aliquod
677 772 863 813 quicquam
879 772 1081 811 attemptet,
1093 773 1155 802 aut
1172 772 1378 812 attemptari
1393 772 1502 803 faciat
1518 773 1650 804 directe
1660 773 1715 804 vel
1731 772 1912 811 indirecte,

521 817 658 858 publice
674 816 729 847 vel
746 816 891 854 occulte,
908 825 971 846 seu
993 815 1039 846 ad
1062 815 1127 846 hoc
1150 816 1335 847 consilium
1358 816 1503 857 prebeat
1519 817 1574 848 vel
1597 817 1766 849 favorem.
1812 816 1912 856 Quod

523 862 551 892 si
567 861 604 892 in
621 860 837 892 contrarium
861 860 899 890 in
921 859 1048 900 aliquo,
1065 860 1157 900 quod
1180 860 1283 900 absit,
1300 861 1424 892 fecerit
1448 861 1573 902 aliquis
1597 861 1797 900 eorundem,
1813 861 1912 900 illud,

521 905 616 936 infra
632 915 691 936 sex
707 905 781 936 dies
797 914 840 936 ex
855 906 942 935 tunc
963 904 1155 935 inmediate
1178 907 1364 945 sequentes
1391 903 1555 946 (quorum
1579 906 1715 937 dierum
1739 906 1827 937 duos
1848 914 1914 947 pro
1973 931 1975 935 Α

521 950 644 991 primo,
672 949 759 980 duos
784 959 847 990 pro
872 949 1034 987 secundo,
1059 950 1095 979 et
1118 949 1270 989 reliquos
1293 949 1380 980 duos
1403 960 1466 990 pro
1489 951 1598 981 tercio
1614 960 1655 981 ac
1677 949 1914 991 peremptorio

522 994 683 1032 termino,
714 993 776 1031 eis,
807 993 969 1024 omnibus
1000 995 1036 1023 et
1066 992 1224 1033 singulis,
1255 995 1377 1025 tenore
1407 994 1631 1026 Presencium
1661 991 1912 1035 assignamus),

522 1040 662 1070 revocet
679 1048 759 1069 cum
775 1037 914 1076 effectu,
931 1039 1036 1078 atque
1052 1037 1097 1068 ab
1112 1037 1374 1078 impedimentis
1393 1040 1429 1069 et
1449 1039 1776 1079 perturbacionibus
1791 1038 1912 1080 hujus-
1964 1075 1967 1078 ¹

523 1083 617 1115 modi
634 1082 776 1114 omnino
793 1082 963 1120 desistat3
986 1084 1022 1112 et
1039 1082 1131 1122 quod
1146 1082 1267 1113 illicite
1291 1085 1536 1123 presumptum
1559 1086 1615 1114 est
1638 1093 1700 1114 seu
1723 1084 1912 1124 attempta-

495 1135 502 1143 ·
522 1130 601 1159 tum
616 1127 653 1158 in
669 1127 735 1158 hac
750 1128 851 1167 parte
868 1126 911 1157 de
927 1128 1045 1157 cetero
1067 1136 1138 1157 non
1162 1126 1340 1166 defendat,
1357 1127 1422 1158 sub
1444 1137 1537 1168 pena
1561 1127 1745 1159 Sentencie
1768 1127 1926 1159 Exoomae
1967 1127 1969 1129 ’

522 1171 775 1203 municacionis
798 1170 952 1211 Majoris,
969 1180 1074 1211 quam
1098 1170 1134 1201 in
1158 1171 1473 1210 contravenientes,
1490 1182 1612 1203 omnes
1635 1174 1671 1203 et
1694 1171 1862 1212 singulos,
1878 1173 1915 1203 et

366 1214 426 1246 [fol.
523 1216 627 1248 dictis
644 1215 899 1246 Monicionibus
914 1214 1046 1246 nostris
1068 1224 1139 1246 non
1161 1218 1337 1255 parentes,
1361 1225 1469 1254 mora,
1486 1216 1575 1254 dolo,
1592 1216 1704 1257 culpa,
1720 1218 1783 1247 aut
1804 1215 1913 1256 negli-

371 1249 441 1279 1251.
524 1260 649 1300 gencia
663 1260 821 1300 ipsorum
838 1269 900 1290 seu
915 1259 1064 1300 alicujus
1080 1269 1200 1290 eorum
1217 1260 1496 1300 precedentibus,
1509 1263 1733 1301 preterquam
1744 1260 1782 1291 in
1797 1260 1913 1301 ipsum

526 1305 795 1345 Suffraganeum
811 1306 983 1342 nostrum,
999 1305 1080 1344 post
1096 1304 1234 1344 lapsum
1250 1304 1424 1335 dictorum
1440 1314 1500 1335 sex
1516 1305 1652 1335 dierum
1667 1307 1854 1346 postquam
1869 1304 1916 1336 nd
1979 1331 1981 1334 ,

524 1359 645 1381 eorum
661 1348 829 1379 noticiam
845 1349 1027 1388 presentes
1043 1347 1160 1379 Litere
1184 1349 1245 1379 aut
1269 1350 1437 1379 contenta
1459 1349 1496 1379 in
1519 1349 1570 1380 eis
1586 1349 1822 1390 pervenerint,
1837 1358 1914 1390 per-

525 1393 766 1434 emptoriaque
784 1392 960 1423 Canonica
976 1392 1173 1423 Monicione
1185 1395 1307 1423 nostra
1316 1393 1497 1433 premissa,
1514 1403 1652 1425 exnunc
1661 1395 1766 1434 prout
1775 1395 1915 1432 extunc,

524 1439 562 1469 in
577 1438 645 1469 hiis
663 1437 811 1478 Scriptis
827 1436 1211 1468 Excommunicacionis
1236 1436 1458 1468 Sentenciam
1481 1438 1756 1478 promulgamus,
1802 1437 1917 1476 Dicto„

525 1492 619 1522 vero,
649 1481 878 1522 Suffraganeo
904 1483 1035 1520 nostro,
1060 1481 1116 1512 cui
1141 1481 1185 1512 ob
1212 1482 1449 1512 reverenciam
1477 1482 1693 1514 Pontificalis
1722 1481 1916 1523 Dignitatis

526 1526 719 1559 deferimus
745 1526 783 1556 in
813 1525 879 1556 hac
906 1527 1017 1566 parte,
1038 1525 1067 1556 si
1093 1527 1216 1556 contra
1236 1526 1409 1566 premissa
1422 1526 1479 1557 vel
1502 1526 1643 1567 aliquod
1664 1527 1916 1567 premissorum

525 1571 650 1603 fecerit
674 1581 737 1611 per
762 1579 810 1609 se,
834 1570 891 1601 vel
921 1569 1133 1600 submissam
1157 1579 1353 1610 personam,
1378 1570 1515 1611 publice
1538 1571 1595 1601 vel
1618 1571 1764 1610 occulte,
1787 1570 1856 1602 nisi
1878 1570 1916 1602 id

525 1615 620 1647 infra
635 1614 827 1646 terminum
844 1614 1122 1654 suprascriptum
1135 1614 1368 1645 effectualiter
1383 1615 1609 1654 revocaverit,
1619 1615 1657 1646 in
1672 1615 1741 1646 hiis
1758 1614 1916 1656 Scriptis,

525 1660 685 1701 predicta
701 1659 878 1690 Canonica
890 1658 1086 1690 Monicione
1099 1660 1220 1689 nostra
1235 1659 1416 1698 premissa,
1427 1659 1626 1699 ingressum
1639 1659 1794 1691 Ecclesi'e
1809 1659 1915 1691 inter-
1951 1695 1953 1698 ,

527 1705 687 1736 dicimus.
735 1703 781 1742 Si,
808 1705 938 1742 autem,
966 1703 1169 1744 hujusmodi
1193 1703 1426 1734 Interdictum
1450 1713 1514 1744 per
1535 1704 1623 1735 alios
1654 1714 1714 1735 sex
1738 1704 1822 1743 dies,
1837 1713 1915 1744 pre-

528 1749 623 1781 fatos
639 1758 700 1780 sex
714 1747 907 1779 inmediate
924 1749 1119 1788 sequentes,
1137 1747 1353 1786 sustinuerit,
1370 1748 1486 1788 ipsum
1501 1748 1539 1778 in
1554 1748 1624 1779 hiis
1648 1748 1806 1789 Scriptis,
1821 1747 1919 1779 dicta

529 1796 651 1825 nostra
668 1792 846 1824 Canonica
862 1791 1058 1822 Monicione
1073 1791 1255 1832 premissa,
1273 1792 1519 1832 suspendimus
1535 1802 1557 1823 a
1580 1793 1727 1824 Divinis.
1773 1792 1916 1831 Verum,
1941 1828 1947 1831 ,

530 1839 560 1869 si
589 1836 748 1878 prefatas
772 1836 959 1868 Interdicti
983 1838 1020 1867 et
1047 1835 1292 1876 Suspensionis
1319 1836 1524 1867 Sentencias
1548 1847 1612 1877 per
1638 1837 1725 1868 alios
1748 1846 1810 1868 sex
1831 1835 1919 1876 dies,
1940 1836 1941 1839 ’

529 1882 687 1923 prefatos
711 1881 894 1912 duodecim
919 1880 993 1911 dies
1015 1880 1220 1911 immediate
1244 1883 1440 1921 sequentes,
1465 1881 1682 1920 sustinuerit,
1699 1881 1791 1922 quod
1814 1880 1918 1920 absit,
1945 1910 1948 1913 ,

531 1926 648 1958 animo
664 1925 847 1963 indurato;
872 1934 952 1956 cum
969 1924 1016 1955 sit
1032 1925 1178 1964 dignum
1194 1927 1234 1955 ut
1251 1925 1443 1956 secundum
1460 1925 1552 1966 quod
1575 1935 1738 1957 excessus
1761 1924 1919 1966 exegerit

530 1971 689 2003 vindicta
710 1969 887 2010 procedat,
911 1970 957 2007 et,
973 1969 1162 2000 rebellione
1186 1971 1374 2008 crescente,
1390 1979 1480 2010 pene
1504 1970 1673 2001 severitas
1695 1969 1847 2010 amplius
1861 1979 1918 2001 ex-

531 2015 720 2052 tendatur;
744 2014 781 2044 in
797 2014 913 2054 ipsum
935 2013 1157 2054 Episcopum,
1177 2013 1444 2053 Suffraganeum
1468 2016 1639 2053 nostrum,
1655 2024 1793 2045 exnunc
1814 2015 1920 2055 prout

531 2062 670 2098 extunc,
685 2057 845 2099 predicta
864 2059 987 2089 nostra
1009 2057 1186 2088 Canonica
1209 2057 1404 2089 Monicione
1427 2058 1608 2098 premissa,
1633 2057 1920 2090 Exoommunioo-

533 2103 644 2135 cionis
661 2102 885 2134 Sentenciam
900 2101 1113 2142 proferimus
1131 2102 1170 2132 in
1185 2101 1254 2133 hiis
1271 2101 1428 2142 Scriptis.
1475 2102 1531 2141 Et,
1547 2113 1592 2133 ne
1615 2103 1692 2143 quis
1715 2112 1820 2144 quem
1841 2111 1920 2144 pre·
1938 2126 1939 2129 η

534 2157 614 2180 sens
639 2147 755 2188 tangit
781 2147 970 2178 Processus
999 2146 1239 2186 ignoranciam
1269 2146 1478 2187 pretendere
1507 2147 1624 2178 valeat
1653 2147 1690 2178 in
1721 2147 1787 2179 hac
1809 2148 1939 2188 parte,

533 2193 696 2224 volumus
711 2193 748 2223 et
770 2191 991 2229 mandamus,
1007 2190 1157 2221 firmiter
1179 2190 1415 2231 injungentes,
1433 2191 1498 2222 sub
1519 2201 1612 2232 pena
1635 2191 1926 2223 Excommunim-

536 2237 646 2269 cionis
667 2235 836 2277 predicte,
852 2235 945 2276 quod
967 2235 1061 2266 hunc
1084 2234 1291 2266 Processum
1314 2235 1351 2266 in
1367 2235 1478 2267 valvis
1501 2235 1594 2267 dicte
1618 2235 1774 2267 Ecclesie
1797 2234 1903 2267 Geth

537 2281 645 2313 dralis
668 2279 801 2311 Exonie
824 2279 963 2320 publice
984 2279 1146 2318 affigatis
1193 2279 1409 2318 Inhibemus,
1433 2280 1555 2318 eciam,
1578 2279 1864 2321 quibuscumque,
1895 2294 1902 2305 «-

537 2335 596 2358 eos
631 2325 756 2366 primo,
788 2324 951 2363 secundo,
983 2326 1019 2354 et
1055 2323 1164 2354 tercio
1195 2333 1235 2354 ac
1265 2324 1510 2364 peremptorie,
1541 2324 1766 2356 Presencium
1802 2326 1886 2356 tenc
1912 2346 1915 2349 >
1931 2328 1937 2344 ’-

538 2378 732 2408 monemus,
748 2378 793 2400 ne
809 2368 887 2409 quis
903 2368 1052 2399 eundem
1070 2367 1120 2398 sic
1136 2367 1278 2399 affixum
1295 2368 1423 2399 evellat
1438 2368 1494 2400 vel
1517 2371 1728 2409 corrumpat,
1745 2368 1810 2399 sub
1832 2377 1893 2409 pe

539 2413 724 2446 Sentencie
740 2412 1124 2444 Exeommunioacionis
1140 2412 1294 2453 Majoris,
1311 2422 1415 2453 quam
1431 2412 1469 2443 in
1483 2422 1652 2453 personas
1667 2412 1824 2453 singulas
1844 2420 1935 2444 oon·

539 2458 689 2490 trarium
711 2457 893 2495 facientes,
924 2466 1062 2488 exnunc
1087 2459 1192 2497 prout
1216 2459 1354 2495 extunc,
1379 2456 1474 2488 dicta
1497 2459 1618 2488 nostra
1641 2456 1837 2488 Monicione
1859 2455 1888 2488 O
1919 2496 1923 2498 ἡ

538 2503 666 2535 nonica
687 2501 908 2543 precedente,
924 2500 1073 2532 ferimus
1095 2500 1134 2531 in
1156 2500 1225 2531 hiis
1250 2501 1406 2541 Scriptis.
1440 2501 1720 2540 Absoluciouem,
1736 2510 1829 2540 vero,
1852 2510 1912 2533 on

539 2548 638 2579 nium
662 2549 698 2578 et
722 2546 939 2586 singulorum
962 2545 1021 2586 qui
1045 2545 1301 2585 suprascriptas
1324 2548 1463 2577 nostras
1488 2545 1703 2584 Sentencias,
1720 2554 1782 2577 seu
1811 2559 1835 2572 ·-=
1874 2559 1878 2571 ·
1900 2550 1930 2578 *C

541 2592 704 2632 aliquam,
721 2589 947 2631 quovismodo
962 2589 1184 2628 incurrerint,
1197 2589 1308 2628 nobis,
1320 2590 1375 2621 vel
1390 2589 1566 2630 Superiori
1582 2591 1712 2628 nostro,
1729 2589 1871 2631 speciali
1896 2604 1909 2615 -*

540 2636 772 2667 reservantes,
818 2634 869 2666 De
885 2633 941 2665 die
957 2633 1171 2674 recepcionis
1187 2633 1422 2673 Presencffim,
1438 2633 1610 2675 modoque
1625 2636 1661 2665 et
1675 2633 1791 2665 forma
1805 2642 1860 2666 ex·
1877 2648 1915 2660 ι

539 2679 649 2712 cionis
668 2689 800 2717 earum,
816 2687 891 2717 nos,
907 2678 997 2709 citra
1024 2678 1168 2709 Festum
1184 2677 1409 2709 Ascensionis
1427 2678 1568 2709 Domini
1588 2677 1746 2718 proximo
1765 2677 1837 2709 fut=
1877 2692 1880 2699 ·

543 2722 606 2765 [19
622 2721 736 2764 May],
753 2722 955 2754 certificetis
970 2731 1034 2762 per
1049 2722 1186 2753 Literas
1207 2725 1344 2753 vestras
1365 2724 1539 2763 patentes,
1555 2722 1680 2753 harum
1704 2721 1830 2754 seriem
1854 2736 1861 2748 ·
1873 2735 1901 2749 ν’

541 2767 883 2800 tiuentes.——Datum
895 2766 989 2807 apud
1005 2766 1249 2806 Exemymtm,
1262 2765 1355 2798 dicte
1371 2766 1577 2797 Exoniensis
1590 2766 1756 2805 Diooesis,
1771 2765 1856 2808 xviij
1878 2781 1895 2792 ν
1917 2802 1919 2807 Ι

542 2812 683 2853 Aprilis,
707 2811 811 2842 Anno
835 2810 976 2842 Domini
1001 2810 1187 2842 Millesimo
1211 2809 1343 2842 CCG¹¹¹⁰
1366 2808 1541 2852 lxxxiiijto‚
1565 2813 1601 2842 et
1624 2813 1744 2842 nostre
1766 2810 1850 2842 Tra·
1868 2826 1891 2836 w

541 2856 651 2889 cionis
665 2855 785 2887 tercio.

387 2901 434 2929 ‘⁰¹-
486 2901 554 2939 st.
574 2898 755 2946 Breoke;
784 2897 946 2936 Lioence
965 2903 1002 2935 to
1020 2896 1268 2943 celeb-ate,—

388 2936 446 2968 ηδ’
496 2955 599 2994 Item,
616 2952 711 2996 apud
727 2952 837 2995 Clyst,
853 2961 898 2984 xx
914 2952 970 2984 die
992 2952 1124 2985 mensis
1147 2951 1288 2994 Aprilis,
1311 2952 1491 2984 ,Iohannes
1515 2952 1602 2992 Ude,
1626 2952 1670 2984 de
1684 2942 1864 2984 'Parochia
1900 2926 1904 2934 x
