1988 3256
456 371 748 406 REGISTRUM
786 371 1251 406 οοΜΜσΝΕ-ΑΝΝΟ
1282 361 1379 406 13⁰:
1581 359 1677 407 467

135 470 211 497 AD·
285 473 422 514 gecione
445 473 577 506 illorum
601 474 661 516 qui
683 474 911 506 conclusiones
934 474 1100 515 predictas
1122 485 1256 512 exnunc
1279 475 1448 516 predicare
1470 485 1529 506 seu
1554 485 1674 506 manu·

133 505 228 564 {7⁸3²}
286 520 402 549 tenere
429 518 596 549 voluerint
628 519 741 550 animo
768 518 948 558 obstinato,
976 518 1157 559 dignemur
1181 529 1348 559 apponere
1371 519 1546 550 brachium
1573 519 1676 559 Regie

191 558 198 564 '
232 557 239 565 ‘
286 562 474 602 potestatis.
520 562 600 602 Nos,
631 562 701 594 zelo
741 563 834 593 Fidei
864 562 1045 602 Catholice,
1077 562 1175 603 cujus
1204 573 1323 594 sumus
1352 567 1387 593 et
1417 573 1488 594 esse
1518 563 1675 594 volumus

286 605 478 636 defensores
514 606 548 637 in
587 606 754 645 omnibus,
788 610 827 637 ut
857 609 1024 645 tenemur,
1055 607 1226 645 commoti,
1257 606 1478 647 nolentesque
1508 607 1674 638 sustinere

284 648 482 690 hujusmodi
498 649 629 681 hereses
643 654 706 681 aut
721 660 847 681 errores
862 650 951 681 infra
966 649 1128 681 terminos
1145 654 1258 681 nostre
1281 650 1460 690 potestatis
1481 650 1673 691 aliqualiter

284 693 448 733 pululare,
482 693 614 734 prefato
653 693 918 734 ArchiepiscopO,
950 693 1092 734 ejusque
1131 693 1363 734 Suffraganeis,
1405 695 1447 725 ad
1485 704 1601 725 omnes
1638 697 1674 725 et

283 737 432 777 singulos
448 737 507 778 qui
523 737 630 768 dietas
646 738 872 768 conclusiones
888 737 935 768 sic
958 738 1156 777 dampnatas
1179 738 1348 778 predicare
1370 748 1429 769 seu
1454 742 1674 769 manutenere

285 780 464 819 voluerint,
491 781 576 812 clam
601 781 652 812 vel
683 781 803 822 palam,
832 780 1036 822 ubicumque
1062 781 1206 812 inveniri
1237 785 1398 822 poterunt
1421 782 1616 812 arestandos
1638 785 1675 813 et

285 825 428 864 prisonis
443 825 513 856 suis
537 824 677 866 propriis
699 835 759 856 seu
783 825 926 856 aliorum
950 835 1009 865 pro
1031 835 1147 855 eorum
1171 825 1378 866 beneplacito
1401 825 1672 864 committendos,

289 868 324 899 in
355 868 479 900 eisdem
512 868 712 900 detinendos
741 879 919 909 quousque
948 868 991 899 ab
1020 878 1172 899 errorum
1199 872 1234 900 et
1264 869 1418 900 heresum
1450 869 1675 910 pravitatibus

287 911 493 952 resipiscant,
522 912 573 943 vel
601 912 643 943 de
669 912 866 953 hujusmodi
890 912 1045 943 arestatis
1075 922 1135 952 per
1161 922 1221 943 nos
1243 915 1279 943 et
1302 912 1490 944 Concilium
1519 916 1674 943 nostrum

286 956 384 987 aliter
406 956 511 987 fuerit
533 956 713 996 provisum,
729 955 966 987 auctoritatem
982 959 1017 987 et
1032 955 1202 987 licenciam
1225 959 1342 987 tenore
1366 956 1579 988 Presencium
1596 966 1674 987 con·

287 999 437 1031 cedimus
459 1003 495 1031 et
516 999 761 1031 committimus
783 999 950 1040 speciales.
995 999 1206 1038 Mandantes,
1229 1000 1376 1040 insuper,
1399 1004 1434 1031 et
1456 1000 1675 1041 injungentes

290 1044 454 1075 universis
483 1046 519 1074 et
549 1043 690 1084 singulis
717 1043 810 1084 ligeis
839 1043 1001 1074 Ministris
1032 1046 1067 1074 et
1096 1043 1242 1074 subditis
1269 1045 1402 1083 nostris,
1429 1044 1676 1085 cujuscumque

288 1090 398 1118 status
413 1097 471 1118 seu
489 1087 691 1118 condicionis
706 1087 844 1125 fuerint,
860 1087 894 1118 in
912 1087 977 1118 fide
999 1089 1035 1117 et
1058 1086 1215 1126 ligeancia
1238 1087 1362 1128 quibus
1384 1088 1480 1118 nobis
1503 1091 1675 1126 tenentur,

135 1126 201 1157 [f0¹·
290 1141 333 1161 ne
363 1131 427 1171 ipsi
450 1130 746 1162 manutentoribus
771 1131 841 1162 sive
873 1130 1138 1170 predicatoribus
1160 1131 1327 1162 dictarum
1355 1131 1606 1163 conclusionum
1629 1130 1677 1162 sic

137 1159 231 1191 ¹⁰⁷b']
291 1175 623 1216 condempnatarum,
640 1178 701 1205 aut
716 1184 833 1206 eorum
850 1174 1049 1214 fautoribus,
1066 1174 1212 1213 faveant,
1229 1174 1492 1214 consul·1nt,aut
1516 1175 1676 1206 auxilien-

291 1221 349 1249 tur
365 1218 433 1249 ullo
450 1219 559 1257 modo,
575 1218 640 1249 sub
655 1218 868 1249 forisfactura
883 1218 1034 1249 omnium
1051 1228 1118 1259 que
1134 1199 1229 1249 nobis
1244 1218 1434 1250 forisfacere
1457 1222 1619 1259 poterunt
1641 1218 1676 1249 in

291 1266 462 1301 eventum,
479 1265 533 1294 set
548 1262 662 1303 pocius
683 1262 813 1312 prefato
829 1261 1095 1303 Archiepiscopo,
1112 1261 1254 1303 ejusque
1270 1262 1493 1302 Suffraganeis
1509 1273 1546 1293 ac
1565 1262 1676 1293 Minis-

292 1306 354 1336 tris
383 1306 465 1345 suis,
495 1306 529 1337 in
561 1306 760 1337 execucione
797 1306 1012 1337 Presencium
1050 1309 1198 1346 pareant,
1230 1305 1390 1337 obediant
1426 1306 1613 1345 humiliter,
1643 1308 1679 1336 et

292 1349 482 1389 intendant,
499 1350 545 1381 sic
560 1350 651 1391 quod
667 1349 782 1380 debita
797 1353 832 1380 et
848 1352 963 1390 aperta
979 1349 1162 1390 publicacio
1178 1349 1338 1380 adversus
1360 1349 1589 1381 conclusiones
1605 1360 1677 1390 pre-

292 1393 409 1433 dictas,
433 1396 469 1425 et
491 1403 607 1424 earum
630 1396 894 1432 manutentores,
917 1393 1044 1433 absque
1066 1393 1320 1433 perturbacione
1344 1393 1412 1424 fieri
1436 1393 1554 1433 valeat,
1578 1396 1680 1434 prout

291 1447 352 1477 pro
377 1437 570 1468 defensione
593 1439 629 1468 et
651 1437 903 1468 conservacione
929 1436 1022 1467 Fidei
1044 1436 1216 1469 Catholice
1238 1436 1343 1468 fuerit
1364 1437 1532 1468 salubrius
1555 1437 1678 1468 facien-

292 1480 386 1512 dum.
432 1481 471 1512 In
488 1481 587 1522 cujus
601 1481 649 1512 rei
665 1480 900 1512 testimonium
915 1480 976 1512 lias
988 1480 1118 1512 Literas
1134 1483 1265 1512 nostras
1277 1480 1348 1512 fieri
1360 1480 1501 1512 fecimus
1513 1483 1679 1521 patentes.

291 1524 458 1556 —Tested
473 1528 510 1556 at
524 1525 770 1564 lVestminsten
787 1525 828 1556 26
845 1524 944 1556 June.

137 1574 200 1636 g’Jb
252 1578 408 1629 Ottery-
410 1579 467 1618 St
490 1579 630 1630 ΧΙειιῪ·
620 1609 630 1626 ,
668 1579 821 1616 Licence
840 1586 877 1616 to
895 1578 1140 1625 celebrate,—

141 1642 240 1669 „5011ss
256 1633 356 1672 Item,
372 1633 463 1674 apud
488 1633 582 1671 Clist,
606 1633 724 1664 xxix¹¹⁰
746 1633 801 1664 die
823 1633 928 1671 Junii,
953 1632 1120 1663 Dominus
1143 1632 1307 1664 concessit
1331 1633 1518 1664 Licenciam
1535 1633 1681 1664 Domino

294 1676 442 1708 Johanni
472 1677 646 1716 Coterelle,
673 1677 813 1708 Custodi
838 1676 983 1708 Ecclesie
1007 1677 1110 1708 Beate
1132 1676 1237 1707 Mario
1259 1677 1300 1708 de
1323 1677 1438 1718 Otery,
1462 1678 1551 1718 quod
1578 1677 1683 1717 possit

295 1720 403 1751 facere
434 1720 557 1752 Divina
587 1721 754 1759 celebrari,
783 1730 842 1761 per
871 1720 1073 1761 presbiteros
1103 1720 1261 1760 ydoneos,
1288 1721 1323 1751 in
1354 1721 1526 1761 presencia
1552 1731 1622 1760 sua,
1647 1721 1682 1752 in

295 1763 429 1805 Capella
445 1764 515 1795 sive
531 1764 685 1796 Oratorio
700 1763 790 1795 infra
812 1764 1021 1795 Mansionem
1044 1763 1208 1804 ejusdem,
1225 1765 1371 1795 durante
1394 1764 1591 1795 infirmitate
1614 1775 1682 1805 qua

293 1811 377 1839 tunc
398 1808 558 1885 ‹lijelzentus
585 1811 667 1844 erat,
697 1811 835 1849 propter
867 1818 970 1849 quam
1001 1807 1042 1838 ad
1073 1807 1258 1839 Ecclesiam
1287 1808 1494 1840 antedictam
1525 1808 1682 1840 accedere

294 1862 404 1893 neque
427 1862 447 1883 a

141 1906 228 1967 ἐξω·
253 1908 330 1946 For
349 1907 417 1946 the
436 1912 563 1945 arrest
581 1907 622 1945 of
642 1912 718 1945 two
737 1907 1103 1946 excommunicated
1122 1920 1353 1958 persons,—

253 1962 351 2000 Item,
367 1961 504 2000 ibidem,
520 1964 641 2002 quarto
656 1962 711 1992 die
727 1961 852 1992 mensis
867 1962 887 1992 J
893 1962 961 2000 uhi
978 1957 1144 1995 Dominus
1159 1961 1294 2002 scripsit
1312 1961 1412 2002 Regie
1435 1961 1607 2003 Majestati
1623 1972 1683 2003 pro

297 2006 451 2046 capcione
474 2015 650 2046 corporum
674 2005 896 2036 Dominorum
919 2005 1085 2037 Johannis
1110 2006 1225 2037 Aubre
1251 2009 1288 2037 et
1310 2006 1457 2038 Simonis
1481 2006 1605 2047 Cogan,
1629 2016 1684 2037 ex-

295 2049 629 2081 communicatorum.

145 2102 226 2163 {iffi
250 2104 497 2152 Axminster3
517 2104 688 2142 stlonicio
700 2104 803 2153 quod
809 2104 1044 2152 parochmm
1048 2105 1209 2153 famant
1221 2105 1354 2142 claudi
1368 2104 1684 2151 Cimiterium‚——

147 2158 408 2197 m'l'bomas,
425 2161 499 2198 etc.‚
517 2159 652 2189 Decano
667 2158 709 2189 de
726 2158 918 2199 Hwytone,
934 2162 970 2190 et
985 2158 1115 2190 vicario
1131 2159 1298 2199 Perpetuo
1316 2159 1460 2190 Ecclesie
1486 2159 1685 2190 Parochialis

299 2202 341 2233 de
356 2183 581 2241 Axemiiistre,
597 2201 751 2240 salute-m,
767 2205 828 2233 etc.
833 2202 972 2241 —Quia‚
990 2205 1126 2243 propter
1148 2202 1319 2234 defectum
1343 2203 1495 2234 clansure
1520 2201 1686 2234 Cimiterii

299 2245 446 2277 Ecclesie
477 2245 677 2276 parochialis
703 2245 745 2276 de
773 2245 988 2277 Axeminstre
1018 2246 1175 2287 predicte,
1204 2250 1306 2287 prout
1328 2246 1476 2278 vidimus
1506 2246 1684 2277 oculariter

297 2290 433 2330 quando
449 2289 571 2320 ultimo
587 2299 720 2320 eramus
742 2288 878 2328 ibidem,
894 2289 1025 2320 dictum
1049 2289 1260 2322 Cimiterium
1285 2300 1344 2331 per
1365 2290 1495 2321 diversa
1517 2289 1683 2329 animalia,

297 2333 401 2364 eciam
426 2343 551 2373 porcos,
568 2332 727 2364 vilissime
742 2332 954 2373 deturpatur,
970 2333 1004 2364 in
1021 2333 1298 2374 parochianorum
1320 2333 1410 2364 dicte
1433 2333 1579 2365 Ecelesie
1594 2333 1682 2365 vitu-

299 2377 442 2418 perium,
458 2376 631 2417 ipsiusque
646 2375 794 2407 Ecclesie
809 2376 1004 2408 scandalum
1019 2379 1055 2408 et
1069 2377 1209 2408 aliorum
1228 2377 1451 2418 perniciosum
1467 2377 1658 2418 exemplum
1675 2388 1683 2416 ;

298 2420 404 2460 vobis,
419 2420 535 2460 igitur,
553 2419 773 2461 conjunctim,
790 2422 824 2451 et
839 2419 983 2459 divisim,
999 2420 1256 2460 committimus,
1273 2423 1348 2460 etc,
1365 2421 1527 2462 quatinus
1551 2431 1682 2452 monea-

299 2465 344 2496 tis
359 2467 394 2495 et
409 2463 629 2494 effectualiter
643 2462 811 2494 inducatis
826 2463 1041 2504 parochianos
1063 2464 1231 2505 predictos
1253 2465 1343 2505 quod
1368 2465 1557 2505 predictum
1582 2465 1682 2497 Cimi-

297 2507 433 2545 terinm,
449 2506 532 2538 citra
547 2506 686 2538 Festum
703 2506 818 2538 Sancti
833 2507 1003 2538 Michaelis
1019 2507 1171 2548 proximo
1186 2518 1276 2539 nunc
1296 2507 1464 2548 futurum,
1479 2508 1685 2540 sufficienter

299 2549 410 2582 claudi
425 2550 560 2589 faciant,
577 2553 618 2581 ut
633 2553 803 2589 tenentur,
819 2550 883 2582 sub
906 2561 992 2591 pena
1014 2551 1193 2582 Interdicti
1215 2561 1234 2582 a
1255 2552 1430 2592 sepultura
1454 2551 1581 2584 Christi
1603 2552 1682 2583 fide-

300 2595 383 2626 lium
400 2593 484 2625 inibi
498 2593 660 2625 facienda.
707 2593 742 2625 Si
757 2603 852 2634 quos,
868 2598 994 2634 autem,
1011 2594 1287 2635 parochianorum
1312 2595 1540 2636 predictorum
1564 2596 1598 2627 in
1623 2596 1684 2628 hac

299 2641 394 2679 parte
409 2637 636 2677 reclamantes,
651 2636 705 2668 vel
719 2636 917 2678 hujusmodi
932 2638 1060 2677 vestris,
1076 2648 1192 2679 ymmo
1206 2639 1317 2670 verius
1340 2639 1474 2678 nostris,
1490 2639 1684 2671 Monicioni-

301 2682 366 2712 bus
395 2681 626 2721 obtemperare
656 2690 722 2712 non
753 2684 920 2720 curantes,
951 2680 1157 2721 inveneritis,
1188 2682 1300 2715 citetis
1330 2683 1474 2722 eosdem,
1498 2693 1557 2714 seu
1589 2683 1685 2715 citari

301 2724 442 2764 faciatis,
458 2723 551 2774 quod
566 2727 781 2764 compareant
795 2734 906 2756 coram
921 2725 1027 2764 nobis,
1044 2725 1096 2756 vel
1112 2726 1236 2757 nostris
1257 2726 1291 2757 in
1316 2725 1378 2757 hac
1400 2730 1496 2767 parte
1520 2727 1684 2758 Commis-

301 2767 405 2806 sariis,
418 2767 517 2799 certis
533 2767 587 2799 die
601 2770 637 2798 et
651 2767 724 2798 loco
739 2777 823 2808 quos
839 2768 885 2799 eis
898 2768 1050 2800 videritis
1066 2768 1282 2810 prefigendos,
1293 2779 1426 2801 causam
1439 2770 1686 2802 reclamacionis
1714 2793 1719 2796 -

299 2821 372 2850 sue,
389 2815 425 2842 et
439 2821 542 2852 qnare
557 2810 687 2842 dictum
705 2810 918 2843 Cimiterium
934 2815 1060 2843 extunc
1075 2822 1094 2843 a
1108 2812 1284 2853 sepultura
1307 2813 1505 2854 hujusmodi
1529 2814 1686 2847 interdici

299 2865 366 2886 non
382 2853 514 2893 debeat,
529 2853 564 2885 in
580 2853 716 2885 forma'
702 2854 789 2895 Juris
804 2855 1018 2896 proposituri,
1034 2855 1255 2896 ulteriusque,
1272 2859 1336 2887 etc.
1356 2856 1516 2895 (without
1538 2858 1640 2896 date).

146 2894 218 2960 {fg-1
257 2898 402 2936 Exeter
417 2897 668 3005 fitheliissb]
689 2894 879 2950 [Quedam
900 2897 1111 2938 ordinacio
1133 2899 1178 2937 in
1196 2900 1367 2938 Ecclesia
1387 2899 1686 2949 cathedrali,—

309 2953 355 2990 in
372 2965 399 2990 a
431 2965 457 2990 α
475 2965 516 2990 er
672 2974 726 2980 ——

285 3005 382 3057 2e²
