1988 3256
340 326 435 371 382
539 339 640 373 THE
674 339 919 375 REGISTER
954 341 1017 374 or
1050 340 1229 379 BISHOP
1263 341 1672 384 BRANTYNGHAM.

338 441 414 484 ΑΡ·
498 444 597 484 Item,
615 455 636 476 a
651 445 762 478 Johan
783 445 988 478 Hodrefelde
1009 449 1094 488 vynt
1118 447 1243 479 souldz.
1290 447 1390 487 Item,
1406 456 1427 479 a
1441 447 1571 480 Robert
1586 446 1791 488 Skyttysshe
1804 445 1883 486 >vini}

337 475 413 541 ἓξὲξ·
435 510 464 536 Π
480 489 623 542 1souldz.
672 490 718 521 Et
732 490 788 531 jeo
803 490 902 521 voille
917 501 959 531 qe
981 491 1012 522 le
1034 501 1109 532 gres
1132 491 1174 523 de
1195 493 1292 523 toutz
1308 501 1379 535 mes
1401 494 1580 523 servauntz
1594 491 1661 523 soit
1675 491 1748 529 fait,
1765 490 1794 522 si
1809 489 1881 522 rien

469 531 474 536 ’
497 532 563 564 soit
578 533 715 564 aderere
731 534 772 564 de
788 533 863 565 lour
877 534 1003 566 salarie.
1052 535 1099 567 Et
1119 534 1175 576 jeo
1197 535 1296 566 voille
1318 545 1360 576 qe
1381 535 1448 567 soit
1469 535 1571 567 offert
1592 538 1629 567 et
1651 545 1726 576 mys
1748 544 1828 565 sour
1849 533 1882 565 le

494 575 580 608 haut
594 581 693 608 autre
708 577 750 608 de
767 577 932 618 Colytone
947 578 1037 609 disze
1051 578 1161 610 livres.
1211 579 1310 617 Item,
1326 589 1406 610 sour
1427 578 1459 610 le
1481 578 1566 610 haut
1587 581 1686 610 autre
1708 578 1751 610 de
1765 576 1881 619 legiise

490 619 532 650 de
548 620 741 652 Tuvertone
756 620 846 652 disze
863 631 980 653 marcz.
1028 622 1126 660 Item,
1144 632 1223 654 sour
1245 622 1276 654 le
1299 622 1383 653 haut
1405 625 1504 654 autre
1519 621 1574 653 del
1595 622 1697 663 eglise
1712 620 1890 662 parochial.

490 663 532 694 de
549 667 663 695 nostre
681 664 786 695 Dame
802 664 844 696 de
861 665 1064 706 Plymptone
1079 669 1236 697 cessaunt
1251 665 1376 697 souldz.
1424 666 1524 705 Item,
1540 676 1620 697 sour
1634 665 1666 697 le
1681 665 1766 696 haut
1779 667 1881 696 autre

490 707 544 738 del
568 707 669 748 eglise
691 708 858 748 parochial
882 709 924 739 de
949 709 1155 750 Exmynstre
1177 714 1334 741 cessaunt
1356 709 1482 741 souldz.
1528 709 1627 748 Item,
1651 719 1731 740 sour
1745 708 1777 740 le
1793 708 1879 740 haut

488 753 587 782 autre
602 751 655 782 del
672 751 773 792 eglise
789 752 955 792 parochia!
973 752 1015 784 de
1035 753 1293 794 Dokhamptone
1305 755 1391 794 vynt
1406 752 1531 785 souldz.
1578 752 1678 790 Item,
1694 751 1749 794 jeo
1764 751 1878 783 devise

488 804 508 825 a
530 794 641 826 Johan
661 795 784 826 Warda
807 795 892 836 xiijs.
909 795 993 837 iiijd.
1055 796 1154 836 Item,
1178 807 1198 828 a
1221 796 1330 828 Johan
1356 797 1486 837 Bogger
1508 796 1594 838 xiijs.
1610 796 1693 837 iiijd.
1753 795 1799 828 Et
1820 795 1876 837 jeo

489 837 587 869 voille
611 848 652 879 qe
675 848 755 869 mon
778 838 891 870 devise
913 840 979 871 soit
1002 841 1104 871 tenuz
1130 851 1150 872 a
1172 844 1252 872 touz
1277 850 1386 882 yceux
1408 850 1450 881 qe
1476 843 1579 872 sount
1602 849 1645 871 en
1672 839 1724 871 vie
1749 849 1770 870 a
1795 844 1875 881 m'on

488 881 640 922 departir
662 882 704 913 de
727 885 818 914 ceste
841 882 950 915 siecle.
998 884 1044 915 Et
1065 883 1121 925 jeo
1163 884 1240 915 oille
1262 894 1303 925 qe
1326 886 1405 915 tout
1427 884 1460 915 la
1481 883 1615 915 residue
1636 883 1679 915 de
1702 885 1782 915 touz
1804 892 1876 914 mes

486 925 581 956 biens
598 929 632 956 et
648 925 795 957 chateux
810 936 851 967 qe
872 926 940 968 jay,
957 937 999 958 ou
1017 937 1079 968 par
1096 938 1142 958 nu
1170 938 1188 959 e
1210 927 1284 959 voie
1307 937 1361 959 me
1383 930 1487 959 sount
1507 927 1625 959 avenir
1646 931 1746 959 outre
1760 936 1818 958 ceo
1833 936 1875 968 qe

484 968 543 1010 jay
555 969 667 1000 devise
685 979 744 1010 par
759 980 814 1001 ma
829 970 992 1002 fraunche
1003 971 1160 1002 voluntee
1176 975 1212 1002 et
1226 971 1313 1002 bone
1330 971 1497 1011 memorie,
1513 970 1568 1012 jeo
1583 971 1694 1002 donne
1710 974 1747 1002 et
1761 969 1875 1002 devise

484 1012 679 1053 plenement
694 1015 731 1045 et
745 1013 950 1045 entierment
962 1024 982 1045 a
996 1015 1171 1055 Margrete,
1188 1025 1243 1046 ma
1258 1014 1439 1046 treschiere
1450 1014 1654 1055 compaigne,
1667 1024 1770 1045 saunz
1781 1013 1875 1054 nulle

485 1057 698 1097 excepcioun.
755 1057 800 1089 Et
825 1057 880 1098 jeo
906 1057 1006 1088 voille
1029 1068 1071 1099 qe
1097 1062 1187 1090 ceste
1215 1069 1293 1090 mon
1324 1061 1519 1097 testament,
1546 1058 1611 1089 fait
1634 1067 1676 1089 en
1702 1067 1758 1089 ma
1785 1056 1873 1089 bone

485 1100 654 1139 memorie,
670 1100 772 1132 estois
787 1110 829 1132 en
845 1111 881 1132 sa
896 1101 987 1132 force
1002 1101 1031 1132 si
1044 1101 1099 1143 jeo
1115 1112 1157 1133 ne
1173 1102 1245 1133 face
1261 1112 1307 1133 un
1323 1105 1431 1133 autre.
1481 1102 1528 1133 Et
1542 1111 1562 1133 a
1576 1104 1648 1133 cest
1663 1111 1742 1132 mon
1758 1100 1872 1132 devise

484 1147 520 1175 et
535 1154 591 1175 ma
606 1144 750 1184 darreyn
763 1146 799 1176 et
813 1144 976 1176 fraunche
985 1145 1142 1177 voluntes
1154 1145 1237 1176 faire
1249 1148 1285 1177 et
1296 1145 1505 1186 acompliere,
1518 1145 1572 1186 jeo
1584 1145 1656 1176 face
1668 1147 1704 1176 et
1713 1143 1872 1185 ordeigne

485 1197 556 1218 mes
577 1191 779 1219 executours
803 1188 981 1229 Margrete,
1007 1198 1059 1220 ma
1082 1189 1264 1220 treschiere
1285 1189 1490 1230 compaigne,
1516 1188 1671 1227 William,
1687 1198 1767 1220 mon
1786 1190 1872 1220 tres-

482 1230 612 1262 honure
627 1230 696 1270 fitz,
713 1231 868 1272 Evesque
883 1231 926 1263 de
946 1232 1139 1272 Hereforde,
1163 1232 1235 1264 Sire
1251 1232 1380 1264 Robert
1403 1232 1621 1271 Sambourne,
1646 1231 1720 1263 Sire
1745 1231 1871 1264 Robert

483 1274 741 1315 Vaggescombe‚
769 1277 814 1306 et¹
833 1275 905 1307 Sire
928 1275 1070 1307 William
1098 1276 1259 1308 Poutone.
1316 1277 1368 1307 En
1395 1275 1669 1316 tesmoignaunce
1690 1274 1734 1306 de
1759 1274 1871 1316 quelle

482 1318 591 1357 chose,
606 1320 626 1349 a.
641 1321 731 1350 ceste
747 1329 802 1350 ma
816 1318 969 1354 darreine
981 1319 1133 1357 volentes
1147 1319 1206 1361 jay
1218 1329 1294 1361 mys
1309 1329 1387 1351 mon
1399 1319 1478 1351 seal.
1526 1319 1623 1351 Done
1633 1329 1654 1350 a
1665 1319 1868 1359 'Puvertone‚

482 1362 513 1393 le
527 1361 606 1403 jour
622 1364 658 1393 et
672 1362 728 1393 lan
744 1362 881 1394 susditz.

438 1405 479 1437 Iu
501 1406 569 1437 Dm
592 1406 745 1444 Nonius,
771 1406 1011 1447 Anam—Ego,
1036 1406 1137 1448 Hugo
1159 1406 1202 1438 de
1225 1406 1430 1447 courtenay,
1451 1406 1572 1439 Comes
1593 1405 1753 1445 Devonie,
1776 1405 1875 1447 apud'

481 1449 683 1488 Tuvertone,
708 1449 831 1490 xxviij⁰
854 1449 909 1481 die
932 1450 1055 1481 mensis
1079 1450 1213 1491 Aprilis,
1237 1450 1336 1482 Anno
1361 1450 1496 1481 Domini
1519 1450 1602 1481 Μιιὶο
1617 1449 1750 1482 0001110
1763 1449 1869 1482 lxx¹¹²⁰

480 1493 633 1534 septimo,
656 1493 731 1533 lego
753 1493 900 1524 animam
923 1503 1034 1525 meam
1059 1494 1138 1533 Deo,
1162 1497 1199 1526 et
1221 1504 1342 1535 corpus
1365 1504 1478 1525 meum
1505 1493 1550 1525 ad
1576 1493 1808 1534 sepeliendum
1830 1493 1866 1525 in

481 1536 628 1568 Ecclesia
650 1536 846 1568 Oathedrali
869 1537 966 1568 Beati
988 1537 1082 1569 Petri
1107 1537 1295 1576 Exoniensi,
1312 1548 1379 1569 non
1402 1537 1560 1569 obstante
1581 1536 1673 1578 quod
1694 1536 1730 1568 in
1752 1537 1868 1568 Testa-

479 1584 595 1612 mento
611 1590 686 1611 meo
702 1580 804 1621 priori
821 1580 1001 1621 legaverim
1017 1591 1138 1622 corpus
1161 1591 1275 1613 meum
1298 1581 1342 1612 ad
1364 1581 1594 1622 sepeliendum
1617 1580 1706 1612 alibi.
1757 1580 1866 1620 Quod,

479 1624 626 1664 quidem,
647 1625 905 1656 Testamentum
928 1634 995 1665 quo
1017 1624 1060 1656 ad
1083 1625 1195 1660 omnia
1217 1625 1281 1656 alia
1307 1624 1342 1656 in
1365 1635 1404 1656 eo
1429 1627 1591 1656 contenta
1614 1624 1690 1655 volo
1713 1623 1868 1656 totaliter

478 1667 656 1699 observari.
704 1668 745 1699 In
761 1667 860 1709 cujus
875 1667 924 1699 rei
941 1668 1175 1700 testimonium
1193 1668 1411 1701 Presentibus
1427 1668 1575 1709 sigillum
1586 1677 1700 1699 meum
1715 1667 1867 1708 apposui.

479 1711 609 1743 Datum
625 1711 707 1750 loco,
724 1711 787 1751 die,
804 1714 841 1743 et
855 1721 944 1743 anno
959 1712 1172 1752 supradictis.

434 1755 668 1786 Sextodecimo
691 1755 746 1786 die
769 1755 892 1786 mensis
908 1755 1012 1793 Junii,
1037 1755 1125 1788 A.D.
1150 1755 1239 1787 Mino·
1263 1755 1395 1787 CCCflsm
1416 1754 1580 1796 lxxvijmo,
1596 1754 1807 1787 insinuatum
1829 1757 1866 1787 et

475 1798 686 1839 publicatum
701 1809 740 1830 ac
755 1798 937 1839 probatum
959 1799 1028 1830 fuit
1044 1799 1301 1831 Testamentum
1316 1798 1582 1839 infrascriptum,
1598 1808 1666 1830 una
1681 1808 1759 1830 cum
1776 1798 1864 1830 eodi-

474 1842 550 1873 cillo
563 1842 782 1874 Presentibus
791 1852 930 1882 saneim,
944 1853 1054 1873 coram
1071 1842 1177 1881 nobis,
1188 1843 1326 1882 Thoma,
1340 1842 1401 1874 Dei
1413 1842 1522 1883 gracia
1534 1841 1715 1873 Exoniensi
1732 1841 1865 1883 Episco-

475 1896 528 1926 po,
540 1886 575 1917 in
587 1886 733 1917 Ecclesia
745 1889 860 1917 nostra
871 1885 1064 1918 cathedrali
1077 1886 1267 1924 Exoniwsi,
1280 1889 1316 1918 et
1327 1896 1388 1927 per
1396 1896 1457 1917 nos
1468 1896 1529 1927 pro
1538 1885 1700 1917 tribunali
1712 1886 1868 1917 sedentes

475 1940 536 1970 pro
557 1930 629 1970 ipso
645 1930 864 1961 Testamento
886 1929 1036 1970 legitime
1059 1930 1320 1970 pronunciatum
1338 1941 1346 1969 ;
1374 1929 1617 1961 Executoribus
1631 1929 1864 1970 infrascriptis,

477 1972 627 2013 [juratis]
651 1973 694 2004 ad
716 1973 947 2004 exhibendum
970 1973 1205 2005 Inventarium
1228 1973 1270 2004 de
1292 1976 1329 2005 et
1351 1983 1453 2014 super
1479 1972 1644 2004 universis
1666 1976 1702 2003 et
1724 1972 1866 2013 singulis

475 2016 628 2058 ejusdem
646 2016 799 2047 defuncti
815 2016 1048 2055 facultatibus,
1065 2016 1247 2048 mobilibus
1262 2019 1298 2048 et
1313 2027 1349 2048 se
1365 2016 1590 2056 moventibus,
1607 2015 1696 2047 infra
1711 2019 1864 2048 nostram

475 2060 656 2092 Civitatem
673 2063 709 2092 et
726 2060 890 2091 Diocesim
908 2060 1135 2092 existentibus
1151 2060 1365 2101 ubicumque.
1411 2059 1553 2101 [Copied
1568 2070 1611 2091 on
1627 2069 1647 2091 a
1662 2059 1764 2092 blank
1780 2069 1864 2101 page

475 2103 509 2135 in
527 2103 587 2135 the
605 2103 759 2144 Register
774 2103 809 2134 of
827 2103 1056 2143 Ordinathms,
1072 2103 1145 2135 Vol.
1164 2103 1198 2143 ii,
1214 2103 1275 2135 fol.
1293 2101 1386 2144 26b.]

321 2154 385 2182 Vol.
398 2154 682 2195 I-Confessions
699 2169 708 2203 3
736 2156 802 2194 Ad
818 2157 1057 2194 audiendum
1079 2156 1404 2206 Gonsessiones‚—

321 2189 369 2215 fol.
384 2190 529 2250 68‘Item,
548 2210 742 2249 Criditonie,
759 2210 817 2251 xxj
836 2210 899 2250 die,
917 2210 1038 2242 Frater
1051 2210 1074 2242 J
1076 2210 1224 2242 ohannes
1241 2211 1420 2250 Laurenoe,
1438 2209 1534 2242 Prior
1550 2209 1686 2242 Ordinis
1702 2210 1863 2243 Fmtrum

477 2254 731 2286 Predicatorum
755 2254 949 2285 Conventus
975 2254 1110 2293 Exonie,
1128 2254 1250 2286 habuit
1275 2254 1463 2285 Licenciam
1485 2254 1529 2285 ad
1551 2254 1759 2286 audiendum
1775 2253 1861 2286 Con-

472 2298 631 2329 fessiones
647 2297 799 2329 omnium
815 2300 851 2329 et
866 2297 1087 2338 singulorum,
1103 2301 1184 2337 etc„
1199 2300 1235 2329 et
1250 2298 1294 2329 ad
1309 2297 1552 2329 absolvendum
1566 2298 1701 2330 eosdem
1723 2297 1758 2329 in
1780 2297 1861 2329 casi-

471 2341 535 2373 bus
551 2342 696 2373 Domino
711 2341 911 2380 reservatis3
934 2341 1066 2373 casibus
1080 2341 1250 2373 consuetis
1272 2341 1454 2373 dumtaxat
1476 2341 1623 2382 exceptis
1639 2350 1649 2380 3
1670 2350 1731 2382 per
1752 2350 1861 2373 unum

470 2395 599 2417 annum
614 2385 826 2417 duraturam.

316 2436 402 2498 ἐξω·
428 2439 633 2478 Braunton
654 2453 663 2484 ;
697 2440 760 2478 Sir
777 2439 883 2478 John
904 2439 1200 2485 Godmerstone,
1221 2439 1339 2486 V.,-

341 2492 346 2497 “
472 2495 610 2526 Licence
632 2494 668 2525 of
689 2493 943 2525 non-resideuce
966 2493 1020 2525 for
1043 2497 1111 2525 two
1133 2503 1230 2534 years
1247 2504 1255 2531 ;
1280 2493 1299 2508 “
1311 2493 1404 2531 dum,
1421 2496 1547 2532 tamen,
1562 2493 1699 2525 steterit
1714 2493 1750 2525 in
1765 2493 1858 2526 obse-

471 2539 560 2579 quiis
577 2538 713 2569 Domini
735 2537 899 2569 Johannis
916 2536 1088 2577 [Gilbert]‚
1107 2537 1364 2569 Herefordensis
1389 2537 1552 2578 Episcopi,
1576 2546 1638 2578 per
1657 2537 1749 2568 idem
1771 2539 1857 2569 tem-

467 2591 531 2622 pus
542 2582 560 2594 ’¹
579 2581 743 2621 (London,
762 2581 801 2612 15
817 2581 838 2612 J
842 2580 924 2622 uly).

425 2635 482 2673 St.
506 2635 900 2685 Ruan-Lanyhorn03
919 2634 1069 2673 Martin
1090 2634 1352 2682 Ercedeakne,
1374 2635 1609 2682 subdemon,
1630 2634 1748 2682 R„-

425 2688 658 2731 Dispensation
673 2701 682 2721 ε
707 2689 959 2721 non-residence
975 2688 1028 2720 for
1044 2690 1112 2720 two
1126 2698 1232 2730 years,
1249 2692 1286 2720 to
1300 2689 1403 2730 study
1421 2688 1586 2729 (London,
1604 2689 1644 2720 16
1659 2689 1681 2722 J
1683 2688 1766 2731 uly).

315 2741 375 2769 Au·
427 2744 792 2794 Bratton-Fleming
812 2740 1031 2796 [Brattone,
1053 2740 1155 2796 MS]
1171 2756 1182 2790 ;
1211 2743 1362 2781 Master
1380 2743 1554 2781 William
1583 2742 1715 2794 Cridy,
1736 2744 1854 2790 R,—

314 2783 384 2836 ξὲξ
428 2799 567 2831 Licence
583 2798 618 2830 of
633 2797 887 2829 non-resideuce
898 2797 952 2828 for
965 2807 985 2828 a
999 2807 1089 2838 year,
1102 2800 1139 2829 to
1154 2797 1269 2838 study,
1279 2797 1367 2829 from
1384 2798 1404 2829 5
1420 2797 1494 2830 0οῢ-
1508 2797 1674 2837 (Ῑιῡῐῑᾶῡΰ»
1687 2798 1728 2830 ²8
1740 2797 1852 2839 Aug->-

314 2853 389 2885 [V0¹·
426 2855 483 2893 St.
506 2852 710 2891 German’s
730 2853 868 2903 Priory
881 2865 892 2900 ;
922 2851 985 2890 Ad
1003 2851 1221 2902 eliqendum
1250 2851 1524 2901 Coadjutorem
1550 2851 1691 2890 Priori
1716 2851 1854 2891 Sancti

315 2887 371 2919 11.1
657 2907 664 2915 .

423 2907 684 3001 5¹12?ngss
712 2960 880 3003 Magistris
905 2961 1073 2994 Willelmo
1095 2959 1280 3003 Trevellys,
1306 2960 1406 3000 Sacre
1436 2960 1561 3003 Pagina
1587 2945 1782 3001 Professor-i,
1812 2970 1852 2994 ao
