1988 3256
408 362 700 398 srms'rstm
746 361 1208 398 commune—Asso
1253 352 1348 397 15⁰.
1558 353 1653 397 557

104 460 180 523 {538¹}
262 467 462 508 solidorum,
491 480 597 511 quam
622 480 686 510 pro
713 469 877 511 porcione
899 467 1033 501 Vicarii
1049 468 1142 500 dicte
1158 467 1314 499 Ecclesie
1331 467 1376 498 ad
1391 466 1654 507 reparacionem

109 528 169 556 Vol.
182 529 205 557 1·
261 511 465 554 hujusmodi
481 513 686 546 defectuum
702 514 994 546 contribuendam
1016 513 1118 554 juxta
1141 521 1364 543 communem
1387 511 1653 542 estimacionem

260 556 494 589 sufficientem
521 561 737 599 reputamus,
766 559 831 590 sub
857 558 1045 600 Sequestro
1074 558 1196 588 nostro
1227 555 1430 597 hujusmodi
1460 565 1654 586 remanere.

260 600 379 641 Vobis,
407 602 527 642 igitur,
555 603 706 634 firmiter
741 603 979 644 injungentes,
1007 601 1262 633 committimus
1285 602 1322 631 et
1345 600 1556 631 mandamus
1571 610 1654 640 qua-

260 645 358 677 tinus
375 646 509 678 dictum
527 647 755 688 Sequestrum
777 650 948 686 nostrum,
972 647 1010 677 in
1032 645 1209 677 fructibus
1233 645 1388 676 Ecclesie
1404 644 1561 684 predicte
1578 654 1654 684 por-

261 689 398 722 cionem
421 691 555 723 Vicarii
579 692 739 733 ejusdem
762 691 1060 732 contingentibus,
1083 692 1125 721 ut
1147 689 1377 730 premittitur,
1406 689 1655 729 interpositum

260 733 372 766 fuisse
398 738 436 767 et
460 746 547 776 esse,
573 746 615 768 ac
639 746 832 775 remanere,
859 736 998 777 publice
1024 737 1061 766 et
1086 734 1316 774 solempniter
1337 733 1524 772 nuncietis,
1541 735 1577 764 et
1592 743 1656 773 per

261 778 348 810 alios
364 779 506 812 faciatis
521 781 626 812 modo
642 781 750 812 simili
766 781 927 812 nunciari
941 795 949 819 ς
966 780 1079 811 dictos
1095 781 1238 811 centum
1264 778 1392 810 solidos
1414 778 1457 808 de
1480 777 1656 809 fructibus

262 823 422 864 ejusdem
450 824 605 857 Ecclesie
628 825 830 866 porcionem
845 825 978 857 Vicarii
994 823 1296 862 concernentibus,
1313 832 1462 863 quorum
1478 832 1549 853 non
1565 822 1655 853 solu-

262 867 373 900 ciom‘s
389 869 570 901 occasione
586 870 805 901 construcoio
820 872 858 901 et
871 869 1052 910 reparacio
1066 867 1197 908 prefati
1222 867 1376 899 Cancelli
1393 866 1606 897 differuntur
1620 869 1657 898 et

263 913 426 953 nequiter
451 914 688 953 retardantur,
710 914 926 955 quamcicius
949 913 1130 945 commode
1157 912 1330 953 poteritis,
1355 911 1464 942 levari
1487 913 1523 942 et
1539 911 1656 951 colligi

262 956 454 996 facientes;
478 958 687 999 eosdemque
703 961 846 990 centum
859 959 987 990 solidos
998 956 1146 998 prefatis
1159 956 1309 987 Domino
1322 955 1503 995 Nicholao‚
1515 955 1658 987 Vicario

265 1001 434 1041 predicto,
462 1004 499 1034 et
524 1002 674 1034 Ricardo
700 1003 814 1034 Brode
841 1003 979 1034 concito
994 1002 1245 1043 persolventes,
1261 1010 1325 1040 per
1340 1000 1434 1040 ipsos
1449 1000 1487 1030 in
1503 1010 1588 1031 usus
1604 1010 1656 1030 re-

265 1046 462 1086 paraciom's
478 1047 681 1088 hujusmodi
698 1047 912 1086 defectuum,
928 1057 992 1088 pro
1007 1046 1172 1088 porcione
1195 1045 1307 1086 ipsius
1331 1044 1463 1075 Vicarii
1486 1044 1604 1075 debite
1620 1046 1657 1075 et

265 1090 427 1122 celeriter
451 1092 716 1123 convertendos.
771 1091 828 1123 Ad
851 1091 927 1130 hec,
952 1101 1024 1130 vos,
1053 1091 1235 1121 Decanum
1263 1089 1306 1120 de
1323 1089 1523 1130 Honytone,
1541 1098 1582 1119 ac
1597 1089 1656 1119 Vi-

266 1134 379 1166 carios
411 1135 648 1167 Ecclesiarum
680 1136 723 1167 de
763 1136 891 1167 Setone
929 1138 966 1167 et
996 1136 1243 1175 Axemynstre‚
1276 1136 1398 1165 tenore
1429 1133 1656 1164 Presencium

265 1180 501 1220 peremptorie
517 1180 668 1212 citamus
685 1181 778 1221 quod
793 1180 1037 1221 compareatis,
1054 1181 1090 1210 et
1106 1179 1253 1220 quilibet
1269 1180 1427 1209 vestrum
1444 1180 1656 1218 compareat,

266 1232 385 1254 coram
413 1224 618 1256 Presidente
649 1225 857 1256 Consistorii
880 1225 994 1256 nostri
1020 1223 1238 1262 Exoniensis,
1269 1222 1383 1263 primo
1415 1222 1471 1253 die
1500 1222 1658 1253 Juridico

266 1268 418 1307 proximi
435 1268 643 1300 Consistorii
669 1269 707 1300 in
724 1269 882 1301 Ecclesia
896 1271 1019 1300 nostra
1035 1267 1237 1299 Cathedrali
1254 1267 1398 1306 Exonie,
1414 1268 1495 1307 post
1513 1266 1657 1298 Festum

268 1311 435 1343 Omnium
464 1313 674 1344 Sanctorum
698 1314 858 1354 proximo
884 1323 978 1344 nunc
1002 1313 1175 1350 futurum,
1199 1311 1429 1349 celebrand03
1457 1321 1562 1351 super
1577 1321 1657 1342 con-

267 1357 408 1397 temptu
432 1359 469 1388 et
494 1357 746 1397 inobediencia,
774 1368 815 1389 eo
841 1358 934 1399 quod
960 1356 1141 1389 consimile
1170 1356 1377 1387 Mandatum
1401 1365 1464 1396 per
1478 1365 1542 1386 nos
1558 1355 1658 1386 vobis

268 1400 452 1440 directum,
478 1403 514 1433 et
538 1412 602 1443 per
626 1412 688 1433 vos
711 1402 904 1433 admissum
928 1404 964 1433 et
980 1403 1171 1442 receptum,
1188 1401 1278 1432 eitra
1295 1400 1439 1431 Festum
1457 1399 1577 1430 Sancti
1594 1399 1657 1430 Mi-

267 1444 398 1476 chaelis
410 1446 568 1485 proximo
580 1446 801 1487 preteritum,
813 1448 919 1487 prout
934 1445 1108 1477 habuistis
1120 1445 1157 1476 in
1169 1444 1347 1475 mandatis
1359 1444 1500 1482 nostris,
1512 1444 1658 1475 minime

267 1489 461 1521 certificare
477 1491 638 1530 curastis,
655 1491 773 1522 debite
788 1491 1001 1531 responsuri,
1014 1492 1051 1521 et
1063 1490 1106 1520 de
1116 1489 1266 1520 veritate
1277 1488 1435 1527 dicenda,
1447 1488 1476 1520 si
1486 1490 1657 1528 oporteat,

267 1534 501 1573 personaliter
523 1535 695 1576 juraturi3
722 1535 923 1576 facturique
950 1534 1109 1572 ulterius,
1137 1536 1203 1565 etc.
1251 1533 1298 1564 Et
1322 1532 1406 1574 quid
1435 1532 1594 1564 feceritis
1620 1533 1658 1563 in

267 1578 458 1618 premissis,
486 1589 560 1618 nos,
588 1589 651 1610 seu
675 1579 760 1611 dicti
782 1579 989 1611 Consistorii
1005 1579 1118 1610 nostri
1134 1578 1376 1609 Presidentem
1392 1587 1658 1618 quemcumque,

268 1621 359 1652 citra
375 1622 520 1654 Festum
536 1623 674 1655 Natalis
691 1624 833 1655 Domini
848 1623 1007 1664 proximo
1023 1633 1117 1654 nunc
1132 1622 1304 1660 futurum,
1316 1621 1433 1652 debite
1445 1621 1658 1660 certificetis,

268 1667 504 1698 communiter
519 1677 581 1698 seu
596 1668 747 1708 divisim,
763 1668 989 1700 Presencium
1006 1677 1086 1699 cum
1103 1669 1224 1698 tenore
1244 1664 1410 1707 (without
1425 1665 1532 1704 date).

114 1705 194 1767 223
227 1707 553 1757 Confessions,—

117 1774 200 1805 nan)
225 1764 328 1804 Item,
354 1765 554 1805 Londoniis,
580 1765 716 1797 decimo
739 1766 795 1797 die
823 1766 1043 1805 Novembris,
1068 1765 1240 1796 Dominus
1263 1764 1436 1796 concessit
1459 1764 1659 1795 Licenciam

274 1809 390 1840 Fratri
405 1810 427 1841 J
429 1810 560 1841 ohanni
572 1810 731 1850 Suttone,
743 1811 854 1842 Priori
872 1811 1052 1842 Prioratus
1065 1810 1107 1841 de
1120 1809 1278 1848 Suttone,
1289 1809 1390 1850 juxta
1400 1808 1659 1848 Plummouthe,

272 1853 318 1884 ad
333 1854 548 1886 audiendum
565 1854 812 1886 Confessiones
835 1855 1056 1886 subditorum
1080 1854 1222 1885 Domini
1245 1863 1542 1894 quorumcumque
1565 1853 1661 1884 infra

271 1897 608 1930 Archidiaconatum
625 1899 798 1939 Tottonie,
815 1900 861 1931 ad
876 1899 1137 1940 beneplacitum
1148 1898 1290 1929 Domini
1307 1898 1533 1935 duraturam3
1549 1907 1659 1929 reser-

271 1942 365 1973 vatis
381 1943 521 1975 casibus
540 1944 728 1975 consuetis.

223 1994 282 2033 St.
273 1995 484 2096 .RFhillack
506 1994 670 2050 [Sancte
690 1997 925 2044 Felicitatis,
944 1996 1030 2035 MS.
1034 1994 1070 2050 ]·
1059 2026 1071 2044 ,
1091 1996 1248 2034 Master
1263 1995 1420 2034 Robert
1431 1995 1658 2046 Trethewy,

227 2103 375 2137 Licence
391 2105 429 2137 of
443 2106 711 2138 non-residenoe
726 2106 783 2138 for
798 2117 820 2138 a
835 2117 921 2148 year
939 2104 1111 2148 (London,
1130 2107 1171 2137 13
1187 2106 1220 2137 N
1222 2103 1307 2147 ov.).

229 2157 475 2198 Colebrooke
490 2174 501 2207 ;
529 2160 691 2198 Licence
711 2167 748 2199 to
766 2161 1016 2207 celebrate,—

231 2213 335 2253 Item,
352 2215 552 2255 Londoniis,
567 2217 763 2256 penultimo
780 2217 836 2247 die
851 2216 1071 2255 Novembris,
1088 2216 1260 2247 Dominus
1276 2215 1448 2246 concessit
1464 2215 1663 2247 Licenciam

276 2258 353 2289 Ade
370 2258 579 2299 Coplestone
595 2263 632 2291 et
647 2260 758 2291 Alicie
774 2261 873 2291 uxori
897 2261 1056 2302 ejusdem
1069 2275 1076 2298 ;
1100 2270 1248 2299 necnon,
1264 2260 1286 2291 J
1288 2260 1419 2290 ohanni
1443 2259 1662 2300 Coplestone,

277 2302 349 2333 filio
365 2303 566 2343 eorundem,
583 2306 619 2335 et
635 2305 746 2336 Alicie
762 2305 861 2336 uxori
878 2305 964 2335 dicti
979 2305 1001 2335 J
1003 2304 1162 2343 ohannis,
1179 2304 1271 2345 quod
1294 2304 1440 2344 possint,
1457 2307 1493 2334 et
1516 2304 1664 2344 quilibet

276 2355 397 2377 eorum
427 2357 491 2387 per
521 2358 558 2379 se
588 2349 710 2388 possit,
740 2348 858 2380 facere
889 2349 1018 2379 Divina
1048 2348 1227 2387 celebrari,
1252 2351 1329 2386 etc.,
1354 2348 1391 2378 in
1424 2348 1567 2388 Capella
1591 2349 1664 2380 sive

278 2390 440 2422 Oratorio
457 2391 650 2424 Mansionis
666 2392 709 2423 de
727 2392 946 2433 Coplestone,
962 2393 999 2423 in
1016 2392 1188 2424 Parochia
1204 2393 1247 2424 de
1265 2392 1435 2423 Colbroke
1452 2393 1581 2424 situate
1595 2407 1602 2432 ;
1619 2393 1664 2424 ad

276 2434 537 2475 beneplacitum
554 2436 695 2467 Domini
711 2437 929 2468 duraturam.

119 2486 201 2548 [Db.
231 2488 610 2528 Brent-—Buckfast
630 2489 837 2542 Abbey,—

122 2554 204 2584 sm]
234 2543 396 2583 Thomas,
427 2547 505 2584 etc.,
537 2545 721 2586 cujusdam
754 2545 878 2578 Gracie
908 2546 1109 2586 Apostolice
1141 2546 1291 2577 Domino
1323 2546 1476 2577 Roberto
1508 2546 1664 2587 Knythe,

278 2588 483 2628 presbitero,
499 2592 619 2620 nostre
635 2590 802 2630 Diocesis,
820 2590 862 2621 de
879 2590 1056 2621 Beneficio
1073 2590 1321 2623 Ecclesiastico
1344 2593 1512 2622 consueto
1535 2591 1664 2622 abolim

280 2632 425 2664 Clericis
442 2632 665 2665 Secularibus
681 2634 864 2674 assignari,
881 2635 926 2665 ad
949 2634 1266 2674 Presentacionem,
1285 2634 1530 2674 Collacionem‚
1547 2635 1664 2666 Provi-

280 2676 426 2715 sionem,
443 2686 504 2708 seu
527 2678 687 2718 quamvis
710 2678 816 2709 aliam
840 2679 1109 2718 disposicionem
1130 2679 1386 2718 Religiosorum
1402 2679 1577 2718 Virorum,
1594 2679 1663 2709 Ab·
1701 2699 1706 2701 —

281 2720 374 2751 batis
390 2723 427 2752 et
443 2720 646 2753 Conventus
669 2722 873 2753 Monasterii
899 2722 1111 2762 Bukfestrie,
1129 2723 1270 2753 Ordinis
1295 2723 1548 2762 Cisterciensis,
1572 2733 1663 2754 com-

281 2765 437 2796 muniter
462 2765 518 2796 vel
548 2765 688 2796 divisim
712 2766 922 2806 pertinente,
948 2767 985 2797 in
1009 2766 1125 2798 forma
1149 2777 1219 2807 qua
1245 2766 1352 2798 Sedes
1375 2767 1579 2807 Apostolica
1601 2777 1665 2807 pro

280 2809 493 2849 pauperibus
509 2809 644 2841 clericis
659 2810 909 2842 beneficiandis
926 2811 1076 2842 scribere
1100 2811 1292 2849 consuevit,
1307 2821 1371 2851 per
1395 2811 1663 2842 Sanotissimum

280 2852 318 2883 in
335 2852 475 2884 Christo
491 2853 634 2885 Patrem
650 2856 687 2885 et
703 2854 893 2885 Dominum
914 2857 1087 2894 nostrum,
1104 2855 1294 2885 Dominum
1318 2855 1514 2893 Urbanum,
1536 2855 1664 2886 Divina

280 2896 510 2928 Providencia
534 2897 667 2938 Papam
700 2898 855 2937 Sextum,
886 2898 981 2930 facte
1012 2901 1049 2930 et
1073 2908 1247 2937 concesse,
1274 2899 1448 2930 Executor
1478 2899 1612 2938 unicus,
1643 2908 1664 2930 a

279 2940 368 2972 Sede
387 2941 590 2982 Apostolica
612 2942 769 2983 legitime
793 2943 993 2984 deputatus,
1010 2943 1162 2975 Decanis
1185 2943 1358 2983 Tottonie,
1383 2943 1604 2984 Wodeleghe,
1628 2945 1664 2975 et
