1988 3256
298 363 393 408 194
495 373 597 407 mn
631 372 879 408 numeras
912 372 974 406 or
1007 371 1186 406 BISHOP
1220 370 1629 407 semitonsis.

293 465 372 505 AssD·
403 479 523 513 Frater
538 477 739 520 Radulphus
754 477 939 518 Shaffham,
962 478 1127 520 indigena,
1152 478 1247 511 Prior
1267 478 1311 511 de
1334 477 1542 520 Carsewylle‚
1565 477 1701 520 optinet
1722 475 1834 510 Eccle-

292 510 403 572 }{ff'ss
447 522 532 555 siam
547 523 589 554 de
606 522 809 555 Holeoombe
833 521 953 561 Rokes,
979 522 1037 564 qui
1061 522 1229 554 incumbit
1252 522 1358 554 Priori
1380 525 1417 554 et
1438 521 1632 555 Conventui
1653 521 1697 554 de
1718 520 1836 553 Konte

297 578 339 606 η,
352 564 359 572 “
449 569 558 606 acuto,
581 569 618 598 et
639 576 707 598 non
729 565 856 598 residet
870 565 906 597 in
921 566 1063 604 eademg
1087 565 1186 607 cujus
1202 566 1335 598 fructus
1354 569 1390 598 et
1404 568 1591 608 proventus
1605 564 1712 598 annui
1726 574 1763 597 se
1777 574 1834 597 ex·

446 610 596 642 tendunt
611 610 653 642 ad
669 609 762 648 xxlo’„
781 614 817 641 et
831 608 983 651 optinuit
997 609 1129 641 circiter
1144 620 1202 650 per
1218 609 1263 651 vij
1281 619 1396 642 annos.

404 654 501 688 Prior
517 653 689 686 Prioratus
704 653 746 685 de
762 653 942 686 Ottertone
956 656 1099 695 occupat
1114 653 1295 685 Ecclesiam
1311 653 1354 685 de
1376 652 1619 694 Sydemouthe,
1635 650 1756 685 valoris
1778 660 1837 693 por

448 707 577 730 annum
593 698 674 729 xxli.
734 696 830 736 [This
847 696 962 738 Priory
978 707 1045 728 was
1058 700 1179 729 vacant
1194 697 1255 737 (ece
1269 706 1352 739 page
1367 693 1450 739 82)].

405 743 503 775 Idem
518 744 660 782 occupat
677 740 858 772 Ecclesiam
874 740 916 771 de
932 739 1122 778 Ottertone,
1139 740 1260 772 valoris
1275 750 1335 782 per
1349 750 1477 772 annum
1493 739 1575 773 xxli·

405 786 502 818 Idem
517 787 658 826 occupat
674 784 855 816 Ecclesiam
871 784 914 815 de
930 784 1148 826 Rapsioi-de,
1167 784 1288 816 valoris
1304 794 1363 826 per
1377 794 1505 816 annum
1523 783 1577 816 Cn.

407 830 503 862 Idem
519 828 652 869 optinet
668 827 848 859 Ecclesiam
866 828 908 859 de
924 827 1153 868 Yartecombe,
1171 828 1292 860 valoris
1307 838 1367 869 per
1381 837 1511 859 annum
1526 827 1608 861 xxlt'.

406 872 572 946 Prior-’dle
603 872 728 903 Lodres
757 871 891 913 optinet
918 871 1098 903 Ecclesiam
1125 871 1169 903 de
1195 870 1398 912 Axemuthe,
1423 871 1593 904 valentem
1622 880 1682 912 per
1707 877 1838 902 annum

449 925 532 948 xxm
563 926 583 947 ι.

405 926 617 992 —DomJinus
630 958 739 990 Adam
750 958 994 999 Hertyngdone
1008 961 1150 1001 occupat
1164 959 1305 991 eandem
1317 958 1509 999 Ecclesiam,
1522 957 1723 991 auctoritate
1734 956 1839 999 Regi-

450 1006 491 1035 ut
516 1002 654 1041 dicitur,
682 1005 718 1034 et
747 1001 924 1042 occupavit
952 1012 973 1033 a
1002 1002 1103 1034 Festo
1131 1002 1330 1035 Nativitatis
1353 1002 1469 1035 Sancti
1495 1003 1518 1035 J
1519 1001 1660 1035 ohannis
1684 1000 1838 1043 Baptista

449 1046 600 1088 proximo
616 1045 787 1087 preterito.
833 1045 912 1085 [His
928 1045 1131 1078 Institution
1147 1046 1177 1078 is
1192 1049 1254 1078 not
1268 1045 1454 1087 recorded]

405 1091 525 1124 Frater
540 1089 714 1122 Gilbertus
730 1088 874 1130 Belywo,
893 1089 987 1121 Prior
1000 1089 1043 1122 de
1059 1089 1232 1132 Modbery,
1249 1090 1383 1132 optinet
1397 1089 1581 1122 Ecclesiam
1596 1088 1639 1121 de
1663 1087 1837 1129 Modbery,

448 1134 616 1165 valentem
632 1143 692 1174 per
708 1142 836 1164 annum
851 1131 931 1164 xxlt'ss

405 1177 497 1209 —Et
511 1177 601 1209 idem
619 1176 712 1208 Prior
727 1176 836 1208 eidem
853 1176 1020 1208 Prioratui
1035 1187 1094 1217 per
1109 1176 1295 1209 triennium
1310 1176 1539 1209 incumbebat.

405 1221 502 1254 Prior
516 1221 559 1252 de
576 1220 691 1252 Monte
706 1223 815 1258 acuto,
826 1218 880 1261 cuj
886 1230 924 1251 us
939 1229 1062 1252 nomen
1077 1220 1271 1261 ignoramus
1283 1230 1321 1252 eo
1331 1220 1423 1262 quod
1438 1230 1507 1252 non
1520 1219 1647 1252 residet
1657 1219 1694 1251 in
1706 1217 1840 1251 Dione-i

448 1267 573 1303 nostra,
594 1263 746 1339 ¹puercipit
774 1263 817 1295 ab
847 1263 995 1295 Ecclesia
1022 1264 1065 1295 de
1096 1264 1327 1306 Ermyngtone
1358 1263 1551 1305 porcionem
1580 1263 1749 1295 valentem
1779 1271 1841 1304 per

450 1318 578 1340 annum
642 1318 665 1340 ι.
790 1325 794 1329 ι
1442 1320 1447 1329 ·

406 1352 503 1384 Idem
519 1350 651 1392 optinet
666 1350 847 1383 Ecclesiam
863 1350 906 1382 de
922 1349 1150 1391 Mmkeleghe,
1168 1350 1288 1382 valoris
1304 1360 1363 1392 per
1377 1360 1516 1390 annum,
1532 1360 1578 1382 xx
1593 1359 1693 1382 marc.

406 1395 497 1427 —Et
511 1395 624 1426 dictus
640 1394 735 1426 Prior
751 1404 817 1425 non
833 1393 967 1434 residet,
980 1397 1032 1426 set
1041 1394 1144 1426 habet
1158 1394 1328 1436 quendam
1343 1394 1509 1426 Thomam
1522 1393 1623 1434 Brok,
1635 1393 1838 1434 indigenam,

451 1439 705 1470 Procuratorem
720 1447 822 1469 suum
839 1447 847 1475 ς
869 1440 906 1469 et
920 1438 1097 1479 occupavit
1113 1448 1171 1479 per
1188 1437 1373 1470 triennium
1389 1437 1526 1470 nomine
1541 1437 1779 1479 procuratorio.

410 1482 527 1514 Frater
543 1482 693 1523 Rogerus
709 1481 812 1522 Capy,
829 1481 924 1513 Prior
938 1481 1198 1523 Barnastapolie,
1215 1484 1358 1523 occupat
1373 1481 1556 1513 Ecclesiam
1580 1479 1839 1522 Barnastapolie,

449 1525 618 1557 valentem
634 1535 693 1566 per
707 1534 836 1556 annum
859 1524 915 1557 CC
930 1534 1031 1558 mre.

408 1569 498 1601 —Et
513 1569 638 1601 residet
652 1569 688 1600 in
711 1569 829 1600 eodem
852 1568 1017 1609 Prioratu,
1034 1571 1070 1600 et
1091 1568 1310 1601 incumbebat
1331 1568 1441 1601 eidem
1464 1568 1633 1601 Prioratui
1654 1578 1716 1610 per
1736 1566 1842 1610 xxij‘*

451 1623 569 1645 annos.

408 1656 527 1689 Frater
541 1656 563 1688 J
566 1656 714 1688 ohannes
728 1655 863 1695 Volant,
883 1655 979 1688 Prior
994 1656 1036 1687 de
1051 1656 1168 1688 Monte
1183 1655 1299 1689 Sancti
1316 1655 1497 1696 Michaelis,
1512 1656 1646 1698 optinet
1658 1654 1842 1688 Ecclesiam

452 1699 568 1732 Sancti
586 1699 727 1739 Hillarii,
745 1699 912 1731 valentem
928 1710 987 1741 per
1001 1710 1130 1732 annum
1147 1700 1159 1732 l
1174 1710 1274 1733 marc.
1291 1704 1320 1733 et
1334 1701 1414 1733 dim.

410 1744 507 1776 Idem
530 1743 663 1785 optinet
686 1743 869 1775 Ecclesiam
891 1743 934 1774 de
957 1743 1110 1775 Moreske
1132 1743 1194 1784 [St.
1214 1743 1387 1785 Clemem'e,
1410 1754 1493 1776 near
1517 1742 1650 1784 PrumJ,
1671 1742 1842 1775 valentem

452 1797 513 1828 per
527 1797 656 1818 annum
672 1797 718 1819 xx
732 1796 830 1819 marc.
851 1786 912 1828 vjs.
929 1786 1000 1828 vjd.

410 1830 508 1863 Idem
531 1830 665 1872 optinet
695 1830 866 1872 Capellam
889 1830 1004 1863 Sancti
1027 1830 1198 1863 Michaelis
1223 1831 1259 1863 in
1282 1831 1410 1871 Monte,
1434 1830 1603 1863 valentem
1629 1841 1689 1872 per
1713 1838 1842 1862 annum

456 1874 553 1915 xxiiij
577 1884 674 1906 marc.
692 1874 754 1916 iijs.
771 1874 840 1906 ixd-

410 1918 575 1950 -Dictus
592 1917 695 1957 Prior,
712 1927 790 1949 cum
806 1917 940 1949 duobus
955 1917 1139 1958 Monachis,
1157 1918 1282 1951 residet
1295 1918 1331 1951 in
1347 1918 1440 1950 dicto
1456 1917 1622 1950 Prioratu.

413 1962 532 1993 Frater
558 1961 747 1993 willelmus
770 1961 812 1992 de
834 1961 867 1992 la
889 1960 996 2003 Haye,
1024 1961 1118 1994 Prior
1139 1962 1183 1994 ‹le
1204 1962 1478 2004 Tywardraythe,
1501 1961 1636 2003 optinet
1660 1959 1842 1993 Ecclesiam

455 2005 571 2037 Sancti
587 2004 730 2044 Austoli,
746 2004 915 2036 valentem
932 2015 991 2046 per
1012 2015 1140 2038 annum
1157 2005 1203 2038 lli.
1220 2005 1284 2047 iijs.
1305 2005 1359 2038 vd.

411 2048 508 2080 Idem
531 2048 663 2089 optinet
686 2048 856 2089 Capellam
879 2048 922 2080 de
946 2048 1137 2081 Landrethe
1161 2047 1241 2091 [i.e.,
1265 2049 1309 2082 St.
1338 2049 1454 2090 Bloezey
1465 2061 1479 2087 ,·
1515 2047 1591 2081 own
1619 2059 1641 2080 a
1665 2045 1844 2079 Parookial

457 2091 819 2167 Ohapdryldepevtffqrg
840 2102 882 2123 on
904 2091 950 2124 St.
972 2093 1120 2130 Austelh
1141 2102 1211 2125 now
1232 2103 1254 2125 α
1277 2091 1571 2133 Paridi-Olaurdd,
1595 2091 1763 2124 valentem
1786 2100 1845 2133 per

458 2145 585 2167 annum
601 2146 622 2167 x
638 2147 658 2167 ι.
675 2145 726 2177 ¹1⁸·
745 2145 781 2177 ιι]
810 2158 817 2166 .

414 2178 511 2211 Idem
526 2179 658 2220 optinet
675 2179 856 2210 Ecclesiam
871 2178 913 2210 de
929 2178 1040 2221 Fawy,
1057 2179 1226 2212 valentem
1241 2190 1301 2222 per
1314 2189 1443 2212 annum
1459 2190 1527 2212 xxv
1543 2188 1642 2211 marc.

414 2222 516 2272 Idem·
533 2222 665 2264 optinet
687 2222 870 2254 Ecclesiam
891 2221 935 2254 de
955 2222 1229 2266 Tywardraythe,
1257 2224 1425 2256 valentem
1449 2233 1509 2265 per
1529 2232 1659 2255 annum
1681 2220 1762 2254 xxlt'.
1777 2219 1842 2264 iiie.

415 2265 662 2350 Idgiii‘ssptinet
677 2308 849 2350 Capellam
871 2309 987 2341 Sancti
1011 2310 1203 2352 Sampsonis
1218 2308 1280 2351 [St.
1293 2310 1484 2352 Sampson’s,
1500 2321 1538 2343 or
1560 2309 1679 2342 Gelan:
1689 2318 1706 2347 ,·
1726 2306 1802 2341 then
1822 2317 1846 2340 a

461 2352 637 2385 Paroehial
665 2352 825 2394 ohapdry
851 2352 1030 2394 dependam
1054 2364 1095 2385 on
1126 2352 1356 2395 Dymrdmtlt
1367 2365 1384 2391 ,·
1407 2364 1477 2387 now
1499 2365 1522 2386 a
1548 2350 1844 2392 Parati-oxum}

459 2396 627 2428 valentem
642 2406 702 2438 per
716 2406 845 2428 annum
866 2396 923 2429 xli.
942 2396 1016 2439 iiij³.
1036 2396 1108 2439 iijd.

306 2439 353 2467 sol.
364 2438 409 2466 ⁷b.
420 2440 517 2472 Idem
532 2440 665 2481 optinet
681 2439 863 2472 Ecclesiam
878 2440 921 2472 de
937 2440 1135 2482 Lanlyvery,
1151 2440 1319 2473 valentem
1335 2451 1395 2483 per
1409 2451 1538 2474 annum
1553 2439 1651 2482 xlei.
1668 2439 1720 2482 ijs.

416 2484 512 2516 Idem
526 2483 659 2524 optinet
671 2483 840 2525 Capellam
856 2483 899 2515 de
908 2483 1094 2516 Luxsulian
1110 2484 1199 2524 [then
1210 2495 1232 2515 a
1247 2484 1424 2517 Pamclaial
1437 2484 1597 2526 Okapdry
1611 2483 1789 2524 dependent
1802 2492 1845 2515 on

461 2526 639 2568 Lanlivery
650 2537 665 2564 ;
687 2529 714 2559 it
728 2537 794 2559 ιοαε
807 2537 829 2558 α
843 2531 989 2568 nepai-ate
1012 2527 1166 2569 Viam-aye
1180 2526 1284 2569 before
1299 2527 1350 2561 the
1365 2528 1384 2544 ‘⁴
1405 2527 1503 2560 valor
1517 2526 1790 2566 Boetoes’antn’oua,”
1806 2525 1846 2558 in

461 2569 564 2603 which
580 2572 605 2602 it
620 2572 650 2602 ie
663 2569 825 2603 deam-ibai
839 2580 876 2602 aa
889 2570 992 2611 meld,
1010 2571 1130 2603 valoris
1146 2581 1205 2612 per
1218 2581 1348 2604 annum
1363 2571 1446 2614 xxiij
1464 2581 1563 2605 mom.
1579 2581 1625 2604 va.
1642 2569 1724 2613 viid-

418 2614 516 2653 Item,
544 2614 638 2645 Prior
649 2613 722 2688 ddi!
729 2613 844 2646 Monte
874 2617 974 2646 acuto
996 2614 1210 2656 supradictus
1232 2615 1365 2656 optinet
1385 2615 1568 2648 Ecclesiam
1590 2613 1707 2648 Sancti
1732 2612 1845 2654 Neots',

461 2660 613 2689 taxatam
628 2667 648 2688 a
723 2658 745 2689 ι’.
765 2668 775 2697 3

418 2701 465 2733 Et
493 2701 583 2732 idem
610 2700 742 2742 optinet
767 2700 949 2733 Ecclesiam
978 2701 1095 2733 Sancti
1117 2701 1202 2743 Vepi
1226 2701 1310 2742 (εἰσ),
1341 2705 1491 2734 taxatam
1513 2702 1557 2734 ad
1581 2701 1845 2742 Cs.,—Quarum

459 2743 606 2775 valorem
620 2743 732 2775 adhuc
746 2744 829 2776 scire
844 2744 1033 2785 nequimus,
1051 2747 1188 2786 propter
1202 2745 1363 2787 temporis
1379 2745 1590 2778 brevitatem.

420 2787 518 2826 Item,
536 2787 707 2827 predictus
723 2787 817 2819 Prior
832 2787 875 2819 de
889 2787 1154 2830 Tywardraythe
1167 2789 1301 2829 optinet
1325 2789 1494 2831 Capellam
1516 2789 1559 2821 de
1584 2787 1845 2831 Lostwytliielle,

461 2830 630 2862 valentem
646 2841 704 2871 per
719 2840 846 2862 annum
862 2841 885 2863 v
899 2841 999 2864 marc.
1019 2831 1030 2863 i

418 2874 515 2906 Idem
530 2873 662 2914 optinet
679 2874 861 2906 Ecclesiam
884 2873 1000 2906 Sancti
1022 2842 1053 2907 A

460 2926 591 2948 xmarc.
611 2916 690 2949 xiid.
707 2916 753 2948 ob.

418 2960 513 2992 Idem
524 2959 657 3000 optinet
674 2960 856 2992 Ecclesiam
871 2960 913 2992 de
928 2960 1117 3003 Treneglos,
1130 2971 1208 2994 cum
1222 2961 1357 3004 Capella
1371 2961 1414 2994 de
1427 2962 1665 3003 Warbestowe,
1676 2961 1847 3006 valentem

460 3013 518 3045 per
537 3013 665 3034 annum
682 3002 780 3045 xiijli.
802 3003 897 3045 xvije.
919 3004 1036 3047 quadr.

1046 2831 1162 2907 &aggii
1184 2873 1237 2914 [in
1252 2874 1430 2917 Menzaqu,
1446 2875 1614 2908 valentem
1637 2885 1697 2918 per
1717 2884 1847 2908 annum
