1988 3256
452 345 741 380 REGISTRUM
777 343 1234 380 οοΜΜΠΝΕ-ΑΝΝΟ
1273 334 1335 378 8⁰.
1569 332 1662 377 381

115 448 194 476 Α-Ὀ-
274 449 490 482 miseracione
505 449 630 482 Divina
644 449 750 481 Tituli
767 449 883 482 Sancti
899 449 988 481 Sixti
1002 449 1126 481 Sancte
1148 448 1299 480 Romane
1323 447 1470 480 Ecclesie
1493 446 1666 479 Presbiter

116 480 218 544 33³1.
275 493 704 544 cardinalis-dispensavit,
722 493 915 532 Londoniis,
933 493 1038 543 tercio
1053 493 1107 524 die
1123 493 1247 524 mensis
1263 491 1472 530 Novembris,
1487 491 1662 524 Pontifica-

272 540 330 570 tus
346 537 484 569 Domini
499 537 652 578 Gregorn
667 537 758 578 Pape
773 537 823 569 XI
840 538 938 568 Anno
953 546 1063 578 primo
1079 535 1203 576 [1371J.

229 591 400 643 Chapels
418 591 496 630 and
517 591 715 630 Oratories
731 604 742 639 ;
770 591 925 629 Licence
945 598 982 629 ιο
1001 591 1248 637 celebrate,—

228 646 327 685 Item,
343 646 480 686 ibidem,
497 646 610 687 xxvjto
625 645 689 684 die,
704 645 871 677 Dominus
886 645 1050 677 concessit
1064 645 1250 676 Licenciam
1261 644 1411 676 Roberto
1425 644 1561 676 Irlande
1573 644 1663 685 quod

272 690 379 731 possit
394 690 503 722 facere
518 689 678 721 celebrari
694 689 818 720 Divina
833 689 868 720 in
884 689 1055 730 presencia
1070 699 1139 728 sua,
1156 688 1192 720 in
1217 688 1352 729 capella
1368 689 1492 720 Sancte
1509 688 1605 720 Clere
1628 689 1663 719 in

274 733 435 771 Parochia
449 733 492 765 de
506 733 703 765 Tounstalle
717 744 726 772 ;
749 733 912 774 quamdiu
931 732 1075 764 Domino
1090 731 1255 773 placuerit
1277 731 1490 764 duraturam.

120 775 210 810 Juffl·
234 777 332 815 Item,
349 777 485 817 ibidem,
501 779 621 809 octavo
636 776 691 808 die
713 776 838 808 mensis
860 777 966 815 Junii,
984 776 1149 807 Dominus
1171 776 1335 807 concessit
1359 775 1546 807 Licenciam
1572 775 1661 806 Hen-

122 818 167 838 υς·
269 821 338 852 rico
353 821 496 859 Thorne,
512 824 549 852 et
567 820 761 852 Elizabethe
777 820 852 861 ejus
875 820 981 859 uxori,
997 820 1087 861 quod
1103 819 1234 860 possint
1249 819 1368 858 facere,
1384 822 1459 858 etc.‚
1476 819 1511 850 in
1528 819 1664 859 Capella

270 864 341 896 sive
356 865 512 897 Orator-io
527 864 669 896 Manerii
684 864 868 895 eorundem
884 864 927 895 de
942 863 1076 895 Thorne
1098 863 1134 895 in
1150 862 1311 895 Parochia
1334 863 1376 895 de
1401 863 1662 904 Haldesworthy

269 907 502 949 [Holewortlly]
518 918 527 946 ;
552 918 611 949 per
626 918 733 939 unum
748 913 877 939 annum
892 907 1103 939 duraturam.

227 951 327 991 Item,
350 952 486 992 ibidem,
502 962 592 984 nono
614 951 678 990 die,
697 951 862 982 Dominus
884 951 1048 982 concessit
1073 950 1259 982 Liceneiam
1281 950 1486 992 pauperibus
1508 950 1663 991 Leprosis

271 995 456 1036 Hospitalis
488 996 590 1027 Beate
620 994 725 1027 Maris
757 994 961 1036 Magdalene,
991 994 1093 1036 juxta
1124 994 1376 1033 Plummouthe,
1408 993 1500 1036 quod
1533 994 1664 1034 possint

271 1039 390 1079 facere,
406 1042 481 1079 etc,
497 1039 533 1071 in
556 1038 693 1080 Capella
714 1038 804 1070 infra
829 1038 1002 1079 Hospitale
1017 1038 1210 1080 predictum
1224 1038 1351 1069 situata
1367 1048 1376 1077 ;
1406 1048 1590 1079 perunum
1605 1048 1661 1069 an·

271 1093 354 1115 num
371 1084 581 1115 duraturam.
1332 1117 1334 1119 ,

228 1126 328 1166 Item,
344 1127 482 1166 Exonie,
506 1137 550 1158 xv
572 1126 636 1165 die,
657 1125 822 1157 Dominus
844 1125 1007 1157 concessit
1031 1125 1219 1157 Licenciam
1241 1125 1513 1157 inhabitantibus
1538 1125 1662 1157 Villam

269 1170 313 1202 de
330 1170 474 1202 Polruan
489 1170 582 1212 quod
598 1170 727 1211 possint
742 1169 861 1209 facere,
877 1173 952 1208 etc.‚
968 1170 1003 1201 in
1021 1169 1157 1210 Capella
1173 1169 1289 1201 Sancti
1312 1169 1497 1200 Salvatoris
1520 1169 1562 1200 de
1588 1169 1662 1200 Pol-

270 1224 366 1253 ruan,
392 1214 428 1246 in
455 1213 616 1246 Parochia
640 1213 682 1245 de
709 1213 890 1255 Lanteglos
915 1213 970 1254 [by
994 1212 1130 1254 FoweyJ,
1154 1213 1189 1244 in
1212 1213 1384 1254 presencia
1405 1213 1554 1254 ipsorum
1573 1222 1581 1251 ;
1604 1223 1664 1254 per

272 1268 380 1290 unum
396 1268 525 1290 annum
540 1257 750 1290 duraturam.

130 1320 194 1348 Vol.
231 1322 566 1374 Testamentary3
611 1321 800 1360 Probacio
848 1321 1078 1359 Testamenti
1117 1321 1296 1371 Huyonis
1341 1322 1386 1359 de
1428 1320 1661 1371 Courtenay,

122 1354 178 1386 η]
278 1376 443 1416 Comitis
460 1377 693 1423 Devom'e‚—

232 1430 286 1462 Es
308 1439 350 1462 Lu
364 1439 460 1463 Noun
476 1440 524 1463 nu
541 1431 659 1470 Pmnn,
675 1439 716 1462 m-
732 1438 780 1461 nn
797 1430 888 1470 Fnz,
912 1438 954 1461 m*
975 1438 1023 1462 no
1047 1430 1152 1462 Sam-1·
1174 1429 1463 1469 Esr1R1Tz.—.Ieo,
1484 1430 1605 1471 Hughe
1621 1430 1663 1462 de

277 1474 480 1516 Courtenay,
498 1475 631 1507 Counte
646 1475 689 1506 de
706 1474 915 1513 Devenscire,
931 1474 1003 1505 face
1018 1478 1090 1505 cest
1105 1484 1184 1505 mon
1200 1474 1408 1512 Testament,
1433 1484 1473 1505 en
1498 1484 1554 1505 ma
1575 1474 1663 1506 bone

276 1518 447 1557 memoire,
466 1518 498 1550 le
513 1522 615 1560 quart
629 1518 708 1559 jour
723 1518 842 1556 Daust,
858 1517 914 1548 lan
938 1517 992 1549 del
1008 1517 1226 1549 Incarnacion
1249 1520 1365 1549 nostre
1389 1517 1533 1558 Seignur
1555 1518 1662 1549 Jhesu

278 1562 370 1594 Crist
386 1562 477 1593 Mille
494 1562 579 1594 CCC
595 1562 685 1601 lxxv,
701 1571 744 1593 en
759 1563 850 1593 ceste
872 1571 1015 1592 manere.
1062 1561 1262 1602 Adeprimes
1283 1561 1339 1602 jeo
1362 1561 1475 1592 devise
1498 1561 1620 1593 malme
1642 1572 1662 1593 a

276 1605 374 1644 Dieu,
390 1615 470 1637 mon
486 1605 660 1645 Creatour,
678 1608 714 1637 et
728 1615 748 1636 a
762 1607 877 1636 nostre
895 1605 1001 1636 Dame
1017 1605 1114 1636 Seint
1135 1605 1249 1644 Marie,
1274 1607 1310 1637 et
1331 1615 1351 1636 a
1374 1607 1454 1636 touz
1476 1605 1524 1636 les
1548 1605 1663 1637 Seintz

276 1649 320 1680 de
337 1649 493 1690 Paradys,
505 1652 542 1681 et
557 1659 634 1680 mon
651 1659 747 1689 corps
762 1648 876 1680 destre
891 1651 1025 1680 enterre
1040 1658 1081 1679 eu
1091 1648 1205 1689 leglise
1218 1648 1385 1689 parochial
1399 1649 1445 1680 du
1457 1649 1661 1682 Tuvertone.

278 1692 326 1724 Et
340 1692 488 1734 adonqes
502 1692 557 1734 jeo
572 1692 672 1724 voille
685 1702 727 1733 qe
743 1702 814 1723 mes
829 1692 942 1723 dettes
956 1692 1065 1724 soient
1080 1692 1241 1733 aequites.
1291 1693 1337 1723 Et
1357 1691 1414 1732 jeo
1435 1692 1534 1724 voille
1549 1703 1591 1733 qe
1608 1703 1662 1724 ma

275 1735 451 1777 sepulture
465 1746 508 1768 ne
523 1736 590 1768 soit
603 1739 721 1777 atrope
735 1735 904 1776 graundes
919 1739 1079 1776 costageS.
1128 1736 1172 1766 Et
1195 1735 1251 1776 jeo
1273 1735 1372 1767 voille
1387 1746 1429 1777 qe
1445 1736 1538 1767 nulle
1553 1736 1662 1768 chival

276 1789 319 1811 ne
340 1783 442 1820 gentz
463 1789 574 1811 armes
598 1790 642 1811 ne
664 1779 774 1811 soient
799 1779 997 1820 apparailles
1022 1779 1136 1811 destre
1159 1779 1260 1811 offert
1286 1790 1352 1820 pur
1376 1789 1453 1820 moy
1481 1789 1661 1811 namenees

275 1823 402 1855 devant
417 1834 496 1855 mon
511 1833 617 1864 corpe.
663 1824 710 1855 Et
721 1822 778 1863 jeo
794 1823 893 1854 voille
907 1833 927 1854 a
944 1833 1022 1854 mon
1033 1825 1228 1854 enterment
1242 1833 1284 1864 qe
1297 1822 1352 1864 jeo
1364 1833 1425 1863 eye
1436 1823 1526 1855 deux
1536 1824 1662 1864 cierges

274 1869 399 1899 entour
414 1877 517 1899 moun
536 1877 642 1908 corps,
656 1869 692 1898 et
703 1866 848 1898 chescun
863 1866 972 1906 cierge
987 1866 1029 1898 de
1045 1866 1133 1908 cynk
1149 1867 1258 1906 livres,
1275 1877 1354 1898 sanz
1368 1869 1467 1898 autre
1482 1867 1662 1898 luminarie

275 1914 399 1942 entour
414 1911 491 1943 moi.
541 1912 584 1943 Et
605 1910 660 1952 jeo
682 1910 796 1942 devise
810 1910 877 1941 ala
893 1910 1048 1941 Measone
1064 1910 1106 1941 de
1129 1910 1238 1941 Forde
1260 1910 1361 1952 dysze
1382 1911 1492 1942 livres.
1540 1911 1585 1942 Et
1606 1910 1662 1952 jeo

274 1953 388 1986 devise
402 1965 422 1986 a
436 1954 469 1986 la
484 1953 639 1986 Measone
654 1954 696 1985 de
713 1953 882 1995 couwyke
897 1957 976 1985 cent
991 1953 1115 1985 souldz.
1148 1954 1248 1992 Item,
1259 1954 1336 1985 ales
1350 1954 1460 1986 Friers
1473 1954 1661 1986 Prechours

275 1998 459 2030 Dexcestre
484 1998 592 2039 cynke
614 2008 734 2030 marcz.
789 1997 888 2036 Item,
912 2007 932 2028 a
953 1997 1002 2029 les
1027 1997 1137 2028 Friers
1159 1998 1318 2029 Menours
1345 1998 1528 2029 Dexcestre
1553 1998 1662 2039 cynke

276 2051 395 2073 marez-
441 2041 541 2081 Item,
555 2041 611 2083 jeo
626 2041 738 2073 devise
753 2051 773 2073 a
788 2041 966 2082 Margrete,
984 2051 1037 2072 ma
1054 2040 1236 2072 treschiere
1250 2042 1455 2082 compaigne,
1480 2044 1559 2073 tout
1583 2052 1661 2073 mon

277 2084 413 2126 Chapel,
439 2085 657 2117 cestassavoir
679 2095 734 2116 ma
755 2084 870 2124 croise,
892 2095 1080 2123 encencers,
1102 2084 1332 2125 chaundelers,
1359 2095 1405 2116 uu
1433 2085 1571 2116 vesselle
1597 2096 1663 2126 pur

275 2138 344 2160 ewe
360 2128 508 2168 benette,
525 2132 561 2161 et
576 2132 656 2161 touz
673 2139 742 2160 mes
757 2131 967 2160 vestementz
989 2131 1026 2160 et
1047 2128 1157 2167 livres,
1181 2131 1218 2159 et
1240 2131 1319 2160 tout
1342 2139 1476 2160 manere
1498 2129 1541 2160 de
1563 2139 1660 2160 orne-

276 2175 391 2204 mentz
413 2172 630 2213 qappendent
644 2182 664 2203 a
679 2182 734 2203 ma
749 2172 802 2203 dit
818 2171 987 2212 Chapelle,
1003 2171 1126 2212 forpris
1141 2172 1286 2203 certeins
1301 2172 1400 2203 livres
1415 2183 1457 2213 qe
1478 2172 1534 2213 jeo
1549 2172 1662 2204 devise

275 2225 296 2247 a
310 2225 381 2247 mes
394 2215 568 2247 enfauntz.
614 2216 712 2255 Item,
728 2215 784 2257 jeo
805 2215 919 2247 devise
940 2225 961 2246 a
982 2225 1038 2247 ma
1060 2215 1132 2247 dite
1153 2215 1335 2247 treschiere
1355 2217 1548 2256 compaigne
1565 2219 1662 2248 tonte

277 2269 332 2290 ma
347 2259 453 2290 vessel
467 2259 619 2300 dargent.
669 2259 768 2298 Item,
783 2258 840 2300 jeo
854 2259 966 2290 devise
980 2269 1001 2290 a
1018 2259 1173 2298 William,
1191 2269 1269 2290 mon
1292 2259 1493 2291 treshonure
1509 2260 1576 2299 fitz,
1596 2270 1661 2291 une

276 2302 442 2334 fei-maille
456 2313 518 2334 ove
538 2303 656 2334 saffers
671 2306 707 2334 et
722 2303 839 2343 perles,
855 2312 917 2334 ove
939 2312 986 2334 un
1009 2303 1102 2343 poire
1125 2302 1168 2334 de
1190 2303 1424 2334 Paternosters
1446 2303 1489 2334 de
1507 2303 1661 2335 laumbre

278 2346 434 2378 blaunke.
481 2346 579 2386 Item,
595 2346 651 2388 jeo
673 2346 785 2377 devise
806 2356 827 2377 a
850 2346 1028 2386 Margrete,
1051 2356 1107 2377 ma
1128 2346 1204 2384 fille,
1228 2356 1308 2377 mon
1330 2350 1456 2387 graunt
1478 2347 1604 2387 primer
1625 2349 1662 2379 et

278 2389 354 2422 vint
367 2389 478 2421 livi-es.
527 2389 626 2429 Item,
641 2400 662 2421 a
680 2389 885 2428 Elizabethe,
901 2399 956 2420 ma
971 2389 1048 2428 fille,
1068 2399 1135 2421 une
1157 2389 1241 2421 livre
1262 2390 1464 2431 qunceys,
1484 2401 1525 2431 qe
1540 2390 1661 2432 javoye

277 2432 321 2464 de
345 2433 505 2464 Katerine
526 2433 570 2464 de
593 2433 796 2472 Bukelonde,
820 2438 856 2464 et
877 2436 964 2474 vynt
986 2432 1095 2465 livres.
1142 2433 1242 2472 Item,
1265 2443 1285 2464 a
1310 2433 1482 2473 Katen'ne,
1507 2443 1562 2465 ma
1582 2434 1659 2473 fille,

280 2486 360 2508 mon
384 2480 509 2514 muter,
532 2486 575 2518 qe
596 2477 691 2508 feust
713 2487 732 2508 a
755 2487 810 2508 ma
831 2479 937 2508 aunte
959 2476 1002 2507 de
1025 2476 1142 2516 Mules,
1167 2479 1203 2508 et
1225 2479 1313 2517 vynt
1336 2476 1444 2508 livres.
1496 2477 1583 2508 Item
1605 2477 1660 2518 jeo

280 2519 394 2551 devise
408 2530 429 2551 a
444 2519 608 2561 Philippo,
624 2530 703 2552 mon
723 2519 791 2560 fitz,
815 2523 894 2551 cent
916 2530 1034 2551 marcz.
1081 2520 1182 2558 Item,
1206 2519 1262 2560 jeo
1284 2520 1397 2552 devise
1418 2531 1439 2551 a
1462 2521 1563 2560 Piers,
1581 2531 1660 2552 mon

280 2562 350 2598 fitz,
373 2565 451 2594 cent
476 2573 597 2595 marcz.
646 2563 745 2602 Item,
772 2574 793 2595 a
819 2573 875 2594 ma
901 2563 1014 2602 Niece,
1042 2563 1147 2594 Datne
1171 2563 1368 2595 Elizabethe
1396 2564 1600 2606 Conrtenay,
1617 2564 1660 2595 de

283 2605 505 2647 Canonleghe,
517 2606 627 2648 cynke
641 2617 761 2638 marcz.
793 2607 892 2644 Item¹
908 2606 964 2647 jeo
979 2606 1091 2638 devise
1106 2617 1126 2638 a
1141 2606 1214 2638 Sire
1229 2606 1358 2639 Robert
1374 2607 1582 2639 Sumbourne
1594 2618 1661 2639 une

282 2649 371 2680 holle
385 2649 538 2691 dai-gent,
554 2660 616 2681 ove
630 2660 698 2682 une
712 2650 842 2682 coverle
864 2650 1018 2690 (largent.
1067 2650 1167 2686 Item,
1190 2650 1245 2691 jeo
1267 2650 1380 2682 devise
1401 2661 1422 2682 a
1445 2651 1517 2682 Sire
1534 2652 1662 2683 Robert

286 2693 533 2733 Vaggescombe
547 2693 649 2734 dysze
664 2703 783 2725 marcz.
834 2694 932 2732 Item,
955 2703 976 2724 a
998 2692 1071 2725 Sire
1087 2693 1235 2724 William
1260 2694 1411 2725 Poutone
1433 2697 1512 2726 cent
1534 2695 1660 2726 souldz.

284 2735 384 2771 Item.
403 2746 424 2767 a
438 2735 584 2768 Richard
601 2737 698 2768 Seint
712 2737 822 2769 Johan
839 2737 928 2768 disze
945 2746 1064 2768 mai-cz.
1113 2737 1213 2776 Item,
1229 2747 1249 2768 a
1266 2737 1411 2768 Richard
1427 2738 1572 2779 Hydone
1583 2741 1663 2770 cent

282 2776 408 2811 souldz.
457 2779 556 2818 Item,
571 2790 592 2811 a
606 2779 743 2812 Villiam
759 2779 887 2821 Wyche
901 2782 1072 2821 quaraunt
1087 2779 1211 2811 souldz.
1258 2780 1356 2819 Item,
1373 2791 1393 2811 a
1408 2781 1427 2812 J
1431 2781 1517 2812 ohan
1542 2782 1663 2813 Barett

284 2825 454 2864 quaraunt
468 2822 592 2854 souldz.
639 2823 739 2862 Item,
754 2833 774 2854 a
789 2824 809 2855 J
813 2823 900 2854 ohan
913 2822 1045 2854 Okham
1058 2825 1228 2863 quaraunt
1237 2823 1362 2855 souldz.
1408 2824 1512 2863 Item,
1521 2834 1541 2855 a
1551 2825 1663 2856 Johan

285 2866 400 2898 Oxene
414 2868 585 2907 quaraunt
596 2866 712 2898 souldz
727 2869 763 2898 et
777 2867 862 2898 trois
876 2866 919 2898 de
934 2876 1006 2898 mes
1022 2866 1192 2898 meillours
1206 2876 1342 2907 gonnes.
1388 2867 1487 2906 Item,
1500 2878 1520 2899 a
1538 2868 1664 2900 Henrie
1678 2866 1682 2868 ’

282 2909 325 2940 de
340 2909 493 2940 Burtone
508 2912 680 2950 quaraunt
693 2909 822 2941 souldz.
858 2910 988 2948 Item,a
1004 2909 1096 2941 Piers
1112 2910 1286 2942 Falewelle
1301 2911 1392 2942 deux
1407 2921 1526 2943 marcz.
1573 2911 1663 2943 Item

280 2962 302 2984 a
315 2951 472 2994 Bychard
487 2952 651 2996 Danyelle
664 2952 755 2986 deux
770 2963 890 2986 mai-cz.
937 2953 1038 2994 Item,
1056 2963 1076 2985 a
1092 2953 1220 2986 Henrie
1241 2953 1273 2986 le
1290 2956 1408 2996 porter
1429 2958 1516 2997 vynt
1538 2955 1664 2988 souldz.
