<?xml version="1.0" encoding="UTF-8"?>
<!DOCTYPE html PUBLIC "-//W3C//DTD XHTML 1.0 Transitional//EN"
    "http://www.w3.org/TR/xhtml1/DTD/xhtml1-transitional.dtd">
<html xmlns="http://www.w3.org/1999/xhtml" xml:lang="en" lang="en">
 <head>
  <title>
</title>
<meta http-equiv="Content-Type" content="text/html;charset=utf-8" />
  <meta name='ocr-system' content='tesseract 3.04.00' />
  <meta name='ocr-capabilities' content='ocr_page ocr_carea ocr_par ocr_line ocrx_word'/>
</head>
<body>
  <div class='ocr_page' id='page_1' title='image "./registerofthomas01hinguoft_0436.png"; bbox 0 0 1988 3256; ppageno 0'>
   <div class='ocr_carea' id='block_1_1' title="bbox 318 361 412 406">
    <p class='ocr_par' dir='ltr' id='par_1_1' title="bbox 318 361 412 406">
     <span class='ocr_line' id='line_1_1' title="bbox 318 361 412 406; baseline 0.011 -1"><span class='ocrx_word' id='word_1_1' title='bbox 318 361 412 406; x_wconf 89' lang='grc'><strong>418</strong></span> 
     </span>
    </p>
   </div>
   <div class='ocr_carea' id='block_1_2' title="bbox 316 474 411 536">
    <p class='ocr_par' dir='ltr' id='par_1_2' title="bbox 316 474 411 536">
     <span class='ocr_line' id='line_1_2' title="bbox 316 474 393 503; baseline 0.013 -1"><span class='ocrx_word' id='word_1_2' title='bbox 316 474 393 503; x_wconf 78' lang='lat' dir='ltr'><strong>A.D.</strong></span> 
     </span>
     <span class='ocr_line' id='line_1_3' title="bbox 316 508 411 536; baseline 0.011 -1"><span class='ocrx_word' id='word_1_3' title='bbox 316 508 411 536; x_wconf 79' lang='lat'>1379-8</span> 
     </span>
    </p>
   </div>
   <div class='ocr_carea' id='block_1_3' title="bbox 534 373 1655 415">
    <p class='ocr_par' dir='ltr' id='par_1_3' title="bbox 534 373 1655 415">
     <span class='ocr_line' id='line_1_4' title="bbox 534 373 1655 415; baseline 0.006 -8"><span class='ocrx_word' id='word_1_4' title='bbox 534 373 635 407; x_wconf 85' lang='lat' dir='ltr'><strong>THE</strong></span> <span class='ocrx_word' id='word_1_5' title='bbox 670 374 911 409; x_wconf 83' lang='lat' dir='ltr'>REGISTER</span> <span class='ocrx_word' id='word_1_6' title='bbox 945 375 1005 409; x_wconf 88' lang='lat' dir='ltr'><strong>OF</strong></span> <span class='ocrx_word' id='word_1_7' title='bbox 1041 375 1219 411; x_wconf 88' lang='lat' dir='ltr'>BISHOP</span> <span class='ocrx_word' id='word_1_8' title='bbox 1253 377 1655 415; x_wconf 78' lang='lat' dir='ltr'>BRANTYNGHAM.</span> 
     </span>
    </p>
   </div>
   <div class='ocr_carea' id='block_1_4' title="bbox 464 474 1868 523">
    <p class='ocr_par' dir='ltr' id='par_1_4' title="bbox 464 474 1868 523">
     <span class='ocr_line' id='line_1_5' title="bbox 464 474 1868 523; baseline 0.007 -15"><span class='ocrx_word' id='word_1_9' title='bbox 464 474 618 509; x_wconf 61' lang='lat' dir='ltr'><strong>«Iohanni</strong></span> <span class='ocrx_word' id='word_1_10' title='bbox 643 476 777 519; x_wconf 84' lang='lat' dir='ltr'><strong>Warre,</strong></span> <span class='ocrx_word' id='word_1_11' title='bbox 805 477 979 521; x_wconf 88' lang='lat' dir='ltr'>Episcopo</span> <span class='ocrx_word' id='word_1_12' title='bbox 1006 478 1270 523; x_wconf 69' lang='lat' dir='ltr'><strong>Cumanagemi,</strong></span> <span class='ocrx_word' id='word_1_13' title='bbox 1298 482 1344 515; x_wconf 87' lang='lat' dir='ltr'><strong>ad</strong></span> <span class='ocrx_word' id='word_1_14' title='bbox 1368 481 1612 517; x_wconf 85' lang='lat' dir='ltr'><strong>celebrandum</strong></span> <span class='ocrx_word' id='word_1_15' title='bbox 1638 483 1785 517; x_wconf 76' lang='lat' dir='ltr'>Ordines</span> <span class='ocrx_word' id='word_1_16' title='bbox 1811 483 1868 518; x_wconf 87' lang='lat' dir='ltr'><strong>die</strong></span> 
     </span>
    </p>
   </div>
   <div class='ocr_carea' id='block_1_5' title="bbox 316 511 1866 572">
    <p class='ocr_par' dir='ltr' id='par_1_5' title="bbox 316 511 1866 572">
     <span class='ocr_line' id='line_1_6' title="bbox 316 511 1866 572; baseline 0.005 -19"><span class='ocrx_word' id='word_1_17' title='bbox 316 543 381 571; x_wconf 88' lang='lat' dir='ltr'><strong>vol.</strong></span> <span class='ocrx_word' id='word_1_18' title='bbox 394 511 436 572; x_wconf 69' lang='lat'>1.⁰&#39;</span> <span class='ocrx_word' id='word_1_19' title='bbox 464 517 609 553; x_wconf 86' lang='lat' dir='ltr'><strong>Sabbati</strong></span> <span class='ocrx_word' id='word_1_20' title='bbox 631 519 790 561; x_wconf 83' lang='lat' dir='ltr'><strong>Quatuor</strong></span> <span class='ocrx_word' id='word_1_21' title='bbox 809 522 1020 565; x_wconf 85' lang='lat' dir='ltr'><strong>Temporum</strong></span> <span class='ocrx_word' id='word_1_22' title='bbox 1039 524 1077 557; x_wconf 91' lang='lat' dir='ltr'><strong>in</strong></span> <span class='ocrx_word' id='word_1_23' title='bbox 1096 524 1211 567; x_wconf 87' lang='lat' dir='ltr'><strong>prima</strong></span> <span class='ocrx_word' id='word_1_24' title='bbox 1231 526 1426 567; x_wconf 88' lang='lat' dir='ltr'><strong>septimana</strong></span> <span class='ocrx_word' id='word_1_25' title='bbox 1447 525 1718 570; x_wconf 83' lang='lat' dir='ltr'><strong>Quadragesime</strong></span> <span class='ocrx_word' id='word_1_26' title='bbox 1737 528 1866 560; x_wconf 78' lang='lat' dir='ltr'><strong>mensis</strong></span> 
     </span>
    </p>
   </div>
   <div class='ocr_carea' id='block_1_6' title="bbox 460 562 1867 773">
    <p class='ocr_par' dir='ltr' id='par_1_6' title="bbox 460 562 1867 773">
     <span class='ocr_line' id='line_1_7' title="bbox 463 562 1866 614; baseline 0.006 -19"><span class='ocrx_word' id='word_1_27' title='bbox 463 562 655 614; x_wconf 81' lang='lat' dir='ltr'><strong>Februarii,</strong></span> <span class='ocrx_word' id='word_1_28' title='bbox 678 566 715 597; x_wconf 94' lang='lat' dir='ltr'><strong>in</strong></span> <span class='ocrx_word' id='word_1_29' title='bbox 734 565 825 598; x_wconf 90' lang='lat' dir='ltr'><strong>Loco</strong></span> <span class='ocrx_word' id='word_1_30' title='bbox 846 565 906 599; x_wconf 90' lang='lat' dir='ltr'><strong>ubi</strong></span> <span class='ocrx_word' id='word_1_31' title='bbox 925 566 1098 609; x_wconf 75' lang='lat' dir='ltr'>Magister</span> <span class='ocrx_word' id='word_1_32' title='bbox 1117 568 1312 602; x_wconf 85' lang='lat' dir='ltr'><strong>Willelmus</strong></span> <span class='ocrx_word' id='word_1_33' title='bbox 1331 570 1520 613; x_wconf 88' lang='lat' dir='ltr'><strong>Trevellys‚</strong></span> <span class='ocrx_word' id='word_1_34' title='bbox 1543 570 1704 604; x_wconf 88' lang='lat' dir='ltr'><strong>Vicarius</strong></span> <span class='ocrx_word' id='word_1_35' title='bbox 1724 571 1866 607; x_wconf 89' lang='lat' dir='ltr'><strong>Domini</strong></span> 
     </span>
     <span class='ocr_line' id='line_1_8' title="bbox 461 607 1862 656; baseline 0.006 -17"><span class='ocrx_word' id='word_1_36' title='bbox 461 617 498 640; x_wconf 90' lang='lat' dir='ltr'><strong>1n</strong></span> <span class='ocrx_word' id='word_1_37' title='bbox 516 607 775 651; x_wconf 78' lang='lat' dir='ltr'><strong>spiritualibus,</strong></span> <span class='ocrx_word' id='word_1_38' title='bbox 797 610 936 643; x_wconf 85' lang='lat' dir='ltr'><strong>duxerit</strong></span> <span class='ocrx_word' id='word_1_39' title='bbox 951 610 1195 651; x_wconf 80' lang='lat' dir='ltr'><strong>limitandum3</strong></span> <span class='ocrx_word' id='word_1_40' title='bbox 1221 622 1354 645; x_wconf 87' lang='lat' dir='ltr'><strong>necnon</strong></span> <span class='ocrx_word' id='word_1_41' title='bbox 1372 613 1416 646; x_wconf 88' lang='lat' dir='ltr'><strong>ad</strong></span> <span class='ocrx_word' id='word_1_42' title='bbox 1435 614 1708 647; x_wconf 87' lang='lat' dir='ltr'><strong>confirmandum</strong></span> <span class='ocrx_word' id='word_1_43' title='bbox 1725 624 1862 656; x_wconf 86' lang='lat' dir='ltr'><strong>pueros,</strong></span> 
     </span>
     <span class='ocr_line' id='line_1_9' title="bbox 465 651 1867 698; baseline 0.004 -14"><span class='ocrx_word' id='word_1_44' title='bbox 465 661 505 684; x_wconf 85' lang='lat' dir='ltr'><strong>ac</strong></span> <span class='ocrx_word' id='word_1_45' title='bbox 520 651 652 685; x_wconf 82' lang='lat' dir='ltr'>Calices</span> <span class='ocrx_word' id='word_1_46' title='bbox 667 656 702 686; x_wconf 91' lang='lat' dir='ltr'><strong>et</strong></span> <span class='ocrx_word' id='word_1_47' title='bbox 716 652 936 686; x_wconf 69' lang='lat' dir='ltr'><strong>Vestimenta</strong></span> <span class='ocrx_word' id='word_1_48' title='bbox 949 653 1230 697; x_wconf 86' lang='lat' dir='ltr'><strong>benedicendum,</strong></span> <span class='ocrx_word' id='word_1_49' title='bbox 1247 658 1312 689; x_wconf 86' lang='lat' dir='ltr'><strong>etc.</strong></span> <span class='ocrx_word' id='word_1_50' title='bbox 1329 667 1337 694; x_wconf 75' lang='grc' dir='ltr'><strong>ς</strong></span> <span class='ocrx_word' id='word_1_51' title='bbox 1360 666 1470 698; x_wconf 88' lang='lat' dir='ltr'><strong>usque</strong></span> <span class='ocrx_word' id='word_1_52' title='bbox 1484 656 1628 690; x_wconf 89' lang='lat' dir='ltr'><strong>Festum</strong></span> <span class='ocrx_word' id='word_1_53' title='bbox 1643 657 1867 690; x_wconf 82' lang='lat' dir='ltr'><strong>Pentecostes</strong></span> 
     </span>
     <span class='ocr_line' id='line_1_10' title="bbox 463 695 1865 772; baseline 0.005 -45"><span class='ocrx_word' id='word_1_54' title='bbox 463 695 621 772; x_wconf 48' lang='lat' dir='ltr'><strong>progimo</strong></span> <span class='ocrx_word' id='word_1_55' title='bbox 648 696 807 729; x_wconf 84' lang='lat' dir='ltr'><strong>futurum</strong></span> <span class='ocrx_word' id='word_1_56' title='bbox 833 697 1059 739; x_wconf 80' lang='lat' dir='ltr'><strong>duraturam3</strong></span> <span class='ocrx_word' id='word_1_57' title='bbox 1092 698 1266 740; x_wconf 88' lang='lat' dir='ltr'><strong>videlicet,</strong></span> <span class='ocrx_word' id='word_1_58' title='bbox 1294 700 1340 733; x_wconf 86' lang='lat' dir='ltr'><strong>ad</strong></span> <span class='ocrx_word' id='word_1_59' title='bbox 1366 700 1639 734; x_wconf 91' lang='lat' dir='ltr'><strong>confirmandum</strong></span> <span class='ocrx_word' id='word_1_60' title='bbox 1666 704 1704 734; x_wconf 88' lang='lat' dir='ltr'><strong>et</strong></span> <span class='ocrx_word' id='word_1_61' title='bbox 1727 700 1865 734; x_wconf 86' lang='lat' dir='ltr'><strong>benedi-</strong></span> 
     </span>
     <span class='ocr_line' id='line_1_11' title="bbox 460 749 616 773; baseline 0.013 -2"><span class='ocrx_word' id='word_1_62' title='bbox 460 749 522 772; x_wconf 90' lang='lat' dir='ltr'><strong>cen</strong></span> <span class='ocrx_word' id='word_1_63' title='bbox 548 750 616 773; x_wconf 89' lang='lat' dir='ltr'><strong>um.</strong></span> 
     </span>
    </p>
   </div>
   <div class='ocr_carea' id='block_1_7' title="bbox 422 792 1858 848">
    <p class='ocr_par' dir='ltr' id='par_1_7' title="bbox 422 792 1858 848">
     <span class='ocr_line' id='line_1_12' title="bbox 422 792 1858 848; baseline 0.004 -17"><span class='ocrx_word' id='word_1_64' title='bbox 422 792 644 844; x_wconf 77' lang='lat' dir='ltr'><strong>Alimony3</strong></span> <span class='ocrx_word' id='word_1_65' title='bbox 684 793 751 831; x_wconf 79' lang='lat' dir='ltr'><strong>Ad</strong></span> <span class='ocrx_word' id='word_1_66' title='bbox 776 793 985 833; x_wconf 77' lang='lat' dir='ltr'><strong>citandum</strong></span> <span class='ocrx_word' id='word_1_67' title='bbox 1013 794 1238 833; x_wconf 74' lang='lat' dir='ltr'><strong>Dominum</strong></span> <span class='ocrx_word' id='word_1_68' title='bbox 1264 796 1489 835; x_wconf 73' lang='lat' dir='ltr'><strong>Johamwm</strong></span> <span class='ocrx_word' id='word_1_69' title='bbox 1516 796 1718 848; x_wconf 70' lang='lat' dir='ltr'><strong>Dynham‚</strong></span> <span class='ocrx_word' id='word_1_70' title='bbox 1740 798 1858 848; x_wconf 78' lang='lat' dir='ltr'><strong>juni-</strong></span> 
     </span>
    </p>
   </div>
   <div class='ocr_carea' id='block_1_8' title="bbox 413 847 1911 1249">
    <p class='ocr_par' dir='ltr' id='par_1_8' title="bbox 476 847 1208 896">
     <span class='ocr_line' id='line_1_13' title="bbox 476 847 1208 896; baseline 0.004 -12"><span class='ocrx_word' id='word_1_71' title='bbox 476 860 591 893; x_wconf 83' lang='lat' dir='ltr'><em>orem,</em></span> <span class='ocrx_word' id='word_1_72' title='bbox 614 847 661 885; x_wconf 75' lang='lat' dir='ltr'><strong>in</strong></span> <span class='ocrx_word' id='word_1_73' title='bbox 683 847 829 886; x_wconf 74' lang='lat' dir='ltr'><strong>Gausis</strong></span> <span class='ocrx_word' id='word_1_74' title='bbox 857 848 1208 896; x_wconf 73' lang='lat' dir='ltr'><strong>alimentorum,—</strong></span> 
     </span>
    </p>

    <p class='ocr_par' dir='ltr' id='par_1_9' title="bbox 413 899 1911 1249">
     <span class='ocr_line' id='line_1_14' title="bbox 413 899 1860 948; baseline 0.004 -15"><span class='ocrx_word' id='word_1_75' title='bbox 413 899 516 942; x_wconf 78' lang='lat' dir='ltr'><strong>Item,</strong></span> <span class='ocrx_word' id='word_1_76' title='bbox 536 901 664 934; x_wconf 88' lang='lat' dir='ltr'><strong>eisdem</strong></span> <span class='ocrx_word' id='word_1_77' title='bbox 681 901 735 934; x_wconf 92' lang='lat' dir='ltr'><strong>die</strong></span> <span class='ocrx_word' id='word_1_78' title='bbox 752 905 787 945; x_wconf 86' lang='lat' dir='ltr'><strong>et</strong></span> <span class='ocrx_word' id='word_1_79' title='bbox 801 901 888 944; x_wconf 88' lang='lat' dir='ltr'><strong>loco,</strong></span> <span class='ocrx_word' id='word_1_80' title='bbox 908 904 1084 937; x_wconf 74' lang='lat' dir='ltr'><strong>emanavit</strong></span> <span class='ocrx_word' id='word_1_81' title='bbox 1100 903 1308 938; x_wconf 85' lang='lat' dir='ltr'><strong>Mandatum</strong></span> <span class='ocrx_word' id='word_1_82' title='bbox 1326 904 1498 937; x_wconf 86' lang='lat' dir='ltr'><strong>directum</strong></span> <span class='ocrx_word' id='word_1_83' title='bbox 1514 903 1655 937; x_wconf 85' lang='lat' dir='ltr'><strong>Decano</strong></span> <span class='ocrx_word' id='word_1_84' title='bbox 1671 904 1713 939; x_wconf 88' lang='lat' dir='ltr'><strong>de</strong></span> <span class='ocrx_word' id='word_1_85' title='bbox 1731 905 1860 948; x_wconf 86' lang='lat' dir='ltr'><strong>Herty-</strong></span> 
     </span>
     <span class='ocr_line' id='line_1_15' title="bbox 456 944 1862 991; baseline 0.003 -14"><span class='ocrx_word' id='word_1_86' title='bbox 456 944 569 987; x_wconf 89' lang='lat' dir='ltr'><strong>londe‚</strong></span> <span class='ocrx_word' id='word_1_87' title='bbox 587 944 740 978; x_wconf 83' lang='lat' dir='ltr'><strong>Johanni</strong></span> <span class='ocrx_word' id='word_1_88' title='bbox 757 945 965 987; x_wconf 80' lang='lat' dir='ltr'><strong>Baucombe,</strong></span> <span class='ocrx_word' id='word_1_89' title='bbox 986 951 1021 980; x_wconf 88' lang='lat' dir='ltr'><strong>et</strong></span> <span class='ocrx_word' id='word_1_90' title='bbox 1037 947 1190 980; x_wconf 91' lang='lat' dir='ltr'><strong>Henrico</strong></span> <span class='ocrx_word' id='word_1_91' title='bbox 1207 947 1395 991; x_wconf 88' lang='lat' dir='ltr'><strong>Messager,</strong></span> <span class='ocrx_word' id='word_1_92' title='bbox 1415 948 1459 981; x_wconf 88' lang='lat' dir='ltr'><strong>ad</strong></span> <span class='ocrx_word' id='word_1_93' title='bbox 1477 948 1655 981; x_wconf 84' lang='lat' dir='ltr'><strong>citandum</strong></span> <span class='ocrx_word' id='word_1_94' title='bbox 1672 948 1862 981; x_wconf 89' lang='lat' dir='ltr'><strong>Dominum</strong></span> 
     </span>
     <span class='ocr_line' id='line_1_16' title="bbox 457 988 1911 1034; baseline 0.003 -14"><span class='ocrx_word' id='word_1_95' title='bbox 457 988 653 1021; x_wconf 85' lang='lat' dir='ltr'><strong>Johannem</strong></span> <span class='ocrx_word' id='word_1_96' title='bbox 674 989 849 1032; x_wconf 86' lang='lat' dir='ltr'><strong>Dynham,</strong></span> <span class='ocrx_word' id='word_1_97' title='bbox 873 990 1056 1032; x_wconf 86' lang='lat' dir='ltr'><strong>juniorem,</strong></span> <span class='ocrx_word' id='word_1_98' title='bbox 1082 990 1242 1032; x_wconf 86' lang='lat' dir='ltr'><strong>Militem,</strong></span> <span class='ocrx_word' id='word_1_99' title='bbox 1268 995 1304 1024; x_wconf 89' lang='lat' dir='ltr'><strong>et</strong></span> <span class='ocrx_word' id='word_1_100' title='bbox 1325 991 1469 1023; x_wconf 86' lang='lat' dir='ltr'><strong>Elenam</strong></span> <span class='ocrx_word' id='word_1_101' title='bbox 1490 992 1566 1032; x_wconf 86' lang='lat' dir='ltr'><strong>ejus</strong></span> <span class='ocrx_word' id='word_1_102' title='bbox 1588 1002 1742 1031; x_wconf 83' lang='lat' dir='ltr'><strong>uxorem,</strong></span> <span class='ocrx_word' id='word_1_103' title='bbox 1766 992 1859 1034; x_wconf 88' lang='lat' dir='ltr'><strong>quod</strong></span> <span class='ocrx_word' id='word_1_104' title='bbox 1906 989 1911 993; x_wconf 82' lang='grc'><strong>”</strong></span> 
     </span>
     <span class='ocr_line' id='line_1_17' title="bbox 462 1032 1856 1077; baseline 0.003 -13"><span class='ocrx_word' id='word_1_105' title='bbox 462 1036 685 1074; x_wconf 84' lang='lat' dir='ltr'><strong>compareant</strong></span> <span class='ocrx_word' id='word_1_106' title='bbox 701 1043 816 1065; x_wconf 88' lang='lat' dir='ltr'><strong>coram</strong></span> <span class='ocrx_word' id='word_1_107' title='bbox 832 1032 982 1066; x_wconf 78' lang='lat' dir='ltr'><strong>officiali</strong></span> <span class='ocrx_word' id='word_1_108' title='bbox 996 1033 1184 1066; x_wconf 82' lang='lat' dir='ltr'><strong>Exoniensi</strong></span> <span class='ocrx_word' id='word_1_109' title='bbox 1200 1033 1403 1077; x_wconf 86' lang='lat' dir='ltr'><strong>Principali,</strong></span> <span class='ocrx_word' id='word_1_110' title='bbox 1422 1045 1482 1068; x_wconf 90' lang='lat' dir='ltr'><strong>seu</strong></span> <span class='ocrx_word' id='word_1_111' title='bbox 1499 1034 1754 1076; x_wconf 76' lang='lat' dir='ltr'><strong>commissario,</strong></span> <span class='ocrx_word' id='word_1_112' title='bbox 1774 1038 1856 1076; x_wconf 88' lang='lat' dir='ltr'><strong>etc.‚</strong></span> 
     </span>
     <span class='ocr_line' id='line_1_18' title="bbox 456 1075 1859 1120; baseline 0.002 -12"><span class='ocrx_word' id='word_1_113' title='bbox 456 1076 494 1109; x_wconf 89' lang='lat' dir='ltr'><strong>in</strong></span> <span class='ocrx_word' id='word_1_114' title='bbox 518 1075 675 1109; x_wconf 84' lang='lat' dir='ltr'><strong>Ecclesia</strong></span> <span class='ocrx_word' id='word_1_115' title='bbox 699 1076 899 1110; x_wconf 86' lang='lat' dir='ltr'><strong>Cathedrali</strong></span> <span class='ocrx_word' id='word_1_116' title='bbox 923 1077 1066 1118; x_wconf 84' lang='lat' dir='ltr'><strong>Exonie,</strong></span> <span class='ocrx_word' id='word_1_117' title='bbox 1093 1078 1164 1120; x_wconf 86' lang='lat' dir='ltr'><strong>vijo</strong></span> <span class='ocrx_word' id='word_1_118' title='bbox 1189 1078 1244 1111; x_wconf 91' lang='lat' dir='ltr'><strong>die</strong></span> <span class='ocrx_word' id='word_1_119' title='bbox 1268 1078 1395 1111; x_wconf 85' lang='lat' dir='ltr'><strong>mensis</strong></span> <span class='ocrx_word' id='word_1_120' title='bbox 1420 1078 1556 1118; x_wconf 87' lang='lat' dir='ltr'><strong>Marcii,</strong></span> <span class='ocrx_word' id='word_1_121' title='bbox 1584 1079 1621 1111; x_wconf 90' lang='lat' dir='ltr'><strong>in</strong></span> <span class='ocrx_word' id='word_1_122' title='bbox 1646 1078 1770 1118; x_wconf 80' lang='lat' dir='ltr'><strong>Causa,</strong></span> <span class='ocrx_word' id='word_1_123' title='bbox 1798 1089 1859 1112; x_wconf 87' lang='lat' dir='ltr'><strong>seu</strong></span> 
     </span>
     <span class='ocr_line' id='line_1_19' title="bbox 455 1119 1857 1163; baseline 0.001 -11"><span class='ocrx_word' id='word_1_124' title='bbox 455 1119 588 1162; x_wconf 84' lang='lat' dir='ltr'><strong>Causis,</strong></span> <span class='ocrx_word' id='word_1_125' title='bbox 615 1119 868 1162; x_wconf 86' lang='lat' dir='ltr'><strong>alimentorum,</strong></span> <span class='ocrx_word' id='word_1_126' title='bbox 896 1124 976 1163; x_wconf 89' lang='lat' dir='ltr'><strong>etc.‚</strong></span> <span class='ocrx_word' id='word_1_127' title='bbox 1002 1122 1106 1163; x_wconf 84' lang='lat' dir='ltr'><strong>juxta</strong></span> <span class='ocrx_word' id='word_1_128' title='bbox 1128 1125 1292 1154; x_wconf 83' lang='lat' dir='ltr'><strong>contenta</strong></span> <span class='ocrx_word' id='word_1_129' title='bbox 1314 1122 1352 1154; x_wconf 88' lang='lat' dir='ltr'><strong>in</strong></span> <span class='ocrx_word' id='word_1_130' title='bbox 1373 1122 1501 1155; x_wconf 88' lang='lat' dir='ltr'><strong>Literis</strong></span> <span class='ocrx_word' id='word_1_131' title='bbox 1525 1122 1667 1155; x_wconf 89' lang='lat' dir='ltr'><strong>Domini</strong></span> <span class='ocrx_word' id='word_1_132' title='bbox 1691 1121 1857 1155; x_wconf 84' lang='lat' dir='ltr'><strong>Officialis</strong></span> 
     </span>
     <span class='ocr_line' id='line_1_20' title="bbox 455 1162 1858 1199; baseline 0.001 -3"><span class='ocrx_word' id='word_1_133' title='bbox 455 1163 498 1196; x_wconf 90' lang='lat' dir='ltr'><strong>de</strong></span> <span class='ocrx_word' id='word_1_134' title='bbox 517 1162 680 1197; x_wconf 86' lang='lat' dir='ltr'><strong>Arcubus</strong></span> <span class='ocrx_word' id='word_1_135' title='bbox 701 1164 969 1197; x_wconf 87' lang='lat' dir='ltr'><strong>Londoniarum.</strong></span> <span class='ocrx_word' id='word_1_136' title='bbox 1017 1165 1065 1198; x_wconf 87' lang='lat' dir='ltr'><strong>Et</strong></span> <span class='ocrx_word' id='word_1_137' title='bbox 1085 1164 1216 1198; x_wconf 88' lang='lat' dir='ltr'><strong>habent</strong></span> <span class='ocrx_word' id='word_1_138' title='bbox 1237 1166 1280 1198; x_wconf 92' lang='lat' dir='ltr'><strong>ad</strong></span> <span class='ocrx_word' id='word_1_139' title='bbox 1304 1166 1564 1199; x_wconf 88' lang='lat' dir='ltr'><strong>certificandum</strong></span> <span class='ocrx_word' id='word_1_140' title='bbox 1587 1166 1775 1198; x_wconf 90' lang='lat' dir='ltr'><strong>Dominum</strong></span> <span class='ocrx_word' id='word_1_141' title='bbox 1797 1175 1858 1198; x_wconf 87' lang='lat' dir='ltr'><strong>seu</strong></span> 
     </span>
     <span class='ocr_line' id='line_1_21' title="bbox 461 1206 1149 1249; baseline 0.003 -10"><span class='ocrx_word' id='word_1_142' title='bbox 461 1206 754 1249; x_wconf 85' lang='lat' dir='ltr'><strong>Commissarium,</strong></span> <span class='ocrx_word' id='word_1_143' title='bbox 779 1207 908 1240; x_wconf 89' lang='lat' dir='ltr'><strong>eisdem</strong></span> <span class='ocrx_word' id='word_1_144' title='bbox 931 1208 986 1240; x_wconf 91' lang='lat' dir='ltr'><strong>die</strong></span> <span class='ocrx_word' id='word_1_145' title='bbox 1008 1212 1044 1241; x_wconf 92' lang='lat' dir='ltr'><strong>et</strong></span> <span class='ocrx_word' id='word_1_146' title='bbox 1063 1208 1149 1241; x_wconf 91' lang='lat' dir='ltr'><strong>loco.</strong></span> 
     </span>
    </p>
   </div>
   <div class='ocr_carea' id='block_1_9' title="bbox 417 1260 1855 1314">
    <p class='ocr_par' dir='ltr' id='par_1_10' title="bbox 417 1260 1855 1314">
     <span class='ocr_line' id='line_1_22' title="bbox 417 1260 1855 1314; baseline 0.002 -16"><span class='ocrx_word' id='word_1_147' title='bbox 417 1260 804 1311; x_wconf 67' lang='lat' dir='ltr'><strong>Bishopsteigntong</strong></span> <span class='ocrx_word' id='word_1_148' title='bbox 833 1262 900 1300; x_wconf 79' lang='lat' dir='ltr'><strong>Ad</strong></span> <span class='ocrx_word' id='word_1_149' title='bbox 916 1261 1169 1300; x_wconf 76' lang='lat' dir='ltr'><strong>audiendum</strong></span> <span class='ocrx_word' id='word_1_150' title='bbox 1196 1269 1416 1313; x_wconf 74' lang='lat' dir='ltr'><strong>compotum</strong></span> <span class='ocrx_word' id='word_1_151' title='bbox 1449 1262 1602 1302; x_wconf 72' lang='lat' dir='ltr'><strong>Vicarii</strong></span> <span class='ocrx_word' id='word_1_152' title='bbox 1630 1263 1676 1302; x_wconf 82' lang='lat' dir='ltr'><strong>de</strong></span> <span class='ocrx_word' id='word_1_153' title='bbox 1706 1263 1855 1314; x_wconf 72' lang='lat' dir='ltr'><strong>Teynq-</strong></span> 
     </span>
    </p>
   </div>
   <div class='ocr_carea' id='block_1_10' title="bbox 409 1321 1858 1586">
    <p class='ocr_par' dir='ltr' id='par_1_11' title="bbox 409 1321 1858 1586">
     <span class='ocr_line' id='line_1_23' title="bbox 471 1321 626 1360; baseline 0 -8"><span class='ocrx_word' id='word_1_154' title='bbox 471 1321 626 1360; x_wconf 75' lang='lat' dir='ltr'><strong>tone,—</strong></span> 
     </span>
     <span class='ocr_line' id='line_1_24' title="bbox 409 1367 1858 1413; baseline 0.001 -12"><span class='ocrx_word' id='word_1_155' title='bbox 409 1367 511 1411; x_wconf 90' lang='lat' dir='ltr'><strong>Item,</strong></span> <span class='ocrx_word' id='word_1_156' title='bbox 534 1367 675 1410; x_wconf 90' lang='lat' dir='ltr'><strong>ibidem,</strong></span> <span class='ocrx_word' id='word_1_157' title='bbox 699 1371 825 1410; x_wconf 85' lang='lat' dir='ltr'><strong>quarto</strong></span> <span class='ocrx_word' id='word_1_158' title='bbox 845 1368 910 1410; x_wconf 91' lang='lat' dir='ltr'><strong>die,</strong></span> <span class='ocrx_word' id='word_1_159' title='bbox 936 1369 1111 1402; x_wconf 81' lang='lat' dir='ltr'><strong>emanavit</strong></span> <span class='ocrx_word' id='word_1_160' title='bbox 1133 1368 1336 1402; x_wconf 84' lang='lat' dir='ltr'><strong>Commissio</strong></span> <span class='ocrx_word' id='word_1_161' title='bbox 1359 1369 1492 1403; x_wconf 85' lang='lat' dir='ltr'><strong>directa</strong></span> <span class='ocrx_word' id='word_1_162' title='bbox 1512 1369 1684 1413; x_wconf 85' lang='lat' dir='ltr'><strong>Magistro</strong></span> <span class='ocrx_word' id='word_1_163' title='bbox 1705 1369 1858 1403; x_wconf 78' lang='lat' dir='ltr'><strong>Johanni</strong></span> 
     </span>
     <span class='ocr_line' id='line_1_25' title="bbox 452 1411 1853 1456; baseline 0.001 -12"><span class='ocrx_word' id='word_1_164' title='bbox 452 1411 487 1444; x_wconf 93' lang='lat' dir='ltr'>N</span> <span class='ocrx_word' id='word_1_165' title='bbox 490 1411 679 1454; x_wconf 87' lang='lat' dir='ltr'><strong>orthwode‚</strong></span> <span class='ocrx_word' id='word_1_166' title='bbox 704 1412 863 1445; x_wconf 88' lang='lat' dir='ltr'><strong>Dominis</strong></span> <span class='ocrx_word' id='word_1_167' title='bbox 883 1412 1015 1445; x_wconf 76' lang='lat' dir='ltr'><strong>&#39;rhome</strong></span> <span class='ocrx_word' id='word_1_168' title='bbox 1036 1412 1266 1455; x_wconf 78' lang='lat' dir='ltr'><strong>Stayndrope,</strong></span> <span class='ocrx_word' id='word_1_169' title='bbox 1290 1417 1327 1446; x_wconf 89' lang='lat' dir='ltr'><strong>et</strong></span> <span class='ocrx_word' id='word_1_170' title='bbox 1348 1413 1506 1446; x_wconf 86' lang='lat' dir='ltr'><strong>Waltero</strong></span> <span class='ocrx_word' id='word_1_171' title='bbox 1527 1413 1625 1456; x_wconf 85' lang='lat' dir='ltr'><strong>Myn,</strong></span> <span class='ocrx_word' id='word_1_172' title='bbox 1649 1413 1695 1445; x_wconf 87' lang='grc'><strong>341</strong></span> <span class='ocrx_word' id='word_1_173' title='bbox 1715 1413 1853 1446; x_wconf 85' lang='lat' dir='ltr'><strong>audien-</strong></span> 
     </span>
     <span class='ocr_line' id='line_1_26' title="bbox 422 1455 1855 1498; baseline 0.002 -11"><span class='ocrx_word' id='word_1_174' title='bbox 422 1482 425 1485; x_wconf 92' lang='lat'>.</span> <span class='ocrx_word' id='word_1_175' title='bbox 453 1455 537 1488; x_wconf 91' lang='lat' dir='ltr'><strong>dum</strong></span> <span class='ocrx_word' id='word_1_176' title='bbox 564 1458 764 1497; x_wconf 89' lang='lat' dir='ltr'><strong>compotum</strong></span> <span class='ocrx_word' id='word_1_177' title='bbox 792 1456 865 1488; x_wconf 90' lang='lat' dir='ltr'><strong>sive</strong></span> <span class='ocrx_word' id='word_1_178' title='bbox 892 1456 1117 1488; x_wconf 89' lang='lat' dir='ltr'><strong>raciocinium</strong></span> <span class='ocrx_word' id='word_1_179' title='bbox 1146 1456 1287 1488; x_wconf 89' lang='lat' dir='ltr'><strong>Domini</strong></span> <span class='ocrx_word' id='word_1_180' title='bbox 1314 1456 1485 1489; x_wconf 85' lang='lat' dir='ltr'><strong>Johannis</strong></span> <span class='ocrx_word' id='word_1_181' title='bbox 1513 1457 1694 1498; x_wconf 88' lang='lat' dir='ltr'><strong>[Yeurde],</strong></span> <span class='ocrx_word' id='word_1_182' title='bbox 1722 1457 1855 1490; x_wconf 84' lang='lat' dir='ltr'><strong>Vicarii</strong></span> 
     </span>
     <span class='ocr_line' id='line_1_27' title="bbox 453 1498 1857 1543; baseline 0.001 -12"><span class='ocrx_word' id='word_1_183' title='bbox 453 1498 619 1540; x_wconf 85' lang='lat' dir='ltr'><strong>Perpetui</strong></span> <span class='ocrx_word' id='word_1_184' title='bbox 638 1500 679 1532; x_wconf 86' lang='lat' dir='ltr'><strong>de</strong></span> <span class='ocrx_word' id='word_1_185' title='bbox 697 1499 899 1542; x_wconf 81' lang='lat' dir='ltr'><strong>Teyngtone</strong></span> <span class='ocrx_word' id='word_1_186' title='bbox 917 1499 1093 1542; x_wconf 88' lang='lat' dir='ltr'><strong>Episcopi,</strong></span> <span class='ocrx_word' id='word_1_187' title='bbox 1115 1499 1158 1532; x_wconf 91' lang='lat' dir='ltr'><strong>de</strong></span> <span class='ocrx_word' id='word_1_188' title='bbox 1174 1499 1338 1541; x_wconf 83' lang='lat' dir='ltr'><strong>proficuis</strong></span> <span class='ocrx_word' id='word_1_189' title='bbox 1355 1499 1636 1541; x_wconf 84' lang='lat' dir='ltr'><strong>provenientibus</strong></span> <span class='ocrx_word' id='word_1_190' title='bbox 1654 1501 1696 1534; x_wconf 91' lang='lat' dir='ltr'><strong>de</strong></span> <span class='ocrx_word' id='word_1_191' title='bbox 1715 1499 1857 1543; x_wconf 81' lang='lat' dir='ltr'><strong>Capella</strong></span> 
     </span>
     <span class='ocr_line' id='line_1_28' title="bbox 453 1542 1851 1586; baseline 0 -10"><span class='ocrx_word' id='word_1_192' title='bbox 453 1543 495 1576; x_wconf 91' lang='lat' dir='ltr'><strong>de</strong></span> <span class='ocrx_word' id='word_1_193' title='bbox 517 1542 768 1586; x_wconf 86' lang='lat' dir='ltr'><strong>Teynmouthe,</strong></span> <span class='ocrx_word' id='word_1_194' title='bbox 793 1547 828 1577; x_wconf 92' lang='lat' dir='ltr'><strong>et</strong></span> <span class='ocrx_word' id='word_1_195' title='bbox 849 1543 894 1576; x_wconf 88' lang='lat' dir='ltr'><strong>ad</strong></span> <span class='ocrx_word' id='word_1_196' title='bbox 915 1544 1112 1576; x_wconf 82' lang='lat' dir='ltr'><strong>faciendum</strong></span> <span class='ocrx_word' id='word_1_197' title='bbox 1133 1544 1243 1577; x_wconf 90' lang='lat' dir='ltr'><strong>eidem</strong></span> <span class='ocrx_word' id='word_1_198' title='bbox 1265 1544 1538 1586; x_wconf 81' lang='lat' dir='ltr'><strong>acquietanciam</strong></span> <span class='ocrx_word' id='word_1_199' title='bbox 1562 1544 1604 1577; x_wconf 92' lang='lat' dir='ltr'><strong>de</strong></span> <span class='ocrx_word' id='word_1_200' title='bbox 1627 1544 1760 1586; x_wconf 84' lang='lat' dir='ltr'><strong>solutis,</strong></span> <span class='ocrx_word' id='word_1_201' title='bbox 1786 1547 1851 1577; x_wconf 87' lang='lat' dir='ltr'><strong>etc.</strong></span> 
     </span>
    </p>
   </div>
   <div class='ocr_carea' id='block_1_11' title="bbox 410 1597 1851 1739">
    <p class='ocr_par' dir='ltr' id='par_1_12' title="bbox 410 1597 1851 1739">
     <span class='ocr_line' id='line_1_29' title="bbox 414 1597 886 1649; baseline 0 -14"><span class='ocrx_word' id='word_1_202' title='bbox 414 1597 886 1649; x_wconf 81' lang='lat' dir='ltr'><strong>Letters-Dimissory‚—-</strong></span> 
     </span>
     <span class='ocr_line' id='line_1_30' title="bbox 410 1651 1851 1694; baseline 0.001 -10"><span class='ocrx_word' id='word_1_203' title='bbox 410 1651 565 1685; x_wconf 86' lang='lat' dir='ltr'><strong>Richard</strong></span> <span class='ocrx_word' id='word_1_204' title='bbox 591 1651 721 1693; x_wconf 87' lang='lat' dir='ltr'><strong>Payne,</strong></span> <span class='ocrx_word' id='word_1_205' title='bbox 749 1651 861 1693; x_wconf 75' lang='lat' dir='ltr'><strong>prim.</strong></span> <span class='ocrx_word' id='word_1_206' title='bbox 891 1656 993 1691; x_wconf 61' lang='lat' dir='ltr'><strong>tons„</strong></span> <span class='ocrx_word' id='word_1_207' title='bbox 1022 1651 1039 1666; x_wconf 90' lang='lat'><strong>“</strong></span> <span class='ocrx_word' id='word_1_208' title='bbox 1056 1651 1099 1684; x_wconf 87' lang='lat' dir='ltr'><strong>ad</strong></span> <span class='ocrx_word' id='word_1_209' title='bbox 1120 1662 1237 1684; x_wconf 88' lang='lat' dir='ltr'><strong>omnes</strong></span> <span class='ocrx_word' id='word_1_210' title='bbox 1256 1651 1342 1685; x_wconf 83' lang='lat' dir='ltr'><strong>alios</strong></span> <span class='ocrx_word' id='word_1_211' title='bbox 1361 1652 1523 1694; x_wconf 84' lang='lat' dir='ltr'><strong>Minores,</strong></span> <span class='ocrx_word' id='word_1_212' title='bbox 1546 1656 1581 1685; x_wconf 90' lang='lat' dir='ltr'><strong>et</strong></span> <span class='ocrx_word' id='word_1_213' title='bbox 1601 1652 1708 1685; x_wconf 87' lang='lat' dir='ltr'><strong>eciam</strong></span> <span class='ocrx_word' id='word_1_214' title='bbox 1729 1652 1773 1685; x_wconf 85' lang='lat' dir='ltr'><strong>ad</strong></span> <span class='ocrx_word' id='word_1_215' title='bbox 1792 1652 1851 1686; x_wconf 85' lang='lat' dir='ltr'><strong>Sa·</strong></span> 
     </span>
     <span class='ocr_line' id='line_1_31' title="bbox 452 1694 1586 1739; baseline 0 -11"><span class='ocrx_word' id='word_1_216' title='bbox 452 1706 528 1729; x_wconf 86' lang='lat' dir='ltr'><strong>cros</strong></span> <span class='ocrx_word' id='word_1_217' title='bbox 551 1694 828 1729; x_wconf 84' lang='lat' dir='ltr'><strong>Subdiaconatus</strong></span> <span class='ocrx_word' id='word_1_218' title='bbox 851 1699 886 1728; x_wconf 85' lang='lat' dir='ltr'><strong>et</strong></span> <span class='ocrx_word' id='word_1_219' title='bbox 909 1695 1123 1729; x_wconf 84' lang='lat' dir='ltr'><strong>Diaconatus</strong></span> <span class='ocrx_word' id='word_1_220' title='bbox 1149 1695 1294 1729; x_wconf 91' lang='lat' dir='ltr'><strong>Ordines</strong></span> <span class='ocrx_word' id='word_1_221' title='bbox 1306 1695 1324 1709; x_wconf 92' lang='lat'><strong>&#39;’</strong></span> <span class='ocrx_word' id='word_1_222' title='bbox 1353 1695 1459 1738; x_wconf 87' lang='lat' dir='ltr'><strong>(same</strong></span> <span class='ocrx_word' id='word_1_223' title='bbox 1482 1696 1586 1739; x_wconf 85' lang='lat' dir='ltr'><strong>date).</strong></span> 
     </span>
    </p>
   </div>
   <div class='ocr_carea' id='block_1_12' title="bbox 411 1748 1850 1800">
    <p class='ocr_par' dir='ltr' id='par_1_13' title="bbox 411 1748 1850 1800">
     <span class='ocr_line' id='line_1_32' title="bbox 411 1748 1850 1800; baseline 0.001 -13"><span class='ocrx_word' id='word_1_224' title='bbox 411 1749 613 1795; x_wconf 85' lang='lat' dir='ltr'><strong>Tiverton,</strong></span> <span class='ocrx_word' id='word_1_225' title='bbox 632 1749 701 1787; x_wconf 88' lang='lat' dir='ltr'><strong>the</strong></span> <span class='ocrx_word' id='word_1_226' title='bbox 722 1748 949 1788; x_wconf 87' lang='lat' dir='ltr'><strong>Prebendal</strong></span> <span class='ocrx_word' id='word_1_227' title='bbox 970 1749 1131 1788; x_wconf 86' lang='lat' dir='ltr'><strong>Church</strong></span> <span class='ocrx_word' id='word_1_228' title='bbox 1151 1749 1193 1787; x_wconf 79' lang='lat' dir='ltr'><strong>of</strong></span> <span class='ocrx_word' id='word_1_229' title='bbox 1208 1763 1218 1797; x_wconf 88' lang='lat'>;</span> <span class='ocrx_word' id='word_1_230' title='bbox 1245 1749 1479 1788; x_wconf 73' lang='lat' dir='ltr'><strong>commissio</strong></span> <span class='ocrx_word' id='word_1_231' title='bbox 1492 1763 1569 1800; x_wconf 69' lang='lat' dir='ltr'><strong>pro</strong></span> <span class='ocrx_word' id='word_1_232' title='bbox 1582 1756 1699 1800; x_wconf 81' lang='lat' dir='ltr'><strong>parte</strong></span> <span class='ocrx_word' id='word_1_233' title='bbox 1721 1750 1850 1790; x_wconf 78' lang='lat' dir='ltr'><strong>Comi-</strong></span> 
     </span>
    </p>
   </div>
   <div class='ocr_carea' id='block_1_13' title="bbox 405 1803 1854 2160">
    <p class='ocr_par' dir='ltr' id='par_1_14' title="bbox 467 1803 781 1849">
     <span class='ocr_line' id='line_1_33' title="bbox 467 1803 781 1849; baseline -0.003 -8"><span class='ocrx_word' id='word_1_234' title='bbox 467 1803 518 1841; x_wconf 80' lang='lat' dir='ltr'><strong>tis</strong></span> <span class='ocrx_word' id='word_1_235' title='bbox 537 1803 781 1849; x_wconf 44' lang='lat' dir='ltr'><strong>Devorata-e,-</strong></span> 
     </span>
    </p>

    <p class='ocr_par' dir='ltr' id='par_1_15' title="bbox 405 1855 1854 2160">
     <span class='ocr_line' id='line_1_34' title="bbox 405 1855 1848 1899; baseline 0.001 -9"><span class='ocrx_word' id='word_1_236' title='bbox 405 1857 507 1899; x_wconf 90' lang='lat' dir='ltr'><strong>Item,</strong></span> <span class='ocrx_word' id='word_1_237' title='bbox 531 1857 660 1891; x_wconf 88' lang='lat' dir='ltr'><strong>eisdem</strong></span> <span class='ocrx_word' id='word_1_238' title='bbox 681 1857 736 1890; x_wconf 91' lang='lat' dir='ltr'><strong>die</strong></span> <span class='ocrx_word' id='word_1_239' title='bbox 756 1861 792 1890; x_wconf 90' lang='lat' dir='ltr'><strong>et</strong></span> <span class='ocrx_word' id='word_1_240' title='bbox 811 1856 900 1898; x_wconf 90' lang='lat' dir='ltr'><strong>loco,</strong></span> <span class='ocrx_word' id='word_1_241' title='bbox 924 1857 1100 1890; x_wconf 79' lang='lat' dir='ltr'><strong>emanavit</strong></span> <span class='ocrx_word' id='word_1_242' title='bbox 1121 1855 1326 1890; x_wconf 83' lang='lat' dir='ltr'><strong>Commissio</strong></span> <span class='ocrx_word' id='word_1_243' title='bbox 1347 1857 1478 1891; x_wconf 86' lang='lat' dir='ltr'><strong>directa</strong></span> <span class='ocrx_word' id='word_1_244' title='bbox 1500 1856 1647 1890; x_wconf 73' lang='lat' dir='ltr'><strong>officiali</strong></span> <span class='ocrx_word' id='word_1_245' title='bbox 1667 1856 1848 1892; x_wconf 77' lang='lat' dir='ltr'><strong>Archidia·</strong></span> 
     </span>
     <span class='ocr_line' id='line_1_35' title="bbox 449 1899 1849 1943; baseline 0.001 -10"><span class='ocrx_word' id='word_1_246' title='bbox 449 1901 527 1933; x_wconf 91' lang='lat' dir='ltr'><strong>coni</strong></span> <span class='ocrx_word' id='word_1_247' title='bbox 538 1901 672 1934; x_wconf 84' lang='lat' dir='ltr'><strong>Exonie</strong></span> <span class='ocrx_word' id='word_1_248' title='bbox 685 1904 721 1934; x_wconf 93' lang='lat' dir='ltr'><strong>et</strong></span> <span class='ocrx_word' id='word_1_249' title='bbox 731 1901 881 1933; x_wconf 88' lang='lat' dir='ltr'><strong>Decanis</strong></span> <span class='ocrx_word' id='word_1_250' title='bbox 897 1900 938 1933; x_wconf 91' lang='lat' dir='ltr'><strong>de</strong></span> <span class='ocrx_word' id='word_1_251' title='bbox 950 1899 1140 1942; x_wconf 83' lang='lat' dir='ltr'><strong>Honytone</strong></span> <span class='ocrx_word' id='word_1_252' title='bbox 1154 1903 1190 1933; x_wconf 89' lang='lat' dir='ltr'><strong>et</strong></span> <span class='ocrx_word' id='word_1_253' title='bbox 1205 1900 1247 1933; x_wconf 87' lang='lat' dir='ltr'><strong>de</strong></span> <span class='ocrx_word' id='word_1_254' title='bbox 1263 1900 1470 1940; x_wconf 85' lang='lat' dir='ltr'><strong>Tuvertone,</strong></span> <span class='ocrx_word' id='word_1_255' title='bbox 1489 1911 1552 1942; x_wconf 91' lang='lat' dir='ltr'><strong>pro</strong></span> <span class='ocrx_word' id='word_1_256' title='bbox 1570 1905 1670 1943; x_wconf 86' lang='lat' dir='ltr'><strong>parte</strong></span> <span class='ocrx_word' id='word_1_257' title='bbox 1685 1901 1849 1934; x_wconf 84' lang='lat' dir='ltr'><strong>Edwardi</strong></span> 
     </span>
     <span class='ocr_line' id='line_1_36' title="bbox 449 1942 1851 1985; baseline -0.001 -8"><span class='ocrx_word' id='word_1_258' title='bbox 449 1944 594 1977; x_wconf 86' lang='lat' dir='ltr'><strong>Comitis</strong></span> <span class='ocrx_word' id='word_1_259' title='bbox 610 1944 776 1985; x_wconf 88' lang='lat' dir='ltr'><strong>Devonie,</strong></span> <span class='ocrx_word' id='word_1_260' title='bbox 794 1953 858 1985; x_wconf 91' lang='lat' dir='ltr'><strong>pro</strong></span> <span class='ocrx_word' id='word_1_261' title='bbox 875 1943 1106 1976; x_wconf 68' lang='lat' dir='ltr'><strong>Porcionariis</strong></span> <span class='ocrx_word' id='word_1_262' title='bbox 1121 1944 1157 1975; x_wconf 91' lang='lat' dir='ltr'><strong>in</strong></span> <span class='ocrx_word' id='word_1_263' title='bbox 1168 1942 1329 1975; x_wconf 84' lang='lat' dir='ltr'><strong>Ecclesia</strong></span> <span class='ocrx_word' id='word_1_264' title='bbox 1344 1943 1386 1976; x_wconf 89' lang='lat' dir='ltr'><strong>de</strong></span> <span class='ocrx_word' id='word_1_265' title='bbox 1402 1943 1609 1976; x_wconf 86' lang='lat' dir='ltr'><strong>Tuvertone.</strong></span> <span class='ocrx_word' id='word_1_266' title='bbox 1658 1944 1705 1977; x_wconf 90' lang='lat' dir='ltr'><strong>Et</strong></span> <span class='ocrx_word' id='word_1_267' title='bbox 1720 1943 1851 1977; x_wconf 86' lang='lat' dir='ltr'><strong>habent</strong></span> 
     </span>
     <span class='ocr_line' id='line_1_37' title="bbox 445 1986 1854 2027; baseline 0 -7"><span class='ocrx_word' id='word_1_268' title='bbox 445 1988 490 2020; x_wconf 84' lang='lat' dir='ltr'><strong>ad</strong></span> <span class='ocrx_word' id='word_1_269' title='bbox 504 1986 763 2021; x_wconf 82' lang='lat' dir='ltr'><strong>certificandum</strong></span> <span class='ocrx_word' id='word_1_270' title='bbox 776 1986 976 2027; x_wconf 83' lang='lat' dir='ltr'><strong>officialem,</strong></span> <span class='ocrx_word' id='word_1_271' title='bbox 993 1990 1055 2020; x_wconf 85' lang='lat' dir='ltr'><strong>aut</strong></span> <span class='ocrx_word' id='word_1_272' title='bbox 1069 1986 1352 2020; x_wconf 84' lang='lat' dir='ltr'><strong>Commissarium</strong></span> <span class='ocrx_word' id='word_1_273' title='bbox 1366 1987 1518 2027; x_wconf 91' lang='lat' dir='ltr'><strong>Domini,</strong></span> <span class='ocrx_word' id='word_1_274' title='bbox 1534 1997 1606 2019; x_wconf 80' lang='lat' dir='ltr'><strong>una</strong></span> <span class='ocrx_word' id='word_1_275' title='bbox 1618 1996 1697 2019; x_wconf 90' lang='lat' dir='ltr'><strong>cum</strong></span> <span class='ocrx_word' id='word_1_276' title='bbox 1709 1987 1854 2020; x_wconf 88' lang='lat' dir='ltr'><strong>nomini-</strong></span> 
     </span>
     <span class='ocr_line' id='line_1_38' title="bbox 447 2027 1851 2073; baseline -0.001 -9"><span class='ocrx_word' id='word_1_277' title='bbox 447 2030 514 2064; x_wconf 91' lang='lat' dir='ltr'><strong>bus</strong></span> <span class='ocrx_word' id='word_1_278' title='bbox 539 2035 575 2064; x_wconf 88' lang='lat' dir='ltr'><strong>et</strong></span> <span class='ocrx_word' id='word_1_279' title='bbox 601 2030 862 2073; x_wconf 84' lang='lat' dir='ltr'><strong>cognominibus</strong></span> <span class='ocrx_word' id='word_1_280' title='bbox 887 2031 1190 2064; x_wconf 86' lang='lat' dir='ltr'><strong>Porcionariorum</strong></span> <span class='ocrx_word' id='word_1_281' title='bbox 1216 2031 1413 2070; x_wconf 85' lang='lat' dir='ltr'><strong>citatorum,</strong></span> <span class='ocrx_word' id='word_1_282' title='bbox 1441 2027 1603 2063; x_wconf 83' lang='lat' dir='ltr'><strong>videlicet</strong></span> <span class='ocrx_word' id='word_1_283' title='bbox 1631 2031 1667 2063; x_wconf 92' lang='lat' dir='ltr'><strong>in</strong></span> <span class='ocrx_word' id='word_1_284' title='bbox 1694 2030 1851 2063; x_wconf 82' lang='lat' dir='ltr'><strong>Ecclesia</strong></span> 
     </span>
     <span class='ocr_line' id='line_1_39' title="bbox 448 2073 1848 2116; baseline 0 -10"><span class='ocrx_word' id='word_1_285' title='bbox 448 2073 659 2115; x_wconf 85' lang='lat' dir='ltr'><strong>Cathedrali,</strong></span> <span class='ocrx_word' id='word_1_286' title='bbox 684 2074 843 2116; x_wconf 86' lang='lat' dir='ltr'><strong>proximo</strong></span> <span class='ocrx_word' id='word_1_287' title='bbox 864 2073 919 2106; x_wconf 90' lang='lat' dir='ltr'><strong>die</strong></span> <span class='ocrx_word' id='word_1_288' title='bbox 941 2074 1098 2107; x_wconf 87' lang='lat' dir='ltr'><strong>Juridico</strong></span> <span class='ocrx_word' id='word_1_289' title='bbox 1122 2077 1201 2116; x_wconf 89' lang='lat' dir='ltr'><strong>post</strong></span> <span class='ocrx_word' id='word_1_290' title='bbox 1224 2073 1366 2106; x_wconf 84' lang='lat' dir='ltr'><strong>Festum</strong></span> <span class='ocrx_word' id='word_1_291' title='bbox 1391 2074 1595 2106; x_wconf 82' lang='lat' dir='ltr'><strong>Sanctarum</strong></span> <span class='ocrx_word' id='word_1_292' title='bbox 1617 2074 1791 2116; x_wconf 89' lang='lat' dir='ltr'><strong>Perpetue</strong></span> <span class='ocrx_word' id='word_1_293' title='bbox 1812 2078 1848 2107; x_wconf 93' lang='lat' dir='ltr'><strong>et</strong></span> 
     </span>
     <span class='ocr_line' id='line_1_40' title="bbox 447 2117 1031 2160; baseline -0.002 -9"><span class='ocrx_word' id='word_1_294' title='bbox 447 2117 642 2152; x_wconf 84' lang='lat' dir='ltr'><strong>Felicitatis</strong></span> <span class='ocrx_word' id='word_1_295' title='bbox 661 2118 819 2160; x_wconf 85' lang='lat' dir='ltr'><strong>proximo</strong></span> <span class='ocrx_word' id='word_1_296' title='bbox 839 2117 1008 2150; x_wconf 83' lang='lat' dir='ltr'><strong>futurum.</strong></span> <span class='ocrx_word' id='word_1_297' title='bbox 1027 2132 1031 2135; x_wconf 96' lang='lat'>·</span> 
     </span>
    </p>
   </div>
   <div class='ocr_carea' id='block_1_14' title="bbox 409 2169 1846 2223">
    <p class='ocr_par' dir='ltr' id='par_1_16' title="bbox 409 2169 1846 2223">
     <span class='ocr_line' id='line_1_41' title="bbox 409 2169 1846 2223; baseline -0.001 -12"><span class='ocrx_word' id='word_1_298' title='bbox 409 2173 451 2211; x_wconf 90' lang='lat' dir='ltr'>A</span> <span class='ocrx_word' id='word_1_299' title='bbox 479 2171 690 2211; x_wconf 88' lang='lat' dir='ltr'><strong>rebellious</strong></span> <span class='ocrx_word' id='word_1_300' title='bbox 720 2171 836 2209; x_wconf 83' lang='lat' dir='ltr'><strong>Friar</strong></span> <span class='ocrx_word' id='word_1_301' title='bbox 856 2171 929 2223; x_wconf 79' lang='lat' dir='ltr'><strong>(see</strong></span> <span class='ocrx_word' id='word_1_302' title='bbox 947 2183 1048 2222; x_wconf 85' lang='lat' dir='ltr'><strong>page</strong></span> <span class='ocrx_word' id='word_1_303' title='bbox 1069 2169 1164 2222; x_wconf 86' lang='lat'>410)</span> <span class='ocrx_word' id='word_1_304' title='bbox 1181 2183 1192 2219; x_wconf 80' lang='lat'>3</span> <span class='ocrx_word' id='word_1_305' title='bbox 1237 2171 1320 2209; x_wconf 85' lang='lat' dir='ltr'><strong>Pro</strong></span> <span class='ocrx_word' id='word_1_306' title='bbox 1348 2171 1491 2209; x_wconf 76' lang='lat' dir='ltr'><strong>Fratre</strong></span> <span class='ocrx_word' id='word_1_307' title='bbox 1521 2171 1703 2210; x_wconf 76' lang='lat' dir='ltr'><strong>Martino</strong></span> <span class='ocrx_word' id='word_1_308' title='bbox 1728 2170 1846 2210; x_wconf 72' lang='lat' dir='ltr'><strong>Hale-</strong></span> 
     </span>
    </p>
   </div>
   <div class='ocr_carea' id='block_1_15' title="bbox 402 2226 1849 2931">
    <p class='ocr_par' dir='ltr' id='par_1_17' title="bbox 463 2226 656 2273">
     <span class='ocr_line' id='line_1_42' title="bbox 463 2226 656 2273; baseline 0 -9"><span class='ocrx_word' id='word_1_309' title='bbox 463 2226 656 2273; x_wconf 71' lang='lat' dir='ltr'><strong>amabe,—</strong></span> 
     </span>
    </p>

    <p class='ocr_par' dir='ltr' id='par_1_18' title="bbox 402 2276 1849 2931">
     <span class='ocr_line' id='line_1_43' title="bbox 402 2276 1843 2322; baseline 0 -9"><span class='ocrx_word' id='word_1_310' title='bbox 402 2279 564 2322; x_wconf 86' lang='lat' dir='ltr'><strong>Thomas,</strong></span> <span class='ocrx_word' id='word_1_311' title='bbox 583 2283 664 2321; x_wconf 88' lang='lat' dir='ltr'><strong>etc.‚</strong></span> <span class='ocrx_word' id='word_1_312' title='bbox 683 2277 937 2312; x_wconf 80' lang='lat' dir='ltr'><strong>Archidiacono</strong></span> <span class='ocrx_word' id='word_1_313' title='bbox 953 2281 1073 2311; x_wconf 86' lang='lat' dir='ltr'><strong>nostro</strong></span> <span class='ocrx_word' id='word_1_314' title='bbox 1090 2277 1233 2319; x_wconf 87' lang='lat' dir='ltr'><strong>Exonie,</strong></span> <span class='ocrx_word' id='word_1_315' title='bbox 1252 2277 1309 2311; x_wconf 92' lang='lat' dir='ltr'><strong>vel</strong></span> <span class='ocrx_word' id='word_1_316' title='bbox 1326 2278 1402 2320; x_wconf 86' lang='lat' dir='ltr'><strong>ejus</strong></span> <span class='ocrx_word' id='word_1_317' title='bbox 1420 2276 1578 2318; x_wconf 77' lang='lat' dir='ltr'><strong>officiali,</strong></span> <span class='ocrx_word' id='word_1_318' title='bbox 1598 2278 1756 2321; x_wconf 86' lang='lat' dir='ltr'><strong>salutem,</strong></span> <span class='ocrx_word' id='word_1_319' title='bbox 1777 2283 1843 2313; x_wconf 82' lang='lat' dir='ltr'><strong>etc.</strong></span> 
     </span>
     <span class='ocr_line' id='line_1_44' title="bbox 446 2320 1849 2365; baseline -0.001 -8"><span class='ocrx_word' id='word_1_320' title='bbox 446 2324 618 2357; x_wconf 86' lang='lat' dir='ltr'><strong>——Literis</strong></span> <span class='ocrx_word' id='word_1_321' title='bbox 637 2323 766 2356; x_wconf 90' lang='lat' dir='ltr'><strong>nostris</strong></span> <span class='ocrx_word' id='word_1_322' title='bbox 786 2320 887 2355; x_wconf 89' lang='lat' dir='ltr'><strong>vobis</strong></span> <span class='ocrx_word' id='word_1_323' title='bbox 907 2322 1063 2354; x_wconf 90' lang='lat' dir='ltr'><strong>dedimus</strong></span> <span class='ocrx_word' id='word_1_324' title='bbox 1086 2323 1121 2354; x_wconf 92' lang='lat' dir='ltr'><strong>in</strong></span> <span class='ocrx_word' id='word_1_325' title='bbox 1147 2322 1322 2355; x_wconf 82' lang='lat' dir='ltr'><strong>mandatis</strong></span> <span class='ocrx_word' id='word_1_326' title='bbox 1344 2322 1388 2355; x_wconf 84' lang='lat' dir='ltr'><strong>ad</strong></span> <span class='ocrx_word' id='word_1_327' title='bbox 1411 2321 1647 2362; x_wconf 89' lang='lat' dir='ltr'><strong>inhibendum,</strong></span> <span class='ocrx_word' id='word_1_328' title='bbox 1671 2321 1736 2356; x_wconf 89' lang='lat' dir='ltr'><strong>sub</strong></span> <span class='ocrx_word' id='word_1_329' title='bbox 1758 2333 1849 2365; x_wconf 76' lang='lat' dir='ltr'><strong>pena</strong></span> 
     </span>
     <span class='ocr_line' id='line_1_45' title="bbox 446 2364 1846 2407; baseline 0.001 -7"><span class='ocrx_word' id='word_1_330' title='bbox 446 2366 826 2400; x_wconf 87' lang='lat' dir='ltr'><strong>Excommunicacionis</strong></span> <span class='ocrx_word' id='word_1_331' title='bbox 841 2365 998 2407; x_wconf 83' lang='lat' dir='ltr'><strong>Majoris,</strong></span> <span class='ocrx_word' id='word_1_332' title='bbox 1017 2364 1177 2398; x_wconf 87' lang='lat' dir='ltr'><strong>omnibus</strong></span> <span class='ocrx_word' id='word_1_333' title='bbox 1193 2369 1229 2398; x_wconf 91' lang='lat' dir='ltr'><strong>et</strong></span> <span class='ocrx_word' id='word_1_334' title='bbox 1245 2365 1390 2407; x_wconf 79' lang='lat' dir='ltr'><strong>singulis</strong></span> <span class='ocrx_word' id='word_1_335' title='bbox 1405 2366 1533 2399; x_wconf 89' lang='lat' dir='ltr'><strong>nostris</strong></span> <span class='ocrx_word' id='word_1_336' title='bbox 1550 2365 1700 2400; x_wconf 88' lang='lat' dir='ltr'><strong>subditis</strong></span> <span class='ocrx_word' id='word_1_337' title='bbox 1716 2371 1751 2401; x_wconf 91' lang='lat' dir='ltr'><strong>et</strong></span> <span class='ocrx_word' id='word_1_338' title='bbox 1768 2367 1846 2400; x_wconf 86' lang='lat' dir='ltr'><strong>sub-</strong></span> 
     </span>
     <span class='ocr_line' id='line_1_46' title="bbox 447 2408 1843 2454; baseline -0.001 -10"><span class='ocrx_word' id='word_1_339' title='bbox 447 2412 560 2454; x_wconf 84' lang='lat' dir='ltr'><strong>jectis,</strong></span> <span class='ocrx_word' id='word_1_340' title='bbox 582 2414 781 2443; x_wconf 85' lang='lat' dir='ltr'><strong>nostrarum</strong></span> <span class='ocrx_word' id='word_1_341' title='bbox 801 2408 965 2442; x_wconf 83' lang='lat' dir='ltr'><strong>Civitatis</strong></span> <span class='ocrx_word' id='word_1_342' title='bbox 986 2412 1021 2442; x_wconf 94' lang='lat' dir='ltr'><strong>et</strong></span> <span class='ocrx_word' id='word_1_343' title='bbox 1047 2409 1213 2450; x_wconf 72' lang='lat' dir='ltr'><strong>Diocesis,</strong></span> <span class='ocrx_word' id='word_1_344' title='bbox 1237 2420 1279 2442; x_wconf 91' lang='lat' dir='ltr'><strong>ne</strong></span> <span class='ocrx_word' id='word_1_345' title='bbox 1299 2413 1426 2442; x_wconf 84' lang='lat' dir='ltr'><strong>extunc</strong></span> <span class='ocrx_word' id='word_1_346' title='bbox 1448 2410 1602 2443; x_wconf 86' lang='lat' dir='ltr'><strong>Martino</strong></span> <span class='ocrx_word' id='word_1_347' title='bbox 1623 2409 1843 2451; x_wconf 78' lang='lat' dir='ltr'><strong>Halscombe,</strong></span> 
     </span>
     <span class='ocr_line' id='line_1_47' title="bbox 442 2452 1844 2504; baseline -0.001 -16"><span class='ocrx_word' id='word_1_348' title='bbox 442 2455 648 2496; x_wconf 86' lang='lat' dir='ltr'><strong>—Fratrem</strong></span> <span class='ocrx_word' id='word_1_349' title='bbox 671 2452 811 2487; x_wconf 90' lang='lat' dir='ltr'><strong>Ordinis</strong></span> <span class='ocrx_word' id='word_1_350' title='bbox 833 2452 998 2486; x_wconf 85' lang='lat' dir='ltr'><strong>Fratrum</strong></span> <span class='ocrx_word' id='word_1_351' title='bbox 1021 2452 1285 2486; x_wconf 86' lang='lat' dir='ltr'><strong>Predicatorum</strong></span> <span class='ocrx_word' id='word_1_352' title='bbox 1307 2457 1343 2486; x_wconf 88' lang='lat' dir='ltr'><strong>et</strong></span> <span class='ocrx_word' id='word_1_353' title='bbox 1366 2452 1613 2493; x_wconf 86' lang='lat' dir='ltr'><strong>Professorem,</strong></span> <span class='ocrx_word' id='word_1_354' title='bbox 1638 2464 1679 2486; x_wconf 82' lang='lat' dir='ltr'><strong>ac</strong></span> <span class='ocrx_word' id='word_1_355' title='bbox 1702 2454 1747 2487; x_wconf 80' lang='lat' dir='ltr'><strong>ad</strong></span> <span class='ocrx_word' id='word_1_356' title='bbox 1770 2464 1844 2504; x_wconf 81' lang='lat' dir='ltr'><strong>pre-</strong></span> 
     </span>
     <span class='ocr_line' id='line_1_48' title="bbox 440 2495 1839 2538; baseline 0 -7"><span class='ocrx_word' id='word_1_357' title='bbox 440 2498 626 2531; x_wconf 89' lang='lat' dir='ltr'><strong>dicandum</strong></span> <span class='ocrx_word' id='word_1_358' title='bbox 643 2500 764 2530; x_wconf 88' lang='lat' dir='ltr'><strong>contra</strong></span> <span class='ocrx_word' id='word_1_359' title='bbox 778 2495 949 2529; x_wconf 90' lang='lat' dir='ltr'><strong>hereticos</strong></span> <span class='ocrx_word' id='word_1_360' title='bbox 966 2495 1179 2528; x_wconf 86' lang='lat' dir='ltr'><strong>scismaticos</strong></span> <span class='ocrx_word' id='word_1_361' title='bbox 1194 2495 1400 2538; x_wconf 81' lang='lat' dir='ltr'><strong>dampnatos</strong></span> <span class='ocrx_word' id='word_1_362' title='bbox 1415 2497 1570 2538; x_wconf 88' lang='lat' dir='ltr'><strong>missum,</strong></span> <span class='ocrx_word' id='word_1_363' title='bbox 1589 2501 1626 2530; x_wconf 86' lang='lat' dir='ltr'><strong>et</strong></span> <span class='ocrx_word' id='word_1_364' title='bbox 1641 2497 1686 2530; x_wconf 87' lang='grc'><strong>341</strong></span> <span class='ocrx_word' id='word_1_365' title='bbox 1701 2498 1839 2531; x_wconf 82' lang='lat' dir='ltr'><strong>audien-</strong></span> 
     </span>
     <span class='ocr_line' id='line_1_49' title="bbox 445 2537 1845 2581; baseline -0.001 -6"><span class='ocrx_word' id='word_1_366' title='bbox 445 2541 528 2575; x_wconf 89' lang='lat' dir='ltr'><strong>dum</strong></span> <span class='ocrx_word' id='word_1_367' title='bbox 552 2540 793 2574; x_wconf 85' lang='lat' dir='ltr'><strong>Confessiones</strong></span> <span class='ocrx_word' id='word_1_368' title='bbox 817 2537 1036 2572; x_wconf 89' lang='lat' dir='ltr'><strong>subditorum</strong></span> <span class='ocrx_word' id='word_1_369' title='bbox 1059 2541 1267 2580; x_wconf 86' lang='lat' dir='ltr'><strong>nostrorum,</strong></span> <span class='ocrx_word' id='word_1_370' title='bbox 1296 2543 1332 2572; x_wconf 88' lang='lat' dir='ltr'><strong>et</strong></span> <span class='ocrx_word' id='word_1_371' title='bbox 1357 2538 1605 2573; x_wconf 83' lang='lat' dir='ltr'><strong>absolvendum</strong></span> <span class='ocrx_word' id='word_1_372' title='bbox 1631 2541 1779 2581; x_wconf 90' lang='lat' dir='ltr'><strong>eosdem,</strong></span> <span class='ocrx_word' id='word_1_373' title='bbox 1808 2541 1845 2574; x_wconf 86' lang='lat' dir='ltr'><strong>in</strong></span> 
     </span>
     <span class='ocr_line' id='line_1_50' title="bbox 444 2582 1844 2627; baseline 0.001 -9"><span class='ocrx_word' id='word_1_374' title='bbox 444 2584 581 2618; x_wconf 84' lang='lat' dir='ltr'><strong>casibus</strong></span> <span class='ocrx_word' id='word_1_375' title='bbox 607 2583 737 2617; x_wconf 91' lang='lat' dir='ltr'><strong>Minori</strong></span> <span class='ocrx_word' id='word_1_376' title='bbox 765 2582 1021 2616; x_wconf 87' lang='lat' dir='ltr'><strong>Penitenciario</strong></span> <span class='ocrx_word' id='word_1_377' title='bbox 1048 2582 1189 2615; x_wconf 91' lang='lat' dir='ltr'><strong>Domini</strong></span> <span class='ocrx_word' id='word_1_378' title='bbox 1215 2583 1326 2615; x_wconf 88' lang='lat' dir='ltr'><strong>nostri</strong></span> <span class='ocrx_word' id='word_1_379' title='bbox 1354 2582 1449 2626; x_wconf 82' lang='lat' dir='ltr'><strong>Pape</strong></span> <span class='ocrx_word' id='word_1_380' title='bbox 1476 2587 1513 2616; x_wconf 87' lang='lat' dir='ltr'><strong>et</strong></span> <span class='ocrx_word' id='word_1_381' title='bbox 1539 2583 1660 2617; x_wconf 87' lang='lat' dir='ltr'><strong>Officio</strong></span> <span class='ocrx_word' id='word_1_382' title='bbox 1688 2585 1844 2627; x_wconf 72' lang='lat' dir='ltr'><strong>ejusdem</strong></span> 
     </span>
     <span class='ocr_line' id='line_1_51' title="bbox 442 2624 1846 2671; baseline -0.002 -9"><span class='ocrx_word' id='word_1_383' title='bbox 442 2626 692 2671; x_wconf 82' lang='lat' dir='ltr'><strong>spectantibus,</strong></span> <span class='ocrx_word' id='word_1_384' title='bbox 710 2626 856 2659; x_wconf 88' lang='lat' dir='ltr'><strong>durante</strong></span> <span class='ocrx_word' id='word_1_385' title='bbox 869 2624 1107 2668; x_wconf 85' lang='lat' dir='ltr'><strong>predicacione</strong></span> <span class='ocrx_word' id='word_1_386' title='bbox 1123 2635 1186 2657; x_wconf 89' lang='lat' dir='ltr'><strong>sua</strong></span> <span class='ocrx_word' id='word_1_387' title='bbox 1197 2624 1397 2666; x_wconf 82' lang='lat' dir='ltr'><strong>hujusmodi</strong></span> <span class='ocrx_word' id='word_1_388' title='bbox 1412 2630 1447 2659; x_wconf 87' lang='lat' dir='ltr'><strong>et</strong></span> <span class='ocrx_word' id='word_1_389' title='bbox 1461 2626 1677 2668; x_wconf 82' lang='lat' dir='ltr'><strong>exposicione</strong></span> <span class='ocrx_word' id='word_1_390' title='bbox 1690 2627 1846 2668; x_wconf 81' lang='lat' dir='ltr'><strong>negocio-</strong></span> 
     </span>
     <span class='ocr_line' id='line_1_52' title="bbox 444 2667 1842 2714; baseline 0.001 -9"><span class='ocrx_word' id='word_1_391' title='bbox 444 2683 521 2705; x_wconf 87' lang='lat' dir='ltr'><strong>rum</strong></span> <span class='ocrx_word' id='word_1_392' title='bbox 535 2670 827 2714; x_wconf 86' lang='lat' dir='ltr'><strong>Apostolicorum,</strong></span> <span class='ocrx_word' id='word_1_393' title='bbox 845 2673 881 2702; x_wconf 88' lang='lat' dir='ltr'><strong>et</strong></span> <span class='ocrx_word' id='word_1_394' title='bbox 895 2668 1134 2701; x_wconf 80' lang='lat' dir='ltr'><strong>confessorem</strong></span> <span class='ocrx_word' id='word_1_395' title='bbox 1149 2678 1184 2701; x_wconf 89' lang='lat' dir='ltr'><strong>se</strong></span> <span class='ocrx_word' id='word_1_396' title='bbox 1200 2667 1530 2712; x_wconf 81' lang='lat' dir='ltr'><strong>dicenti,-—excepto</strong></span> <span class='ocrx_word' id='word_1_397' title='bbox 1545 2672 1667 2705; x_wconf 87' lang='lat' dir='ltr'><strong>mortis</strong></span> <span class='ocrx_word' id='word_1_398' title='bbox 1683 2670 1842 2712; x_wconf 81' lang='lat' dir='ltr'><strong>articulo,</strong></span> 
     </span>
     <span class='ocr_line' id='line_1_53' title="bbox 443 2711 1844 2757; baseline 0.002 -10"><span class='ocrx_word' id='word_1_399' title='bbox 443 2716 481 2748; x_wconf 90' lang='lat' dir='ltr'><strong>in</strong></span> <span class='ocrx_word' id='word_1_400' title='bbox 507 2715 583 2747; x_wconf 85' lang='lat' dir='ltr'><strong>foro</strong></span> <span class='ocrx_word' id='word_1_401' title='bbox 610 2713 832 2756; x_wconf 84' lang='lat' dir='ltr'><strong>penitenciali</strong></span> <span class='ocrx_word' id='word_1_402' title='bbox 859 2711 1116 2753; x_wconf 86' lang='lat' dir='ltr'><strong>confiterentur,</strong></span> <span class='ocrx_word' id='word_1_403' title='bbox 1147 2721 1258 2754; x_wconf 90' lang='lat' dir='ltr'><strong>neque</strong></span> <span class='ocrx_word' id='word_1_404' title='bbox 1283 2711 1550 2746; x_wconf 88' lang='lat' dir='ltr'><strong>Absolucionem</strong></span> <span class='ocrx_word' id='word_1_405' title='bbox 1578 2715 1771 2757; x_wconf 86' lang='lat' dir='ltr'><strong>reciperent</strong></span> <span class='ocrx_word' id='word_1_406' title='bbox 1800 2715 1844 2750; x_wconf 78' lang='lat' dir='ltr'><strong>ab</strong></span> 
     </span>
     <span class='ocr_line' id='line_1_54' title="bbox 443 2755 1836 2800; baseline 0.001 -9"><span class='ocrx_word' id='word_1_407' title='bbox 443 2758 573 2800; x_wconf 89' lang='lat' dir='ltr'><strong>eodem,</strong></span> <span class='ocrx_word' id='word_1_408' title='bbox 600 2760 745 2800; x_wconf 88' lang='lat' dir='ltr'><strong>propter</strong></span> <span class='ocrx_word' id='word_1_409' title='bbox 766 2756 920 2789; x_wconf 87' lang='lat' dir='ltr'><strong>notorios</strong></span> <span class='ocrx_word' id='word_1_410' title='bbox 944 2765 1103 2788; x_wconf 84' lang='lat' dir='ltr'><strong>excessus</strong></span> <span class='ocrx_word' id='word_1_411' title='bbox 1126 2765 1188 2797; x_wconf 90' lang='lat' dir='ltr'><strong>per</strong></span> <span class='ocrx_word' id='word_1_412' title='bbox 1211 2755 1357 2788; x_wconf 89' lang='lat' dir='ltr'><strong>eundem</strong></span> <span class='ocrx_word' id='word_1_413' title='bbox 1380 2756 1584 2796; x_wconf 84' lang='lat' dir='ltr'><strong>Martinum,</strong></span> <span class='ocrx_word' id='word_1_414' title='bbox 1610 2762 1733 2791; x_wconf 77' lang='lat' dir='ltr'><strong>contra</strong></span> <span class='ocrx_word' id='word_1_415' title='bbox 1754 2760 1836 2799; x_wconf 88' lang='lat' dir='ltr'><strong>vim,</strong></span> 
     </span>
     <span class='ocr_line' id='line_1_55' title="bbox 441 2797 1843 2844; baseline 0.001 -9"><span class='ocrx_word' id='word_1_416' title='bbox 441 2803 601 2841; x_wconf 83' lang='lat' dir='ltr'><strong>formam,</strong></span> <span class='ocrx_word' id='word_1_417' title='bbox 627 2804 662 2833; x_wconf 91' lang='lat' dir='ltr'><strong>et</strong></span> <span class='ocrx_word' id='word_1_418' title='bbox 684 2800 846 2833; x_wconf 86' lang='lat' dir='ltr'><strong>effectum</strong></span> <span class='ocrx_word' id='word_1_419' title='bbox 870 2797 1128 2832; x_wconf 78' lang='lat' dir='ltr'><strong>commissionis</strong></span> <span class='ocrx_word' id='word_1_420' title='bbox 1151 2797 1352 2841; x_wconf 85' lang='lat' dir='ltr'><strong>Apostolice</strong></span> <span class='ocrx_word' id='word_1_421' title='bbox 1375 2803 1535 2841; x_wconf 88' lang='lat' dir='ltr'><strong>pretense</strong></span> <span class='ocrx_word' id='word_1_422' title='bbox 1559 2801 1652 2834; x_wconf 85' lang='lat' dir='ltr'><strong>circa</strong></span> <span class='ocrx_word' id='word_1_423' title='bbox 1673 2803 1843 2844; x_wconf 76' lang='lat' dir='ltr'><strong>premissa</strong></span> 
     </span>
     <span class='ocr_line' id='line_1_56' title="bbox 443 2841 1840 2888; baseline 0.001 -10"><span class='ocrx_word' id='word_1_424' title='bbox 443 2845 508 2879; x_wconf 86' lang='lat' dir='ltr'><strong>sibi</strong></span> <span class='ocrx_word' id='word_1_425' title='bbox 531 2845 635 2884; x_wconf 82' lang='lat' dir='ltr'><strong>facte,</strong></span> <span class='ocrx_word' id='word_1_426' title='bbox 659 2848 700 2877; x_wconf 90' lang='lat' dir='ltr'><strong>ut</strong></span> <span class='ocrx_word' id='word_1_427' title='bbox 721 2841 913 2883; x_wconf 82' lang='lat' dir='ltr'><strong>dicebatur,</strong></span> <span class='ocrx_word' id='word_1_428' title='bbox 938 2842 1158 2879; x_wconf 76' lang='lat' dir='ltr'><strong>commissos3</strong></span> <span class='ocrx_word' id='word_1_429' title='bbox 1186 2845 1232 2882; x_wconf 84' lang='lat' dir='ltr'><strong>et,</strong></span> <span class='ocrx_word' id='word_1_430' title='bbox 1258 2842 1340 2884; x_wconf 85' lang='lat' dir='ltr'><strong>quia</strong></span> <span class='ocrx_word' id='word_1_431' title='bbox 1363 2842 1645 2878; x_wconf 84' lang='lat' dir='ltr'><strong>Commissionem</strong></span> <span class='ocrx_word' id='word_1_432' title='bbox 1666 2846 1840 2888; x_wconf 80' lang='lat' dir='ltr'><strong>prefatam</strong></span> 
     </span>
     <span class='ocr_line' id='line_1_57' title="bbox 441 2883 1838 2931; baseline 0.002 -10"><span class='ocrx_word' id='word_1_433' title='bbox 441 2888 541 2921; x_wconf 80' lang='lat' dir='ltr'><strong>nobis</strong></span> <span class='ocrx_word' id='word_1_434' title='bbox 559 2886 718 2920; x_wconf 83' lang='lat' dir='ltr'><strong>exhibere</strong></span> <span class='ocrx_word' id='word_1_435' title='bbox 737 2885 851 2919; x_wconf 88' lang='lat' dir='ltr'><strong>debite</strong></span> <span class='ocrx_word' id='word_1_436' title='bbox 868 2896 938 2918; x_wconf 92' lang='lat' dir='ltr'><strong>non</strong></span> <span class='ocrx_word' id='word_1_437' title='bbox 955 2885 1100 2917; x_wconf 86' lang='lat' dir='ltr'><strong>curavit.</strong></span> <span class='ocrx_word' id='word_1_438' title='bbox 1148 2883 1292 2923; x_wconf 84' lang='lat' dir='ltr'><strong>Verum,</strong></span> <span class='ocrx_word' id='word_1_439' title='bbox 1313 2886 1395 2927; x_wconf 88' lang='lat' dir='ltr'><strong>quia</strong></span> <span class='ocrx_word' id='word_1_440' title='bbox 1412 2886 1455 2919; x_wconf 86' lang='lat' dir='ltr'><strong>ad</strong></span> <span class='ocrx_word' id='word_1_441' title='bbox 1473 2886 1623 2928; x_wconf 87' lang='lat' dir='ltr'><strong>plenum,</strong></span> <span class='ocrx_word' id='word_1_442' title='bbox 1643 2893 1749 2931; x_wconf 86' lang='lat' dir='ltr'><strong>prout</strong></span> <span class='ocrx_word' id='word_1_443' title='bbox 1764 2889 1838 2924; x_wconf 86' lang='lat' dir='ltr'><strong>fieri</strong></span> 
     </span>
    </p>
   </div>
   <div class='ocr_carea' id='block_1_16' title="bbox 441 2927 1919 2974">
    <p class='ocr_par' dir='ltr' id='par_1_19' title="bbox 441 2927 1919 2974">
     <span class='ocr_line' id='line_1_58' title="bbox 441 2927 1919 2974; baseline 0.002 -9"><span class='ocrx_word' id='word_1_444' title='bbox 441 2931 572 2974; x_wconf 87' lang='lat' dir='ltr'><strong>debuit,</strong></span> <span class='ocrx_word' id='word_1_445' title='bbox 594 2941 656 2974; x_wconf 88' lang='lat' dir='ltr'><strong>per</strong></span> <span class='ocrx_word' id='word_1_446' title='bbox 675 2930 811 2963; x_wconf 79' lang='lat' dir='ltr'><strong>Literas</strong></span> <span class='ocrx_word' id='word_1_447' title='bbox 831 2932 967 2963; x_wconf 82' lang='lat' dir='ltr'><strong>vestras</strong></span> <span class='ocrx_word' id='word_1_448' title='bbox 987 2927 1246 2962; x_wconf 74' lang='lat' dir='ltr'><strong>certificatorias</strong></span> <span class='ocrx_word' id='word_1_449' title='bbox 1267 2928 1308 2961; x_wconf 89' lang='lat' dir='ltr'><strong>de</strong></span> <span class='ocrx_word' id='word_1_450' title='bbox 1329 2928 1525 2964; x_wconf 79' lang='lat' dir='ltr'><strong>excessibus</strong></span> <span class='ocrx_word' id='word_1_451' title='bbox 1544 2929 1743 2974; x_wconf 82' lang='lat' dir='ltr'><strong>hujusmodi</strong></span> <span class='ocrx_word' id='word_1_452' title='bbox 1764 2933 1839 2968; x_wconf 83' lang='lat' dir='ltr'><strong>nul·</strong></span> <span class='ocrx_word' id='word_1_453' title='bbox 1898 2937 1919 2950; x_wconf 85' lang='lat'><strong>·&#39;</strong></span> 
     </span>
    </p>
   </div>
   <div class='ocr_carea' id='block_1_17' title="bbox 438 2969 1840 3017">
    <p class='ocr_par' dir='ltr' id='par_1_20' title="bbox 438 2969 1840 3017">
     <span class='ocr_line' id='line_1_59' title="bbox 438 2969 1840 3017; baseline 0.002 -8"><span class='ocrx_word' id='word_1_454' title='bbox 438 2975 577 3010; x_wconf 85' lang='lat' dir='ltr'><strong>latenus</strong></span> <span class='ocrx_word' id='word_1_455' title='bbox 596 2973 695 3008; x_wconf 87' lang='lat' dir='ltr'><strong>nobis</strong></span> <span class='ocrx_word' id='word_1_456' title='bbox 717 2977 874 3007; x_wconf 84' lang='lat' dir='ltr'><strong>constare</strong></span> <span class='ocrx_word' id='word_1_457' title='bbox 894 2972 1021 3017; x_wconf 86' lang='lat' dir='ltr'><strong>potuit,</strong></span> <span class='ocrx_word' id='word_1_458' title='bbox 1043 2969 1144 3005; x_wconf 76' lang='lat' dir='ltr'><strong>vobis</strong></span> <span class='ocrx_word' id='word_1_459' title='bbox 1162 2971 1292 3005; x_wconf 83' lang='lat' dir='ltr'><strong>iterato</strong></span> <span class='ocrx_word' id='word_1_460' title='bbox 1311 2973 1559 3008; x_wconf 79' lang='lat' dir='ltr'><strong>committimus</strong></span> <span class='ocrx_word' id='word_1_461' title='bbox 1579 2980 1616 3010; x_wconf 88' lang='lat' dir='ltr'><strong>et</strong></span> <span class='ocrx_word' id='word_1_462' title='bbox 1634 2975 1840 3012; x_wconf 74' lang='lat' dir='ltr'><strong>mandamu-</strong></span> 
     </span>
    </p>
   </div>
  </div>
 </body>
</html>
