1988 3256
477 364 768 398 REGISTRUM
792 362 1255 398 οοΜΜῦΝΕ-ΑΝΝΟ
1282 352 1340 396 4⁰.
1584 353 1679 398 323

138 462 432 525 {⁴57¹}Z4‚G¹⁸·⁸¹1e52
473 467 543 506 the
577 467 795 518 Collegiate
824 467 986 507 Church
1021 468 1063 506 of
1075 481 1086 516 ;
1123 467 1193 506 the
1227 467 1395 506 Provost
1431 467 1523 506 asks
1560 468 1622 507 for
1657 482 1682 507 a

138 531 203 558 v01.
217 532 243 559 Ι.
300 521 574 572 Coadjutor,-
1632 560 1636 563 .

249 574 350 615 Item,
367 577 485 608 eodem
501 576 565 616 die,
582 580 717 618 recepta
733 577 847 609 Litera
863 576 1001 609 Domini
1025 575 1202 618 Reginaldi
1219 575 1319 616 Calle,
1345 575 1510 618 Prepesiti
1534 576 1680 610 Ecclesie

294 622 408 651 nostre
438 620 620 662 collegiata
651 621 829 662 Ghsneye,
853 620 918 652 sub
941 620 1004 652 hac
1033 620 1489 659 forma,—Reverendissime
1521 620 1680 661 Pater,—

293 663 380 702 Quia
401 664 445 695 ad
468 664 575 696 instar
597 664 736 696 senioris
758 664 863 697 Tobie
886 675 978 695 nunc
1000 664 1035 695 in
1058 663 1206 695 tenebris
1229 664 1328 695 sedeo
1351 664 1517 696 etlumen
1534 664 1597 696 celi
1612 675 1680 697 non

292 707 399 746 video,
415 707 577 739 dilectum
596 708 808 740 confratrem
825 718 949 748 meum,
966 707 1167 749 Magistrum
1191 707 1364 740 Simonem
1388 708 1549 749 Wythiel,
1569 708 1679 741 Coad·

290 750 440 792 jutorem
467 762 581 783 meum
598 752 634 784 in
650 752 714 784 hiis
731 762 797 794 que
812 754 1020 784 concernunt
1036 751 1185 792 regimen
1208 751 1356 783 Ecclesie
1379 755 1490 784 vestre
1512 752 1679 795 Glasneye

291 795 498 826 nominando
513 795 599 837 eligo
617 806 625 835 ;
640 796 833 838 supplicans
849 795 1024 827 humiliter
1033 798 1069 827 et
1081 796 1202 826 devote
1211 795 1374 837 quatinus
1384 795 1497 837 ipsum
1507 796 1680 828 Simonem

291 849 349 879 pre
364 839 484 871 ceteris
506 839 541 871 in
559 839 808 881 coadjutorem,
825 839 1039 871 Auctor-itate
1061 841 1172 870 vestra
1188 843 1223 870 et
1245 838 1317 870 vice
1340 849 1423 879 mea,
1444 840 1473 871 si
1496 840 1615 881 placet,
1638 841 1682 872 ad

291 882 438 923 regimen
462 883 552 914 dicte
577 883 723 915 Ecclesie
747 886 868 923 vestre,
890 893 983 914 more
1005 883 1105 914 solito
1127 882 1163 914 in
1186 882 1364 923 similibus,
1391 883 1550 924 preficere
1572 889 1608 915 et
1630 894 1682 916 as-

289 926 421 966 signare
435 926 630 967 dignemini.
677 927 863 959 Dominum
880 936 995 958 meum
1018 926 1348 958 Reverendissimum
1363 936 1495 968 semper
1510 931 1686 959 conservet

290 969 487 1045 ssltssaeimus
509 970 553 1002 ad
574 970 723 1013 regimen
747 971 893 1003 Ecclesie
916 971 984 1003 Sue
1007 971 1129 1003 Sancte
1145 970 1332 1012 l—-Scripta
1354 970 1529 1013 Glasneye,
1553 971 1609 1013 iijo
1631 971 1686 1004 die

319 1023 338 1045 e
364 1025 474 1046 ruarn.
1568 1041 1571 1042 γ

446 1058 607 1090 —Vester
622 1069 719 1090 cecus
735 1061 770 1090 et
785 1058 923 1090 sedulus
938 1060 1060 1096 orator,
1077 1057 1303 1089 Rnomsmus
1326 1057 1451 1098 CALOE,

531 1102 724 1143 Prepositus
740 1102 886 1134 Ecclesie
902 1105 1011 1133 vestre
1028 1101 1208 1142 Collegiate
1225 1101 1401 1143 Glasneye.

250 1155 402 1197 —Super
417 1156 516 1197 cujus
532 1157 713 1196 Peticione,
733 1157 848 1188 habita
871 1168 932 1197 per
955 1157 1140 1188 Dominum
1163 1156 1405 1188 deliberacione
1421 1157 1560 1198 provida
1576 1161 1612 1189 et
1627 1158 1685 1190 ali-

293 1200 384 1241 quali
399 1211 498 1231 canse
521 1201 724 1242 cognicione,
742 1201 833 1233 idem
856 1200 1024 1233 Dominus
1046 1200 1111 1232 sibi
1134 1199 1378 1241 Coadjutorem
1402 1201 1592 1241 predictum
1615 1201 1687 1234 fieri

294 1243 442 1275 decrevit
457 1244 491 1275 in
508 1244 614 1275 formu
631 1245 747 1276 debita
769 1249 806 1276 et
827 1247 997 1283 consueta,
1021 1247 1057 1275 et
1079 1243 1143 1275 sibi
1166 1244 1445 1276 commissionem
1460 1244 1542 1277 fecit
1558 1245 1630 1277 fieri
1652 1246 1687 1277 in

295 1287 358 1318 hac
373 1291 466 1328 parte
483 1298 493 1326 3
509 1288 620 1330 cujus,
637 1289 786 1329 quidem,
804 1288 1056 1320 commissionis
1071 1290 1169 1319 tenor
1179 1287 1215 1319 in
1232 1288 1387 1328 Registro
1403 1288 1687 1321 commissionum

295 1331 441 1372 plenarie
458 1333 660 1363 continetur.
707 1332 764 1364 See
780 1343 862 1373 page
882 1333 955 1372 146,
973 1332 1036 1363 No.
1054 1331 1105 1365 73.

256 1385 315 1423 St.
347 1385 504 1424 Ladock
519 1399 528 1433 ;
557 1387 714 1436 against
733 1387 883 1425 cert-ain
903 1386 1203 1425 contumacious
1222 1398 1453 1436 persons,—

252 1439 409 1479 Thomas,
422 1443 496 1479 etc„
510 1440 680 1481 Magistris
696 1441 769 1472 Ade
786 1441 922 1482 Sparke,
940 1441 1074 1472 Decano
1092 1440 1253 1480 Originali
1269 1441 1311 1471 de
1329 1440 1470 1481 Poudre‚
1484 1445 1519 1472 et
1536 1441 1690 1474 Dominis

299 1484 479 1524 Radulpho
501 1485 644 1525 Treiagu
660 1495 698 1515 ac
719 1484 869 1516 Johanni
891 1485 1048 1525 Tregage,
1074 1484 1275 1515 Sanctorum
1299 1484 1463 1525 Stephani
1479 1485 1513 1516 in
1536 1485 1690 1517 Branelle

297 1531 334 1558 et
361 1528 551 1559 Heremetis
576 1527 638 1568 [St.
671 1526 793 1569 Erme]‚
829 1528 1052 1559 Ecclesiarum
1081 1527 1291 1567 Rectoribus,
1315 1527 1470 1567 salutem,
1495 1532 1596 1561 etc.-
1604 1529 1692 1568 Quia

298 1581 414 1602 omnes
430 1575 466 1603 et
481 1571 612 1612 singule
627 1582 767 1612 persone
783 1582 928 1612 quarum
952 1571 1090 1603 nomina
1112 1571 1146 1602 in
1171 1571 1299 1603 Cedula
1323 1571 1540 1604 Presentibus
1562 1583 1693 1605 annexa

299 1615 526 1655 continentur,
544 1620 682 1656 propter
697 1625 815 1647 earum
831 1615 1059 1647 contumacias
1074 1615 1109 1646 in
1126 1625 1194 1646 non
1211 1615 1435 1656 comparendo
1457 1626 1567 1647 coram
1592 1616 1690 1648 Com-

300 1659 451 1690 missario
474 1662 589 1690 nostro
611 1659 646 1690 in
669 1659 732 1690 hac
747 1662 853 1700 parte,
870 1659 970 1690 certis
992 1658 1112 1690 diebus
1135 1661 1171 1690 et
1193 1658 1274 1697 loco,
1287 1669 1328 1690 ex
1352 1659 1469 1690 Officio
1491 1662 1691 1701 contractas,

300 1703 438 1744 Majoris
463 1703 830 1734 Excommunicacionis
854 1702 1032 1735 Sentencia
1054 1702 1183 1733 fuerint
1204 1702 1354 1742 legitime
1376 1702 1531 1743 involuti,
1554 1703 1692 1744 justicia

299 1747 464 1778 suadente
480 1757 488 1785 ;
503 1746 608 1786 vobis,
625 1750 699 1785 etc„
716 1747 927 1785 mandamus,
944 1746 1086 1777 firmiter
1101 1745 1328 1787 injungentes,
1346 1746 1508 1787 quatinus
1524 1748 1692 1788 predictas

300 1800 456 1830 personas
472 1790 520 1821 sic
535 1790 842 1822 excommunicatas
865 1789 969 1828 fuisse
991 1800 1030 1821 ac
1052 1800 1123 1821 esse
1146 1790 1179 1820 in
1198 1789 1345 1821 Ecclesia
1360 1790 1484 1822 Sancte
1499 1790 1640 1831 Ladoce,
1657 1795 1693 1823 et

300 1833 334 1864 in
353 1834 510 1865 Ecclesiis
532 1834 787 1872 circumvicinis,
804 1834 938 1874 publice
960 1837 996 1864 et
1017 1833 1237 1873 solempniter
1258 1833 1470 1865 denuncietis
1487 1844 1496 1873 3
1518 1844 1538 1866 a
1561 1835 1690 1867 denun-

299 1877 443 1909 ciacione
459 1877 657 1918 hujusmodi
673 1888 740 1908 non
757 1881 925 1909 cessantes
948 1878 1053 1908 donec
1068 1888 1088 1908 a
1104 1876 1200 1908 nobis
1223 1876 1315 1908 aliud
1339 1877 1526 1910 habueritis
1541 1878 1576 1910 in
1595 1889 1688 1910 man-

300 1921 417 1952 datis.'
458 1921 588 1960 Citetis,
616 1921 730 1960 eciam,
758 1921 890 1952 easdem
916 1931 1071 1962 personas
1094 1920 1327 1961 peremptorie,
1351 1931 1479 1952 necnon
1506 1922 1691 1954 Henricum

302 1964 333 1996 N
334 1965 447 2004 anian,
459 1965 481 1997 J
484 1965 651 1996 ohannem
662 1964 860 2004 Nanskelly,
875 1965 1062 1996 Walterum
1075 1964 1169 2003 Bere,
1185 1963 1397 2005 Stephanum
1409 1965 1451 1996 de
1464 1965 1691 2007 Fentelaseke,

302 2008 488 2039 Robertum
520 2008 727 2048 Tresawelle,
754 2007 947 2040 Johannem
978 2008 1085 2048 Jowy,
1117 2011 1152 2039 et
1185 2008 1397 2048 Stephanum
1429 2009 1688 2050 Funtenlaseke,

300 2052 391 2092 quod
414 2054 640 2092 compareant,
663 2055 699 2083 et
721 2052 866 2093 quilibet
888 2062 1003 2083 eorum
1027 2054 1228 2091 compareat,
1244 2062 1355 2083 coram
1380 2052 1476 2084 vobis
1498 2053 1551 2084 vel
1574 2057 1690 2086 nostro

301 2095 537 2127 Commissario
553 2105 768 2137 quocumque
783 2095 817 2126 in
834 2095 896 2127 hac
912 2099 1017 2136 parte,
1034 2095 1068 2126 in
1087 2095 1233 2126 Ecclesia
1256 2095 1441 2127 Parochiali
1464 2096 1506 2127 de
1530 2097 1688 2129 Chudde-

300 2139 409 2179 leghe,
439 2139 494 2170 die
521 2138 660 2171 Veneris
687 2139 837 2179 proxima
862 2143 941 2170 ante
967 2139 1107 2170 Festum
1131 2138 1247 2170 Sancti
1273 2139 1425 2178 Gregorii
1447 2140 1599 2180 proximo
1619 2141 1689 2182 jam

300 2182 469 2222 futurum,
487 2186 557 2213 tam
574 2192 676 2223 super
693 2182 847 2223 perjuriis
857 2183 1057 2214 voluntariis
1069 2192 1171 2222 quam
1188 2193 1290 2223 super
1300 2182 1375 2213 aliis
1387 2183 1549 2223 articulis,
1564 2195 1688 2216 meram

300 2226 487 2257 animarum
521 2236 659 2257 suarum
689 2226 931 2258 correcciouem
962 2226 1191 2266 tangentibus,
1220 2229 1304 2257 tunc
1333 2226 1459 2258 ibidem
1490 2227 1627 2267 eisdem,
1653 2231 1689 2260 et

300 2280 417 2301 eorum
434 2269 624 2310 unicuique,
641 2280 682 2300 ex
699 2269 813 2302 Officio
829 2270 963 2301 divisim
980 2269 1196 2309 exponendis,
1209 2269 1251 2300 de
1272 2269 1410 2310 justicia
1432 2271 1634 2312 responsuri,
1651 2275 1688 2303 et

298 2313 368 2354 juri
383 2313 418 2344 in
437 2313 595 2344 omnibus
611 2313 921 2354 parituri—Dated
943 2316 980 2344 at
996 2313 1196 2354 Chudleigh‚
1214 2314 1254 2345 15
1272 2313 1350 2345 Feb.

259 2356 449 2388 —Nomina
465 2359 502 2388 in
520 2356 642 2387 Uedula
658 2357 882 2397 comprehensa
903 2361 979 2388 sunt
993 2356 1102 2395 hec,—

258 2400 458 2441 Radulphus
475 2400 571 2432 Cleer
586 2410 595 2438 ;
619 2400 791 2431 Johannes
807 2400 926 2441 Kuape
941 2411 951 2438 ;
974 2400 1146 2432 Johannes
1163 2399 1334 2431 Craswille
1350 2410 1358 2439 ;
1381 2400 1404 2432 J
1406 2400 1556 2433 ohannes
1572 2401 1686 2434 Forte-

299 2454 372 2484 gew
389 2453 397 2482 ;
420 2443 592 2475 Johannes
607 2442 699 2475 Aure
714 2454 724 2482 3
750 2444 916 2475 Robertus
934 2443 1086 2475 Midlond
1104 2454 1113 2483 ;
1135 2442 1282 2475 Thomas
1299 2443 1447 2478 Ruthan.

257 2515 586 2561 Penitentiaries;
616 2513 898 2553 Ponitenciarii
924 2514 1103 2564 deputati
1121 2513 1166 2552 in
1183 2514 1516 2555 Archidiaconatu
1543 2517 1690 2557 Comu-

311 2568 498 2615 mensi,—

255 2621 411 2661 Thomas,
427 2625 502 2660 etc..
518 2623 762 2656 Archidiacono
778 2622 947 2657 Cos-nubis
970 2622 1005 2654 in
1028 2622 1175 2653 Ecclesia
1197 2625 1313 2654 nostra
1335 2623 1526 2665 Exoniensi‚
1544 2625 1597 2657 vel
1611 2626 1687 2668 ejus

301 2665 451 2704 Officiali,
478 2667 632 2706 sulutem,
659 2666 860 2705 eta—Quia
890 2676 960 2704 nos,
986 2666 1086 2707 juxta
1116 2666 1279 2706 Regulam
1311 2666 1514 2700 Sanctorum
1546 2669 1686 2702 Patrum

299 2709 478 2740 salubriter
500 2710 705 2749 institutam,
722 2710 756 2741 in
780 2709 919 2750 singulis
943 2709 1183 2741 Decanatubus
1206 2709 1508 2743 Archidiaconatus
1530 2713 1684 2754 predicti,

299 2753 340 2783 ad
358 2753 564 2785 audiendum
581 2753 812 2787 Confessiones
830 2752 1003 2784 Ruralium
1021 2753 1241 2791 Decanorum,
1259 2753 1451 2790 Rectomm,
1468 2755 1686 2796 vicariorum,

301 2799 336 2827 et
352 2796 596 2829 Parochialium
614 2797 844 2836 sacerdotum,
860 2796 903 2828 de
918 2796 1189 2837 quibuscumque
1212 2796 1367 2837 peccatis,
1384 2797 1481 2830 nobis
1497 2801 1533 2831 et
1549 2800 1685 2841 Superi·

300 2839 414 2870 oribus
437 2841 560 2871 nostris
582 2840 624 2872 de
645 2841 723 2882 jure
745 2840 798 2871 vel
820 2839 1064 2871 consuetudine
1086 2839 1224 2870 minime
1247 2841 1432 2879 reservatis,
1455 2842 1604 2884 ipsisque
1626 2849 1704 2885 pro'

301 2882 488 2914 commissis
515 2884 721 2924 penitenciae
746 2883 996 2925 injungendum
1022 2882 1194 2922 salutares,
1223 2893 1352 2915 necnon
1375 2884 1420 2916 ad
1445 2885 1686 2919 absolvendum

301 2926 436 2958 eosdem
462 2925 567 2966 (salva
581 2927 617 2958 in
633 2927 791 2959 omnibus
812 2926 1016 2958 auctoritate
1038 2925 1274 2958 Penitenciarii
1295 2926 1331 2958 in
1354 2931 1469 2961 nostra
1492 2929 1688 2963 Cathedrali

302 2969 450 3002 Ecclesia
464 2970 662 3011 Generalis),
679 2970 768 3003 viros
784 2970 940 3012 providos
954 2972 992 3002 et
1005 2969 1176 3009 discretos,
1192 2969 1404 3011 videlicet,—

285 3012 336 3061 x2
