1988 3256
181 487 260 516 A.D.

181 521 256 548 1371.

182 555 246 582 Vol.
263 556 287 583 1.

181 1103 233 1130 fol.

183 1139 224 1164 16.

506 382 802 418 REGISTRUM
836 381 980 418 coma
988 381 1303 418 σΝΕ-ΑΝΝΟ
1340 375 1404 419 2⁰.
1631 376 1726 421 249

333 492 416 529 tem,
430 500 499 522 non
515 490 635 522 deceat
650 490 741 532 quod
756 489 860 523 iidem
877 489 1070 523 Cardinales
1092 499 1154 531 pro
1177 491 1276 522 tanto
1299 489 1387 522 bono
1410 491 1554 532 propriis
1570 492 1727 526 laborent

333 533 521 575 stipendiis,
537 534 665 566 eisdem
681 534 926 573 Cardinalibus,
950 544 1012 575 pro
1034 533 1104 565 suis
1126 533 1280 575 expensis
1303 535 1507 576 necessariis,
1524 535 1724 578 hujusmodi

333 578 548 619 negociorum
564 578 799 619 prosecucione
814 578 970 615 durante,
990 577 1033 609 de
1047 577 1181 609 duabus
1196 577 1350 619 partibus
1366 579 1645 620 procuracionum
1661 591 1727 622 que

336 622 462 663 Legato
478 621 521 653 de
535 622 642 654 latere
657 622 754 654 Sedis
769 622 970 663 Apostolice,
987 622 1022 653 in
1046 621 1206 653 Partibus
1228 621 1295 653 illis
1318 632 1378 663 pro
1394 626 1549 664 tempore
1563 624 1727 657 existenti

333 665 406 697 dari
421 666 605 705 consuevit,
622 676 682 707 per
696 676 755 698 vos
769 665 938 698 solvendis
952 666 1113 697 duximus
1128 665 1362 697 ordinandum.
1409 667 1572 705 Quocirca
1585 669 1727 701 Univer-

333 710 473 741 sitatem
502 712 652 742 vestram
681 720 840 751 rogamus
862 712 899 741 et
921 709 1099 741 hortamur
1120 711 1266 749 attente,
1288 709 1384 742 vobis
1406 711 1645 744 nichilominus
1667 723 1728 753 per

334 754 529 795 Apostolica
544 754 678 795 Scripta
693 754 903 792 mandamus,
915 753 1078 794 quatinus
1092 753 1228 785 eosdem
1251 753 1401 785 Nuncios
1417 759 1558 795 nostros,
1575 756 1620 787 ob
1634 767 1726 788 reve-

335 797 482 829 renciam
497 797 588 829 dicte
603 797 699 830 Sedis
713 801 750 829 et
764 800 926 836 nostram,
942 797 1087 838 benigne
1100 797 1298 838 recipientes
1313 801 1349 829 et
1364 797 1506 831 honeste
1518 802 1727 840 pertractan-

336 844 397 880 tes,
421 841 582 882 predictis
604 841 758 880 Nunciis,
783 841 946 883 quamdiu
969 841 1004 872 in
1027 840 1226 882 hujusmodi
1248 842 1462 882 negociorum
1492 845 1728 884 prosecucione

334 885 472 925 fuerint,
486 885 528 917 de
543 885 741 926 hujusmodi
752 884 885 916 duabus
895 885 1050 926 partibus
1061 885 1347 925 procuracionum,
1357 886 1458 926 juxta
1470 887 1728 920 Ordinacionem

335 932 486 961 nostram
503 930 699 969 predictam,
715 929 750 961 in
765 929 887 969 eundo,
904 929 1076 966 morando,
1094 932 1130 960 et
1145 929 1328 965 redeundo,
1346 930 1531 963 liberaliter
1552 932 1728 973 providere

335 973 470 1012 curetis,
499 973 702 1005 Mandatum
725 976 882 1005 nostrum
908 972 1107 1014 hujusmodi
1133 973 1180 1004 sic
1195 973 1374 1005 efficaciter
1395 974 1612 1016 adimplendo
1634 976 1726 1017 quod

333 1017 549 1048 devocionem
561 1020 711 1049 vestram
725 1017 847 1048 exinde
862 1016 1098 1048 commendare
1113 1017 1236 1048 merito
1252 1017 1431 1049 valeamus.
1472 1019 1630 1060 Alioquin
1644 1021 1725 1052 Sen-

334 1061 480 1092 tenciam
497 1071 599 1102 quam
615 1061 718 1092 iidem
734 1060 870 1099 Nuncii,
888 1063 925 1092 et
939 1070 1058 1092 eorum
1074 1060 1228 1101 quilibet,
1245 1071 1305 1102 per
1316 1071 1352 1092 se
1364 1061 1417 1093 vel
1435 1062 1541 1094 alium
1557 1074 1616 1094 seu
1631 1064 1724 1104 alios,

332 1104 399 1136 rite
414 1104 559 1136 tulerint
573 1105 609 1136 in
625 1105 774 1144 rebelles,
792 1114 894 1145 super
909 1114 977 1146 quo
992 1107 1029 1136 et
1043 1104 1118 1135 aliis
1140 1104 1311 1146 premissis
1334 1105 1425 1146 ipsis,
1445 1110 1482 1137 et
1496 1117 1614 1139 eorum
1630 1107 1723 1139 cuili-

333 1148 402 1188 bet,
419 1149 554 1189 plenam
569 1151 687 1180 tenore
701 1148 925 1187 Presencium,
941 1148 1155 1180 Auctor-itate
1168 1148 1370 1189 Apostolica,
1383 1150 1597 1182 concedimus
1613 1154 1722 1192 potes-

335 1195 455 1232 tatem,
471 1197 579 1224 ratam
595 1192 804 1231 habebimus,
821 1195 858 1224 et
871 1192 1042 1231 faciemus,
1060 1193 1209 1224 Auctore
1221 1193 1378 1232 Domino,
1393 1204 1501 1236 usque
1515 1195 1559 1226 ad
1574 1195 1723 1227 satisfac-

334 1236 465 1267 cionem
480 1237 681 1277 condignam
696 1236 936 1268 inviolabiliter
949 1236 1119 1267 observari
1135 1247 1143 1275 ;
1166 1246 1233 1268 non
1250 1237 1408 1269 obstante
1422 1237 1451 1269 si
1466 1238 1570 1278 vobis,
1587 1239 1641 1270 vel
1653 1249 1723 1271 ves-

335 1283 431 1311 trum
445 1280 546 1311 alicui
560 1291 619 1311 seu
635 1280 816 1321 aliquibus,
834 1280 888 1311 vel
903 1280 1079 1320 quibusvis
1094 1280 1167 1311 aliis
1182 1290 1240 1311 seu
1267 1281 1370 1321 Locis,
1388 1281 1573 1314 Ordinibus
1589 1283 1720 1321 vestris,

303 1362 306 1366 ι
334 1324 560 1355 communiter
575 1324 628 1355 vel
643 1324 786 1363 divisim,
803 1334 823 1355 a
837 1323 990 1365 predicta
1005 1323 1051 1355 sit
1067 1324 1153 1355 Sede
1165 1323 1340 1356 indultum
1355 1325 1446 1366 quod
1465 1326 1604 1358 Nunciis
1619 1325 1724 1368 ipsius

336 1367 432 1399 Sedis
447 1368 717 1408 procuracionem
733 1368 882 1409 aliquam
899 1367 1059 1398 exhibere
1073 1367 1127 1398 vel
1141 1367 1176 1399 in
1192 1368 1250 1399 illa
1272 1369 1497 1408 contribuere,
1513 1370 1577 1401 nisi
1599 1371 1643 1402 ad
1666 1381 1724 1403 vos

335 1411 588 1451 declinaverint,
612 1411 752 1443 minime
774 1411 958 1443 teneamini
980 1414 1017 1443 et
1033 1411 1078 1442 ad
1100 1411 1136 1443 id
1157 1411 1337 1452 compelli;
1359 1415 1421 1444 aut
1443 1414 1533 1454 quod
1556 1413 1723 1454 interdici,

335 1455 504 1496 suspendi,
532 1455 586 1487 vel
611 1455 894 1487 excommunicari
918 1465 986 1486 non
1013 1455 1148 1495 possitis
1175 1466 1234 1496 per
1261 1456 1392 1488 Literas
1419 1457 1629 1498 Apostolicas
1655 1469 1724 1490 non

335 1499 498 1531 facientes
521 1499 655 1540 plenam
685 1502 721 1531 et
750 1509 952 1540 expressam,
983 1509 1022 1530 ac
1051 1498 1094 1530 de
1125 1499 1227 1530 verbo
1257 1499 1300 1530 ad
1330 1500 1485 1540 verbum,
1514 1501 1557 1533 de
1583 1502 1724 1534 Indulto

333 1542 532 1584 hujusmodi
547 1543 756 1575 mencionem
772 1553 780 1581 ;
804 1546 840 1574 et
854 1542 1045 1584 quibusque
1068 1542 1264 1584 Privilegiis,
1280 1543 1518 1585 Indulgenciis,
1540 1555 1579 1577 ac
1603 1546 1725 1578 Literis

336 1586 538 1627 Apostolicis
553 1587 824 1628 quibuscumque
839 1586 945 1626 Locis,
962 1586 1126 1625 Personis‚
1142 1587 1196 1618 vel
1220 1587 1413 1628 Ordinibus,
1429 1588 1494 1620 sub
1510 1599 1724 1632 quacumque

333 1630 444 1662 forma
458 1630 511 1662 vel
526 1631 739 1671 expressione
760 1631 942 1662 verborum
961 1630 1004 1661 ab
1026 1630 1144 1662 eadem
1166 1631 1339 1671 concessis,
1355 1631 1398 1663 de
1413 1632 1545 1673 quibus,
1562 1644 1722 1674 quorum-

334 1684 401 1715 que
415 1674 500 1706 totis
515 1675 701 1711 tenoribus,
717 1675 760 1706 de
775 1674 878 1706 verbo
892 1673 934 1705 ad
952 1674 1104 1713 verbum,
1121 1674 1156 1705 in
1172 1675 1297 1706 nostris
1314 1676 1436 1707 Literis
1453 1677 1582 1708 mencio
1597 1677 1643 1710 sit
1665 1677 1722 1709 ha-

334 1718 453 1757 benda,
469 1721 506 1750 et
521 1729 582 1759 per
597 1729 663 1759 que
679 1718 843 1759 presentis
866 1717 1020 1749 Mandati
1041 1718 1150 1750 nostri
1171 1718 1313 1751 effectus
1335 1719 1447 1752 valeat
1469 1721 1724 1761 quomodolibet

333 1761 635 1803 impediri—Data
664 1762 839 1801 Avinione,
871 1761 937 1803 vij⁰
967 1761 1048 1793 Idus
1081 1762 1207 1801 Marcii,
1236 1763 1455 1796 Pontificatus
1484 1765 1593 1796 nostri
1622 1766 1723 1797 Anno

333 1805 442 1846 primo
466 1806 499 1846 [9
525 1805 648 1846 March,
674 1805 965 1846 1370-1].—Cum,
988 1805 1115 1846 itaque,
1139 1806 1278 1846 grandia
1307 1817 1409 1838 onera
1437 1818 1660 1849 expensarum
1686 1809 1721 1841 in

334 1850 567 1890 prosecucione
582 1849 779 1891 hujusmodi
794 1848 1018 1890 negociorum,
1035 1849 1091 1880 cui
1105 1850 1149 1881 ad
1164 1860 1300 1890 presens
1315 1850 1513 1891 insistimus,
1530 1853 1722 1893 oportuerit

331 1896 368 1924 et
382 1896 539 1934 oporteat
560 1904 622 1925 nos
644 1893 768 1932 subire,
791 1893 1044 1934 procuraciones
1066 1903 1132 1934 que
1154 1904 1216 1934 pro
1238 1894 1347 1935 primo
1370 1896 1519 1936 presenti
1540 1907 1638 1936 anno,
1662 1897 1721 1939 qui

333 1937 490 1968 vicesima
505 1937 650 1978 septima
664 1937 719 1968 die
734 1937 858 1969 mensis
875 1937 991 1968 Marcii
1013 1937 1136 1968 ultimo
1157 1938 1315 1978 preteriti
1334 1938 1516 1979 inchoavit,
1531 1950 1552 1971 a
1568 1941 1661 1972 vobis
1683 1951 1722 1972 ac

332 1981 492 2021 predictis
508 1981 783 2022 Archiepiscopis,
800 1981 982 2022 Episcopis,
1001 1981 1252 2022 etc.,’superius
1266 1982 1462 2023 designatis,
1479 1983 1514 2015 in
1531 1983 1623 2016 dicto
1636 1985 1719 2026 Reg-

332 2035 376 2055 no
393 2025 512 2066 Anglie
528 2025 801 2064 consistentibus,
817 2024 1002 2056 earundem
1025 2025 1296 2065 Apostolicarum
1320 2026 1511 2058 Literarum
1535 2027 1649 2069 vigore
1663 2028 1719 2060 de-

332 2068 468 2106 bentur,
491 2069 700 2100 decrevimus
722 2068 794 2100 fore
816 2068 988 2109 petendas,
1011 2068 1201 2109 exigendas,
1225 2072 1262 2101 et
1283 2070 1499 2111 recipiendas.
1560 2072 1719 2113 Ideoque,

333 2112 548 2144 Auctoritate
564 2112 757 2153 Apostolica
770 2113 867 2144 nobis
881 2112 917 2143 in
931 2112 995 2143 hac
1009 2115 1107 2153 parte
1122 2113 1308 2153 commissa,
1322 2114 1525 2146 Discrecioni
1540 2119 1661 2155 vestre,
1678 2116 1720 2147 de

332 2166 400 2196 qua
414 2156 549 2196 plenam
571 2156 606 2187 in
630 2156 775 2187 Domino
790 2156 946 2187 fiduciam
969 2156 1127 2197 gerimus,
1150 2157 1299 2197 petendi,
1315 2157 1459 2198 levandi,
1475 2161 1512 2190 et
1526 2159 1718 2200 recipiendi,

331 2209 393 2240 pro
408 2199 505 2231 nobis
520 2199 682 2231 ambobus
697 2203 734 2231 et
748 2200 884 2231 nomine
906 2203 1031 2239 nostr0‚
1055 2199 1224 2232 dictorum
1248 2201 1463 2242 negociorum
1485 2203 1720 2243 prosecucione

333 2243 490 2283 durante,
507 2246 578 2275 tam
594 2244 630 2274 in
641 2243 812 2284 presencia
827 2253 928 2284 quam
946 2243 981 2274 in
996 2243 1150 2275 absencia
1173 2247 1298 2284 nostra,
1314 2255 1376 2286 per
1390 2256 1448 2277 vos
1464 2246 1517 2278 vel
1531 2247 1637 2278 alium
1659 2257 1719 2279 seu

332 2287 423 2326 alios,
440 2287 476 2318 in
492 2287 641 2319 Civitate
655 2287 709 2318 vel
726 2287 856 2319 Diocesi
872 2287 1062 2326 Exoniensi,
1078 2288 1122 2318 ab
1137 2288 1294 2320 omnibus
1309 2291 1346 2320 et
1360 2289 1500 2330 singulis
1518 2290 1718 2330 Abbatibus,

334 2330 517 2369 Prioribus,
534 2333 610 2370 etc.,
627 2331 880 2372 procuraciones
894 2330 990 2362 nobis
1005 2331 1138 2363 debitas
1152 2341 1213 2372 pro
1226 2332 1336 2373 primo
1350 2343 1448 2372 anno,
1466 2333 1623 2366 videlicet
1634 2334 1719 2366 duas

334 2376 447 2415 partes
463 2375 739 2415 procuracionum
755 2385 840 2416 quas
862 2384 951 2406 unus
973 2374 1016 2406 de
1039 2375 1274 2407 Cardinalibus
1289 2374 1367 2415 (etc.,
1385 2381 1423 2408 uc
1438 2378 1555 2418 supra)
1571 2378 1719 2419 recipere

333 2418 517 2457 consuevit,
533 2428 600 2459 que
614 2419 658 2449 ad
673 2418 835 2459 majorem
850 2428 1018 2449 summam
1034 2419 1212 2450 ascendere
1226 2419 1451 2452 dinoscuntur
1466 2430 1474 2459 ;
1497 2431 1637 2461 necnon,
1650 2432 1718 2454 eos-

334 2461 412 2492 dem
429 2462 588 2500 Abbates,
605 2461 746 2501 Priores,
763 2465 838 2501 etc.,
852 2462 895 2493 ad
910 2462 1196 2493 contribuendum
1218 2462 1254 2494 in
1276 2463 1402 2495 eisdem
1426 2465 1719 2504 procuracionibus

334 2505 471 2546 majoris
486 2515 619 2537 summe
633 2505 741 2544 nobis,
760 2508 801 2537 ut
816 2505 1040 2546 premittitur,
1056 2505 1190 2545 debitis,
1206 2506 1250 2537 ad
1264 2507 1492 2539 exhibendum
1509 2509 1606 2540 nobis
1615 2509 1719 2541 libros

334 2558 394 2580 seu
416 2549 600 2590 scripturas
621 2549 904 2581 distribucionum
927 2559 985 2580 seu
1009 2549 1233 2581 indiccionum
1259 2553 1295 2581 et
1320 2551 1531 2583 solucionum
1562 2553 1717 2594 antiqua·

332 2602 420 2631 rum,
436 2603 538 2633 super
553 2593 719 2624 similibus
734 2592 1027 2633 procuracioni'ous
1049 2592 1253 2633 habitarum,
1277 2596 1314 2625 et
1335 2594 1473 2626 nomina
1487 2596 1640 2628 omnium
1656 2596 1717 2628 Ec-

333 2635 511 2667 clesiarum
535 2636 692 2668 Civitatis
713 2639 750 2667 et
770 2636 918 2668 Diocesis
933 2636 1172 2677 predictarum,
1189 2639 1225 2668 et
1244 2640 1412 2678 quantum
1428 2639 1614 2671 secundum
1629 2640 1716 2672 anti-

334 2689 418 2720 quas
433 2679 636 2711 'Paxaciones
657 2679 701 2711 ad
723 2679 786 2711 hoc
808 2682 891 2711 sunt
910 2682 1037 2719 taxate,
1053 2680 1195 2721 illasque
1210 2691 1271 2721 per
1285 2681 1414 2722 copiam
1438 2682 1528 2714 tradi
1543 2683 1689 2716 faciendi
1708 2694 1716 2723 ;

333 2723 606 2762 contradictores,
613 2733 758 2764 quoque,
768 2726 804 2755 et
813 2723 954 2755 rebelles
963 2733 1024 2764 per
1034 2724 1219 2755 Censuram
1230 2723 1496 2757 Ecclesiasticam
1507 2736 1716 2768 compescen-

333 2766 368 2797 di
383 2776 393 2804 ;
415 2767 629 2798 concedimus
641 2770 758 2799 tenore
772 2766 984 2798 Presencium
993 2767 1203 2799 facultatem.
1250 2768 1306 2807 Et,
1323 2768 1570 2810 nichilominus,
1582 2771 1718 2803 eosdem

333 2809 492 2849 Abbates,
508 2810 646 2849 Priores,
656 2813 692 2842 et
704 2810 786 2842 alios
797 2810 1016 2851 supradictos,
1029 2813 1067 2842 et
1075 2821 1193 2842 eorum
1204 2811 1476 2852 singulos,—-non
1488 2814 1717 2854 intendentes,

334 2857 460 2892 tamen,
475 2857 654 2894 propterea
669 2853 867 2895 hujusmodi
883 2853 1161 2886 Commissionem
1184 2858 1336 2886 nostram
1358 2856 1394 2887 in
1415 2856 1529 2898 aliquo
1550 2868 1716 2897 revocare,

333 2897 595 2929 —Auctoritate
616 2896 778 2938 predicta,
794 2897 913 2938 primo,
929 2897 1086 2937 secundo,
1102 2901 1139 2930 et
1154 2898 1259 2930 tercio
1274 2902 1311 2931 et
1326 2901 1554 2941 peremptorie
1576 2901 1716 2943 requiri-

333 2950 410 2972 mus
425 2943 462 2972 et
476 2951 662 2980 monemus,
674 2940 831 2982 ipsisque,
844 2943 880 2973 et
895 2951 1012 2972 eorum
1028 2941 1177 2981 singulis,
1189 2942 1224 2973 in
1235 2942 1366 2975 virtute
1381 2943 1504 2976 Sancte
1518 2945 1720 2977 Obediencie

333 2986 370 3016 et
385 2984 448 3015 sub
463 2984 686 3025 infrascriptis
700 2984 805 3026 penis,
821 2984 1040 3026 injungimus,
1055 2995 1095 3016 ac
1109 2985 1263 3017 districte
1278 2986 1492 3028 precipiendo
1508 2988 1718 3028 mandamus,
