1988 3256
189 453 266 481 A.D.

188 488 263 516 1378.

538 355 831 391 REGISTRUM
856 355 1320 392 coMthn—ANNO
1347 346 1410 392 9⁰.
1649 342 1744 390 389

348 453 507 489 Johanne
532 456 575 489 de
598 456 712 491 Asshe
735 462 771 492 et
793 458 954 493 «Iohanne
979 459 1021 493 de
1044 458 1284 502 Wampforde,
1311 458 1404 502 quod
1428 457 1575 501 possint,
1603 459 1685 496 etc.,
1713 455 1748 488 in

188 521 252 550 Vol.
273 522 297 549 Ι.
347 496 498 540 Capellis
517 500 590 533 sive
611 500 792 543 oratoria,
808 507 870 536 aut
890 503 968 537 aliis
987 503 1073 537 locis
1093 503 1258 543 honestis,
1272 503 1365 536 infra
1378 502 1538 535 Maneria
1557 502 1599 535 de
1610 500 1752 534 Efforde

187 1950 250 1977 No-

186 1992 264 2011 vem-

176 2026 252 2047 mm.

345 542 411 583 [et]
430 542 661 587 Whiteleghe,
684 546 720 578 in
742 546 921 580 Parochiis
940 546 983 580 de
1004 547 1184 581 Strattone
1205 550 1241 580 et
1261 547 1304 580 de
1325 545 1601 588 Blacktorytone
1621 544 1747 586 [Black

347 585 582 630 Torrinqton]
603 588 754 630 situatis,
777 590 814 622 in
833 591 1012 633 presencia
1032 591 1187 634 ipsarum
1209 601 1270 624 seu
1290 600 1408 624 earum
1429 589 1594 628 alterius;
1624 598 1743 631 quam-

343 629 414 671 diu,
435 634 516 673 etc.,
537 631 751 669 duraturam.

302 683 507 735 Bampton
528 684 776 738 [Bauntone,
799 687 908 743 MS.]
924 701 936 737 3
965 688 1030 727 Sir
1047 688 1161 728 John
1180 688 1382 735 Michelle,
1404 688 1527 735 R„—

300 736 446 772 Licence
464 739 502 772 of
518 740 780 775 non—residence
799 742 854 775 for
874 753 897 775 a
914 753 999 785 year
1021 742 1127 785 (same
1147 743 1252 786 date).

299 797 482 837 Northill
502 798 777 853 [Northhulle,
799 800 907 854 MS]
922 815 933 850 3
962 802 1120 841 Master
1139 801 1319 841 Richard
1339 801 1389 841 de
1407 802 1448 840 la
1467 802 1604 849 Barre,
1627 803 1743 849 R„-

301 851 319 866 “
332 851 386 885 De
402 863 471 886 non
488 853 680 895 residendo,
703 855 870 898 quamdiu
887 855 1038 890 Domino
1056 856 1227 899 placuerit
1239 856 1256 870 ’³
1279 856 1447 898 (London,
1470 858 1509 889 11
1529 855 1635 898 Oct.).

299 911 471 952 Talaton
492 912 712 967 [Taletone,
737 909 838 969 MS]
853 929 864 964 ς
893 915 1078 954 William
1097 915 1255 964 Warre,
1277 915 1516 964 subdeacon,
1539 915 1662 964 R„—

300 965 558 1008 Dispensation
573 981 579 1000 :
604 969 864 1002 non-residence
879 970 935 1002 for
950 981 971 1002 a
986 980 1080 1013 year,
1099 974 1137 1003 to
1153 970 1259 1014 study
1276 974 1314 1004 at
1331 969 1463 1004 Oxford
1480 981 1520 1004 or
1532 969 1743 1012 ‘Cambridge

345 1010 512 1052 (London,
535 1013 577 1044 12
597 1010 703 1054 Oct.).

299 1063 451 1115 Chapel
470 1065 514 1104 of
532 1066 590 1104 St.
606 1067 821 1117 Margaret,
843 1071 888 1106 at
908 1067 1116 1115 Piston,—

298 1117 400 1161 Item,
421 1119 516 1162 apud
532 1118 747 1162 Gloucestre,
767 1121 828 1162 xxj
850 1121 916 1161 die,
937 1121 1110 1155 Dominus
1128 1122 1298 1156 concessit
1315 1122 1512 1155 Licenciam
1531 1121 1744 1165 pauperibus

341 1161 504 1205 Leprosis
529 1163 663 1197 Domus
689 1165 762 1198 sive
788 1164 984 1207 Hospitalis
1011 1166 1138 1199 Sancte
1164 1165 1366 1208 Margarete
1393 1166 1434 1199 de
1461 1165 1610 1206 Piltone,
1639 1166 1743 1207 juxta

342 1205 634 1249 Barnstapoliam,
664 1208 758 1250 quod
785 1210 922 1250 possint
948 1209 1063 1242 facere
1090 1207 1256 1242 celebrari
1284 1210 1416 1243 Divina
1442 1220 1505 1253 per
1531 1209 1743 1253 presbiteros

341 1248 504 1290 ydoneos,
528 1250 566 1282 in
585 1251 764 1293 presencia
784 1252 950 1294 ipsorum,
974 1253 1011 1285 in
1033 1252 1176 1294 Capella
1197 1253 1384 1286 eorundem
1405 1253 1443 1286 in
1463 1252 1592 1287 honore
1615 1253 1742 1286 Sancte

340 1292 540 1336 Margarete
559 1294 728 1334 fundata3
756 1294 850 1336 dum,
873 1299 1001 1336 tamen,
1025 1296 1177 1330 Ecclesie
1196 1295 1339 1329 Matrici
1359 1297 1592 1339 prejudicium
1612 1297 1745 1330 nullum

339 1336 424 1377 fiat3
453 1347 516 1380 per
535 1338 723 1371 triennium
746 1339 959 1381 duraturam,
985 1343 1050 1373 etc.

299 1389 770 1443 Letters-Di1nissory‚—

298 1443 394 1477 John
411 1444 620 1486 Westecote,
643 1445 799 1487 accolite‚
822 1445 898 1480 “ad
917 1456 1035 1480 omnes
1055 1446 1178 1481 Sacros
1198 1446 1346 1481 Ordines
1357 1447 1375 1462 ’'
1398 1448 1504 1491 (same
1524 1448 1629 1491 date).

298 1503 470 1555 Chapels
490 1504 570 1543 and
591 1505 796 1544 Oratories
810 1519 821 1553 ς
850 1506 1013 1545 Licence
1033 1513 1070 1545 to
1088 1507 1340 1555 celebrate,—

297 1557 399 1600 Item‚
423 1557 564 1600 ibidem,
587 1559 674 1601 xxiij
699 1559 766 1599 die,
789 1559 960 1594 Dominus
983 1561 1152 1594 concessit
1173 1560 1370 1595 Licenciam
1393 1561 1543 1595 Domino
1565 1561 1740 1596 Willelmo

341 1601 518 1644 Bonevyle
532 1606 568 1635 et
584 1602 783 1646 Margarete
799 1604 876 1646 ejus
891 1604 1003 1644 uxori,
1020 1604 1115 1646 quod
1130 1604 1265 1647 possint
1281 1605 1395 1638 facere
1412 1604 1578 1638 celebrari
1595 1605 1738 1644 Divina,

340 1645 377 1677 in
400 1646 579 1688 presencia
602 1646 756 1687 ipsorum
781 1657 841 1679 seu
865 1658 984 1680 eorum
1007 1647 1162 1690 alterius,
1190 1659 1254 1691 per
1277 1647 1488 1691 presbiteros
1511 1649 1676 1692 ydoneos,
1704 1648 1742 1680 in

341 1688 486 1731 singulis
505 1688 655 1731 Capellis
675 1689 748 1723 sive
768 1689 939 1723 Oratoriis
957 1690 1194 1724 Maneriorum
1215 1702 1356 1724 suorum
1375 1702 1670 1734 quorumcumque
1691 1691 1739 1724 in-

341 1731 397 1764 fra
419 1732 594 1765 Diocesim
616 1733 846 1766 Exoniensem
869 1733 1016 1767 ubilibet
1040 1735 1249 1767 situatorum
1262 1747 1271 1775 3
1303 1735 1470 1777 quamdiu
1495 1735 1645 1767 Domino
1670 1734 1742 1777 pla-

338 1776 450 1808 cuerit
470 1776 683 1809 duraturam.

295 1819 396 1857 Item,
411 1818 550 1859 ibidem,
565 1820 662 1862 xxvij
685 1819 751 1859 die,
765 1819 936 1854 Dominus
957 1821 1126 1854 concessit
1146 1821 1343 1854 Licenciam
1363 1820 1494 1855 Thome
1513 1821 1742 1864 Bittelesgate

339 1867 375 1896 et
389 1862 549 1896 Johanne
565 1863 641 1904 ejus
656 1863 768 1903 uxori,
787 1863 880 1906 quod
893 1864 1041 1907 possint,
1057 1867 1138 1906 etc.,
1157 1864 1193 1897 in
1209 1864 1351 1907 Capella
1365 1864 1407 1898 de
1421 1862 1668 1908 Knythestone
1683 1865 1738 1906 [in

340 1906 526 1949 Ottery-St.
552 1906 595 1939 M
597 1907 690 1948 ary],
715 1910 806 1943 etc.;
836 1917 899 1949 per
919 1918 1026 1940 unum
1049 1918 1178 1940 annum
1199 1908 1413 1940 duraturam.

294 1949 396 1992 Item,
416 1949 509 1992 apud
525 1949 738 1991 Gloucestre,
756 1951 832 1992 xiiij
852 1950 906 1983 die
922 1950 1050 1984 mensis
1066 1950 1287 1992 Novembris,
1307 1951 1477 1984 Dominus
1494 1952 1663 1984 concessit
1679 1951 1734 1984 Li-

337 1994 489 2026 cenciam
510 1993 662 2026 Johanni
684 1993 815 2035 Bevyle
836 1997 872 2027 et
892 1993 1052 2027 Johanne
1073 1994 1150 2035 ejus
1170 1994 1282 2034 uxori,
1306 1994 1399 2037 quod
1421 1995 1568 2037 possint,
1593 1998 1674 2036 etc.,
1697 1995 1734 2027 in

341 2036 503 2079 Oapdlis,
518 2035 699 2075 oratoriis,
714 2041 776 2070 aut
786 2037 871 2070 locis
883 2036 926 2070 ad
938 2037 1002 2070 hoc
1021 2038 1182 2079 congruis
1205 2041 1240 2071 et
1262 2038 1426 2079 honestis,
1451 2038 1545 2071 infra
1565 2039 1740 2071 Diocesim

335 2081 566 2114 Exoniensem
581 2079 709 2123 ubique
724 2081 875 2122 situatis,
892 2085 972 2122 etc.,
990 2082 1157 2124 quamdiu
1171 2082 1322 2114 Domino
1336 2082 1506 2124 placuerit
1522 2083 1737 2115 duraturam.

293 2123 395 2161 Item,
415 2123 543 2157 eisdem
560 2123 615 2157 die
632 2128 667 2158 et
682 2123 771 2165 loco,
791 2124 962 2157 Dominus
979 2125 1148 2158 concessit
1164 2125 1361 2158 Licenciam
1378 2124 1509 2159 Thome
1526 2125 1683 2158 Nortone
1701 2128 1737 2158 et

337 2166 497 2199 Johanne
517 2167 593 2209 ejus
613 2167 725 2206 uxori,
749 2167 842 2210 quod
862 2168 1008 2210 possint,
1031 2171 1111 2209 etc.,
1133 2168 1169 2200 in
1191 2167 1335 2211 Capella
1353 2168 1445 2200 infra
1464 2169 1661 2201 Manerium
1682 2178 1735 2201 eo-

333 2211 479 2244 rundem
497 2211 540 2244 de
558 2211 694 2244 Oxtone
712 2212 768 2253 [in
787 2211 826 2244 K
827 2212 966 2252 ent0n];
993 2222 1056 2254 per
1074 2222 1182 2244 unum
1202 2222 1330 2244 annum
1352 2212 1564 2245 duraturam.

294 2253 395 2295 Item,
418 2253 547 2287 eisdem
566 2253 621 2288 die
640 2258 676 2288 et
693 2254 781 2296 loco,
802 2254 973 2287 Dominus
994 2255 1163 2288 concessit
1182 2254 1378 2288 Licenciam
1399 2254 1552 2288 Johanni
1572 2255 1736 2288 Burdone

336 2301 372 2330 et
389 2298 413 2330 J
415 2297 548 2330 ohanne
567 2298 643 2339 ejus
661 2298 772 2338 uxori,
792 2297 887 2339 quod
903 2298 1048 2340 possint,
1070 2302 1150 2338 etc.,
1170 2298 1207 2330 in
1225 2297 1367 2340 Capella
1385 2299 1458 2331 sive
1477 2297 1638 2331 Oratorio
1657 2298 1732 2332 Ma-

335 2342 422 2373 nerii
443 2341 630 2374 eorundem
651 2341 694 2374 de
715 2341 889 2382 Burdone,
914 2342 950 2374 in
971 2340 1142 2374 Parochia
1164 2341 1207 2374 de
1229 2341 1433 2384 Teyngtone
1455 2341 1562 2385 Regis
1584 2337 1731 2385 [Kinqs-

335 2384 503 2426 teiqnton]
523 2384 667 2423 situati;
692 2394 756 2427 per
774 2395 882 2417 unum
902 2395 1031 2417 annum
1051 2384 1264 2417 duraturam.

291 2444 623 2496 Testamentary3
655 2444 848 2484 Probacio
870 2444 1108 2500 Testamenti
1136 2444 1308 2484 Domini
1335 2444 1538 2484 Johmnnis
1565 2447 1611 2485 de
1639 2447 1730 2486 Wec-

291 2504 554 2593 Ioeglaqiffigzgffi'
576 2551 650 2593 xvij
671 2551 738 2594 die,
761 2550 947 2594 probatum
966 2551 1035 2585 fuit
1054 2552 1316 2586 Testamentum
1335 2551 1477 2586 Domini
1497 2552 1668 2586 Johannis
1689 2553 1732 2587 (18

333 2594 577 2638 Welyngtone,
596 2595 734 2636 Militis,
753 2595 920 2636 defuncti,
940 2606 1056 2629 coram
1073 2595 1234 2637 Domino,
1254 2606 1294 2628 ac
1310 2606 1375 2638 pro
1391 2595 1511 2629 eodem
1527 2597 1731 2639 pronuncia-

333 2641 432 2678 tum3
456 2639 492 2671 in
509 2649 578 2681 quo
592 2639 762 2672 nominati
780 2642 861 2672 sunt
877 2639 1089 2673 Executores
1106 2638 1256 2672 Thomas
1274 2639 1316 2673 de
1333 2639 1578 2682 Welyngtone,
1598 2640 1729 2674 Willel-

267 2680 269 2682 ’
331 2692 410 2715 mus
426 2682 469 2715 de
485 2681 723 2725 Brightleghe,
743 2682 768 2715 J
769 2681 921 2715 ohannes
938 2682 1076 2722 Paulot,
1096 2686 1131 2715 et
1148 2681 1173 2715 J
1174 2681 1326 2715 ohannes
1343 2682 1622 2725 Galmyngtone3
1647 2693 1729 2725 quo-

332 2735 411 2758 rum
430 2725 664 2759 Executorum
683 2725 788 2759 iidem
807 2725 958 2758 Thomas
978 2729 1014 2759 et
1032 2725 1213 2759 Johannes
1229 2725 1357 2759 Paulot
1377 2726 1520 2761 fuerunt
1539 2731 1727 2768 presentes,

334 2772 370 2802 et
390 2769 553 2810 jurarunt
574 2769 621 2802 ad
640 2768 890 2803 conficiendum
910 2769 1011 2802 fidele
1032 2769 1272 2802 Inventarium
1295 2769 1337 2803 de
1359 2769 1518 2803 omnibus
1539 2770 1640 2803 bonis
1662 2781 1729 2813 que

332 2810 456 2845 habuit
477 2812 569 2845 infra
589 2812 777 2846 Civitatem
799 2816 837 2846 et
856 2812 1031 2845 Diocesim
1053 2813 1185 2846 Exonie
1206 2813 1330 2846 mortis
1353 2824 1413 2846 sue
1434 2817 1602 2855 tempore,
1627 2818 1664 2847 et
1686 2814 1728 2854 de

334 2854 460 2898 quibus
479 2856 602 2889 testari
621 2856 759 2898 potuim
785 2859 821 2889 et
841 2855 885 2889 ad
904 2855 1135 2890 exhibendum
1154 2856 1245 2889 idem
1265 2855 1504 2890 Inventarium
1525 2867 1639 2890 coram
1660 2857 1728 2889 Do-

332 2899 437 2976 minof„
459 2898 516 2931 vel
535 2899 611 2940 eJ'us
631 2899 886 2941 Commissario,
909 2900 999 2933 citra
1017 2899 1159 2932 Festum
1181 2898 1391 2932 Nativitatis
1413 2897 1554 2933 Domini
1575 2900 1732 2943 proximo

331 2943 405 2985 jam
435 2946 588 2977 uturum.
