1988 3256
303 355 398 400 242
503 370 604 405 THE
640 372 886 408 REGISTER
921 374 983 407 or
1017 372 1197 407 BISHOP
1230 371 1641 407 BRANTYNGHAM.

301 470 379 532 2323}
456 477 606 509 canendo
633 480 668 510 et
697 479 869 520 psallendo
892 490 970 511 cum
995 480 1069 512 aliis
1095 480 1130 512 in
1157 480 1293 512 eisdem.
1333 480 1411 514 ,Nec
1433 479 1533 512 liceat
1554 478 1619 511 sibi
1640 477 1754 520 aliquo
1777 475 1842 508 Die

304 525 398 567 Veh'l
456 520 635 553 Dominico
650 522 703 554 vel
719 523 917 565 hujusmodi
934 525 1068 556 Festivo
1086 524 1222 556 Missam
1238 523 1403 556 celebrare
1420 524 1472 555 vel
1487 523 1643 555 inchoare
1658 526 1842 562 antequam

455 564 492 596 in
519 565 666 598 Ecclesia
693 567 886 606 Parochiali,
912 567 947 599 in
974 567 1096 609 Majori
1120 568 1231 608 Missa,
1258 568 1488 609 Ewangelium
1515 567 1643 599 lectum
1673 565 1778 597 fuerit
1807 567 1844 596 et

458 609 679 642 Offertorium
701 610 922 643 decantatum
939 622 947 651 3
974 616 1009 644 et
1024 613 1101 652 hoc,
1118 613 1238 644 nisiex
1253 612 1366 654 aliqua
1388 622 1487 643 causa
1509 610 1711 650 racionabili,
1735 608 1843 650 petita

455 652 592 685 licencia
607 657 643 685 et
665 657 805 695 optenta
820 666 839 686 a
854 655 986 687 Vicario
1006 656 1095 695 Loci,
1112 656 1214 688 Missa
1236 666 1295 697 per
1317 656 1462 687 eundem
1486 654 1716 687 Presbiterum
1739 652 1842 684 cicius

455 696 561 729 fuerit
587 697 836 731 celebrandum.
883 699 923 731 In
947 699 1056 742 cujus,
1080 703 1156 740 eta,
1180 699 1330 741 sigillum
1352 703 1519 739 nostrum,
1542 709 1611 730 una
1633 708 1711 729 cum
1734 695 1843 737 sigillo

455 741 599 783 predicti
622 741 780 783 Capituli,
799 743 1015 775 Presentibus
1038 747 1090 776 est
1111 754 1307 786 appensum.
1360 744 1450 775 Data
1472 747 1507 774 et
1529 745 1604 774 acta
1625 742 1661 773 in
1685 740 1844 782 Capitulo

455 789 572 817 nostro
588 786 779 826 Exoniensi,
796 787 851 818 die
870 788 964 819 Lune
979 788 1131 829 proxima
1146 791 1225 819 ante
1248 788 1387 819 Festum
1405 787 1521 819 Sancti
1544 784 1731 824 Laurencii,
1757 784 1842 816 A.D.

455 830 517 862 Mo.
531 830 663 863 CCCmo
679 831 1129 872 quartodecimo.—Quibus,
1142 832 1290 873 quidem,
1304 831 1426 863 Literis
1444 841 1502 872 per
1514 841 1575 862 nos
1588 829 1759 871 inspectis,
1772 828 1839 869 pal-

455 874 552 915 patis,
576 877 612 906 et
634 875 767 916 plenius
790 875 982 913 intellectis,
997 876 1040 907 ad
1056 876 1232 917 specialem
1248 878 1405 916 rogatum
1422 877 1456 906 et
1471 874 1671 906 instanciam
1688 872 1839 914 Preposi-

455 918 483 950 ti
498 921 534 950 et
551 919 814 950 Communitatis
827 919 1052 960 Burgensium
1064 920 1153 951 Ville
1169 923 1282 951 nostre
1298 920 1339 951 de
1351 919 1582 960 Aschpertone
1598 917 1758 959 predicte,
1771 927 1839 948 eas-
1866 940 1868 942 v

454 963 531 994 dem
549 962 680 995 Literas
696 966 732 994 et
747 965 908 995 contenta
922 963 957 995 in
974 963 1110 1004 eisdem,
1127 963 1218 996 salvo
1240 963 1315 1005 jure
1334 962 1479 994 Ecclesie
1496 962 1645 994 Matricis
1668 963 1703 993 et
1724 958 1840 992 alteri-

457 1017 497 1037 us
520 1006 767 1048 cujuscumque
791 1006 889 1048 cujus
915 1007 1057 1039 interest
1079 1008 1114 1039 in
1145 1008 1207 1039 hac
1231 1010 1336 1048 parte,
1361 1006 1567 1038 ratificamus
1593 1009 1639 1045 et,
1669 1007 1837 1047 quantum

452 1050 495 1081 ad
519 1061 580 1082 nos
602 1051 736 1091 attinet,
754 1053 870 1082 tenore
894 1051 1109 1086 Presencium
1131 1050 1455 1093 approbamus.-In
1480 1060 1623 1091 quarum
1647 1049 1839 1081 Literarum

453 1094 673 1135 inspeccionis
696 1095 997 1136 ratificacionisque
1024 1106 1062 1127 ac
1086 1095 1338 1137 approbacionis
1369 1094 1551 1126 earundem
1574 1091 1839 1133 [testimonium]

452 1138 600 1180 sigillum
617 1142 772 1171 nostrum
788 1139 930 1171 fecimus
945 1139 1010 1171 hiis
1026 1139 1316 1181 apponi.-'—Dated
1332 1142 1369 1171 at
1385 1137 1586 1179 Chudleigh,
1605 1139 1624 1169 2
1641 1138 1785 1178 August.

297 1196 349 1258 {gh
409 1199 665 1250 Grampound
682 1213 693 1248 3
721 1200 803 1238 Pro
825 1199 1056 1249 Capella,—

331 1251 338 1258 '
407 1254 497 1286 Item
513 1253 702 1295 penultimo
725 1254 780 1285 die
802 1254 928 1286 mensis
950 1253 1107 1296 Augusti,
1131 1253 1303 1285 Johannes
1327 1253 1443 1285 Pibow
1476 1255 1511 1284 et
1533 1251 1638 1284 ceteri
1661 1251 1776 1283 villani
1797 1251 1840 1283 de

450 1297 706 1339 Grauntpount,
722 1297 918 1330 habuerunt
935 1298 1122 1330 Licenciam
1138 1297 1283 1329 faciendi
1299 1297 1478 1336 celebrare,
1494 1299 1570 1337 etc.,
1586 1296 1622 1328 in
1638 1294 1775 1337 Capella
1797 1295 1840 1327 de

451 1342 696 1383 Grauntpount
711 1342 862 1383 predicta
875 1353 884 1382 3
900 1352 960 1384 per
975 1353 1084 1374 unum
1099 1352 1227 1374 annum
1244 1342 1453 1373 duraturam.

405 1403 684 1454 Penitenciary
703 1403 765 1441 for
784 1403 852 1441 the
874 1402 1180 1454 Archdeaconry
1191 1403 1233 1441 of
1251 1401 1514 1449 Cornwall‚-—-

404 1457 503 1496 Item,
528 1457 564 1498 iij
591 1457 761 1489 Kalendas
784 1457 994 1497 Septembris
1018 1457 1075 1497 [30
1098 1457 1212 1498 Aug.]‚
1236 1456 1327 1498 apud
1350 1456 1517 1496 Tantone,
1543 1455 1664 1487 Frater
1687 1455 1838 1495 Rogerus

445 1501 588 1543 Tyrelle,
599 1501 734 1533 Ordinis
747 1501 999 1533 Predicatorum
1013 1501 1211 1534 Conventus
1223 1501 1266 1532 de
1274 1501 1415 1539 Trureu,
1428 1499 1550 1532 habuit
1561 1498 1837 1531 Commissionem
1889 1498 1894 1503 '

447 1555 549 1586 super
565 1545 809 1577 Penitenciaria
824 1556 884 1587 pro
901 1545 1184 1577 Archidiaconatu
1201 1544 1442 1582 Cornubiensi3
1460 1543 1634 1586 quamdiu,
1650 1546 1713 1576 etc.

404 1611 576 1663 Oratory
591 1625 603 1660 3
622 1611 777 1650 Licence
796 1619 833 1650 to
853 1612 1100 1659 celebrate,—

294 1664 376 1696 [SEP-
400 1666 502 1705 Item,
520 1666 630 1707 primo
646 1666 700 1697 die
716 1666 841 1698 mensis
854 1666 1073 1708 Septembris,
1090 1666 1258 1698 Dominus
1275 1665 1376 1706 Hugo
1393 1664 1570 1705 Peverelle,
1588 1663 1694 1704 Miles,
1710 1663 1839 1696 habuit

294 1706 377 1765 {3¹¹}
445 1710 633 1742 Licenciam
656 1710 811 1750 faciendi,
834 1714 908 1748 etc„
933 1711 968 1742 in
993 1710 1128 1751 Capella
1151 1709 1267 1742 Sancti
1290 1709 1461 1741 Michaelis
1485 1711 1559 1740 atte
1575 1708 1775 1749 Roghtorre,
1798 1708 1835 1740 in

356 1753 362 1760 ”
443 1753 568 1795 vigilia
594 1754 774 1796 utriusque
802 1754 895 1787 Festi
926 1754 1043 1787 Sancti
1068 1753 1242 1786 Michaelis
1260 1752 1461 1795 Archangeli
1476 1752 1644 1794 predicti3
1671 1751 1838 1794 quamdiu

445 1797 592 1829 Domino
607 1797 782 1839 placuerit.
939 1807 943 1811 ’

401 1858 551 1897 Lezant
571 1856 775 1912 [Lansant,
791 1857 893 1912 MS]
910 1872 921 1907 3
941 1858 1092 1897 Master
1111 1858 1313 1897 Laurence
1334 1855 1570 1911 [Gonvena],
1592 1856 1711 1904 R„—

402 1913 543 1945 Licence
554 1913 590 1944 of
601 1913 855 1945 non-residence
865 1914 918 1945 for
929 1924 949 1945 a
957 1924 1037 1955 year
1050 1923 1060 1952 ;
1073 1913 1092 1929 ‘¹
1102 1913 1196 1953 dum,
1209 1915 1334 1953 tamen,
1347 1912 1484 1944 insistat
1496 1911 1611 1943 studio
1626 1911 1804 1943 literarum
1816 1910 1835 1924 ’'

448 1956 669 1997 (Lawhitton,
691 1958 710 1989 3
727 1956 850 1998 Sept.).

401 2017 631 2065 Tavistock;
649 2017 680 2055 I
677 2017 845 2056 nhibicio
857 2031 902 2056 ne
913 2018 1087 2068 defuncti
1099 2017 1334 2066 sepeliantur
1345 2016 1390 2055 in
1402 2016 1573 2054 Ecclesia
1591 2015 1838 2066 Tavystockie

457 2071 755 2117 Parochiali,—-

402 2126 503 2166 Item,
526 2127 644 2158 eodem
661 2126 725 2165 die,
748 2126 919 2158 emanavit
946 2126 1059 2158 Litera
1082 2125 1285 2158 Inhibiton'a
1306 2125 1438 2158 Vicario
1461 2126 1503 2156 de
1527 2124 1747 2167 Tavystoche,
1770 2123 1836 2156 sub

445 2171 508 2202 hac
522 2169 844 2210 forma—Thomas,
870 2174 933 2202 etc.
979 2171 1032 2202 Ex
1054 2170 1302 2210 fidedignorum
1327 2169 1436 2201 relatu
1459 2169 1676 2210 concepimus
1697 2168 1769 2210 jam
1792 2169 1835 2200 de

444 2224 532 2246 novo
562 2214 655 2256 quod
685 2224 979 2255 quorumcumque
1002 2214 1280 2255 parochianorum
1303 2213 1394 2245 dicte
1416 2213 1576 2245 Parochie
1598 2211 1836 2244 decedencium

446 2268 584 2299 corpora
608 2257 820 2299 sepeliuntur
841 2258 877 2289 iu
902 2258 1048 2290 Ecclesia
1071 2257 1256 2290 Parochiali
1286 2256 1508 2299 Tavystochie
1538 2256 1740 2298 supradicta,
1764 2257 1836 2288 sine

447 2301 580 2333 delectu
604 2312 834 2342 personarum,
859 2305 976 2334 contra
992 2302 1158 2334 Canonica
1174 2301 1348 2333 Instituta.
1394 2301 1478 2341 Tibi,
1495 2300 1610 2341 igitur,
1627 2304 1743 2333 tenore
1759 2300 1836 2332 Pre-

446 2346 596 2378 sencium
611 2345 813 2386 inhibemus,
830 2348 866 2377 et
881 2356 941 2387 per
956 2349 990 2377 te
1005 2345 1079 2377 aliis
1093 2345 1218 2387 quibus
1233 2345 1269 2376 in
1284 2345 1346 2376 hac
1361 2347 1456 2386 parte
1482 2344 1706 2376 inhibendum
1720 2343 1836 2384 fuerit,

448 2393 550 2431 prout
579 2390 729 2431 expediri
755 2389 887 2428 videris,
918 2389 1063 2421 inhiberi
1093 2389 1251 2421 volumus
1276 2391 1311 2420 et
1338 2388 1548 2427 mandamus,
1576 2397 1620 2420 ne
1644 2388 1836 2429 aliquorum

447 2443 583 2474 corpora
598 2433 634 2465 in
650 2433 798 2465 Ecclesia
820 2432 951 2474 prefata
966 2433 1008 2465 de
1024 2436 1134 2465 cetero
1157 2432 1373 2474 sepeliantur,
1396 2432 1461 2464 nisi
1483 2442 1549 2474 que
1572 2431 1664 2464 Sacri
1687 2431 1839 2464 Canones

447 2477 656 2519 permittunt
670 2477 756 2509 inibi
771 2476 1072 2519 sepeliri.—Dated
1087 2480 1124 2508 at
1139 2476 1342 2515 Lawhitton,
1360 2477 1379 2508 3
1396 2476 1488 2517 Sept.

402 2538 707 2589 Testamentary
720 2551 731 2586 3
750 2538 1026 2588 Ale-quietancia
1045 2537 1303 2576 Executorum
1324 2536 1556 2575 Testamenti
1570 2535 1776 2584 Radulphi
1793 2535 1840 2574 de

457 2592 757 2642 Bynqestede,—

404 2646 570 2679 Omnibus
584 2647 628 2678 ad
643 2657 738 2687 quos,
755 2645 993 2680 eta—Audito
1009 2649 1043 2678 et
1058 2645 1191 2678 reddito
1207 2655 1318 2677 coram
1334 2644 1430 2676 nobis
1443 2646 1609 2686 compoto,
1624 2643 1762 2682 calculo,
1775 2654 1834 2676 seu

446 2690 621 2722 raciocinio
637 2690 876 2732 Magistrorum
892 2690 914 2722 J
916 2690 1057 2722 ohannis
1073 2689 1209 2731 Wyliet,
1227 2688 1425 2722 Cancellarii
1443 2686 1650 2727 Exoniensis,
1668 2687 1831 2720 Willelmi

447 2734 679 2774 Todeworthe,
710 2738 745 2766 et
777 2733 937 2766 Willelmi
967 2734 1080 2776 Pyers,
1113 2734 1343 2765 Executorum
1375 2732 1585 2764 Testamenti
1615 2742 1674 2763 seu
1705 2731 1836 2764 Ultimo

446 2777 644 2810 Voluntatis
676 2777 827 2819 Magistri
859 2777 1030 2819 Radulphi
1056 2778 1098 2809 de
1127 2777 1353 2819 Ryngestede,
1378 2775 1539 2808 Canonici
1569 2775 1777 2815 Exoniensis,
1801 2777 1836 2807 et

447 2820 570 2853 Vicarii
593 2820 739 2853 Ecclesia
762 2821 964 2854 Parochialis
979 2822 1021 2853 de
1037 2821 1179 2853 Sottone
1201 2819 1414 2861 [PlymoutltL
1439 2819 1603 2859 defuncti,
1626 2819 1669 2851 de
1685 2821 1720 2850 et
1735 2829 1838 2860 super

447 2863 752 2896 Administracione
769 2865 934 2897 bonorum
951 2864 1104 2907 ejusdem
1127 2863 1283 2896 defuncti
1306 2873 1373 2905 que
1398 2865 1624 2904 pervenerunt
1646 2863 1688 2894 ad
1712 2872 1834 2894 manus

446 2908 615 2940 dictorum
641 2909 896 2948 Executorum3
924 2909 1002 2951 quia
1024 2908 1216 2940 invenimus
1238 2918 1299 2949 per
1320 2909 1518 2949 compotum
1540 2905 1738 2948 hujusmodi
1761 2915 1835 2948 pre-

443 2951 533 2983 fatos
567 2952 772 2984 Executores
805 2952 894 2984 bona
926 2952 1070 2994 predicti
1105 2951 1260 2984 defuncti
1294 2960 1508 2993 quecumque
1541 2960 1607 2992 que
1637 2949 1680 2981 ad
1715 2959 1838 2982 manus

441 3005 518 3027 suas
541 2999 770 3037 pervenerunt
792 2996 878 3028 bene
893 3000 928 3028 et
954 2996 1099 3028 fideliter
1121 2995 1384 3034 administrasse,
1407 2995 1541 3027 eosdem
1565 2994 1772 3027 Executores
1794 2993 1838 3026 ab
