<?xml version="1.0" encoding="UTF-8"?>
<!DOCTYPE html PUBLIC "-//W3C//DTD XHTML 1.0 Transitional//EN"
    "http://www.w3.org/TR/xhtml1/DTD/xhtml1-transitional.dtd">
<html xmlns="http://www.w3.org/1999/xhtml" xml:lang="en" lang="en">
 <head>
  <title>
</title>
<meta http-equiv="Content-Type" content="text/html;charset=utf-8" />
  <meta name='ocr-system' content='tesseract 3.04.00' />
  <meta name='ocr-capabilities' content='ocr_page ocr_carea ocr_par ocr_line ocrx_word'/>
</head>
<body>
  <div class='ocr_page' id='page_1' title='image "./registerofthomas01hinguoft/registerofthomas01hinguoft_0287.png"; bbox 0 0 1988 3256; ppageno 0'>
   <div class='ocr_carea' id='block_1_1' title="bbox 167 465 272 560">
    <p class='ocr_par' dir='ltr' id='par_1_1' title="bbox 167 465 272 560">
     <span class='ocr_line' id='line_1_1' title="bbox 167 465 247 492; baseline 0.013 -1"><span class='ocrx_word' id='word_1_1' title='bbox 167 465 247 492; x_wconf 78' lang='lat' dir='ltr'>A.D.</span> 
     </span>
     <span class='ocr_line' id='line_1_2' title="bbox 168 498 245 526; baseline 0.013 -1"><span class='ocrx_word' id='word_1_2' title='bbox 168 498 245 526; x_wconf 81' lang='lat'><strong>1372.</strong></span> 
     </span>
     <span class='ocr_line' id='line_1_3' title="bbox 173 533 272 560; baseline 0.02 -2"><span class='ocrx_word' id='word_1_3' title='bbox 173 533 230 559; x_wconf 89' lang='lat' dir='ltr'><strong>Vol.</strong></span> <span class='ocrx_word' id='word_1_4' title='bbox 251 533 272 560; x_wconf 78' lang='grc' dir='ltr'><strong>Ῑ.</strong></span> 
     </span>
    </p>
   </div>
   <div class='ocr_carea' id='block_1_2' title="bbox 475 349 1707 407">
    <p class='ocr_par' dir='ltr' id='par_1_2' title="bbox 475 349 1707 407">
     <span class='ocr_line' id='line_1_4' title="bbox 475 349 1707 407; baseline -0.006 -9"><span class='ocrx_word' id='word_1_5' title='bbox 475 363 772 398; x_wconf 76' lang='lat' dir='ltr'>REGISTRUM</span> <span class='ocrx_word' id='word_1_6' title='bbox 809 363 1166 398; x_wconf 79' lang='lat' dir='ltr'>COMMUNE—A</span> <span class='ocrx_word' id='word_1_7' title='bbox 1174 362 1280 396; x_wconf 74' lang='lat' dir='ltr'><strong>nno</strong></span> <span class='ocrx_word' id='word_1_8' title='bbox 1318 352 1381 407; x_wconf 67' lang='lat'><strong>30.</strong></span> <span class='ocrx_word' id='word_1_9' title='bbox 1613 349 1707 392; x_wconf 87' lang='grc'><strong>269</strong></span> 
     </span>
    </p>
   </div>
   <div class='ocr_carea' id='block_1_3' title="bbox 319 464 1726 724">
    <p class='ocr_par' dir='ltr' id='par_1_3' title="bbox 319 464 1708 509">
     <span class='ocr_line' id='line_1_5' title="bbox 319 464 1708 509; baseline -0.004 -10"><span class='ocrx_word' id='word_1_10' title='bbox 319 468 437 499; x_wconf 83' lang='lat' dir='ltr'><strong>Partes</strong></span> <span class='ocrx_word' id='word_1_11' title='bbox 451 464 631 509; x_wconf 83' lang='lat' dir='ltr'><strong>predictas,</strong></span> <span class='ocrx_word' id='word_1_12' title='bbox 651 466 705 498; x_wconf 88' lang='lat' dir='ltr'><strong>die</strong></span> <span class='ocrx_word' id='word_1_13' title='bbox 720 469 756 498; x_wconf 88' lang='lat' dir='ltr'><strong>et</strong></span> <span class='ocrx_word' id='word_1_14' title='bbox 770 465 843 498; x_wconf 92' lang='lat' dir='ltr'><strong>loco</strong></span> <span class='ocrx_word' id='word_1_15' title='bbox 864 465 1076 507; x_wconf 78' lang='lat' dir='ltr'><strong>supradictis,</strong></span> <span class='ocrx_word' id='word_1_16' title='bbox 1099 476 1211 498; x_wconf 89' lang='lat' dir='ltr'><strong>coram</strong></span> <span class='ocrx_word' id='word_1_17' title='bbox 1234 465 1340 503; x_wconf 84' lang='lat' dir='ltr'><strong>vobis,</strong></span> <span class='ocrx_word' id='word_1_18' title='bbox 1365 474 1424 496; x_wconf 89' lang='lat' dir='ltr'><strong>seu</strong></span> <span class='ocrx_word' id='word_1_19' title='bbox 1451 474 1520 495; x_wconf 89' lang='lat' dir='ltr'><strong>uno</strong></span> <span class='ocrx_word' id='word_1_20' title='bbox 1545 466 1708 502; x_wconf 87' lang='lat' dir='ltr'><strong>vestrum,</strong></span> 
     </span>
    </p>

    <p class='ocr_par' dir='ltr' id='par_1_4' title="bbox 319 507 1709 552">
     <span class='ocr_line' id='line_1_6' title="bbox 319 507 1709 552; baseline -0.004 -10"><span class='ocrx_word' id='word_1_21' title='bbox 319 511 468 552; x_wconf 79' lang='lat' dir='ltr'><strong>legitime</strong></span> <span class='ocrx_word' id='word_1_22' title='bbox 490 509 694 551; x_wconf 82' lang='lat' dir='ltr'><strong>preconizari</strong></span> <span class='ocrx_word' id='word_1_23' title='bbox 716 510 856 550; x_wconf 78' lang='lat' dir='ltr'><strong>faciatis,</strong></span> <span class='ocrx_word' id='word_1_24' title='bbox 880 510 1090 552; x_wconf 86' lang='lat' dir='ltr'><strong>ulteriusque</strong></span> <span class='ocrx_word' id='word_1_25' title='bbox 1113 509 1318 551; x_wconf 87' lang='lat' dir='ltr'><strong>cognoscatis</strong></span> <span class='ocrx_word' id='word_1_26' title='bbox 1335 511 1370 539; x_wconf 91' lang='lat' dir='ltr'><strong>et</strong></span> <span class='ocrx_word' id='word_1_27' title='bbox 1384 507 1582 550; x_wconf 76' lang='lat' dir='ltr'><strong>procedatis,</strong></span> <span class='ocrx_word' id='word_1_28' title='bbox 1606 509 1709 547; x_wconf 85' lang='lat' dir='ltr'><strong>prout</strong></span> 
     </span>
    </p>

    <p class='ocr_par' dir='ltr' id='par_1_5' title="bbox 320 549 1704 595">
     <span class='ocr_line' id='line_1_7' title="bbox 320 549 1704 595; baseline -0.004 -9"><span class='ocrx_word' id='word_1_29' title='bbox 320 558 441 587; x_wconf 87' lang='lat' dir='ltr'><strong>natura</strong></span> <span class='ocrx_word' id='word_1_30' title='bbox 457 554 565 587; x_wconf 88' lang='lat' dir='ltr'><strong>Cause</strong></span> <span class='ocrx_word' id='word_1_31' title='bbox 579 553 776 595; x_wconf 82' lang='lat' dir='ltr'><strong>hujusmodi</strong></span> <span class='ocrx_word' id='word_1_32' title='bbox 791 554 897 594; x_wconf 84' lang='lat' dir='ltr'><strong>exigit</strong></span> <span class='ocrx_word' id='word_1_33' title='bbox 910 557 946 585; x_wconf 91' lang='lat' dir='ltr'><strong>et</strong></span> <span class='ocrx_word' id='word_1_34' title='bbox 961 554 1112 595; x_wconf 86' lang='lat' dir='ltr'><strong>requirit,</strong></span> <span class='ocrx_word' id='word_1_35' title='bbox 1129 563 1206 585; x_wconf 90' lang='lat' dir='ltr'><strong>cum</strong></span> <span class='ocrx_word' id='word_1_36' title='bbox 1223 552 1405 594; x_wconf 82' lang='lat' dir='ltr'><strong>cujuslibet</strong></span> <span class='ocrx_word' id='word_1_37' title='bbox 1421 550 1626 582; x_wconf 89' lang='lat' dir='ltr'><strong>cohercionis</strong></span> <span class='ocrx_word' id='word_1_38' title='bbox 1643 549 1704 582; x_wconf 87' lang='lat' dir='ltr'><strong>Ca-</strong></span> 
     </span>
    </p>

    <p class='ocr_par' dir='ltr' id='par_1_6' title="bbox 321 594 1708 639">
     <span class='ocr_line' id='line_1_8' title="bbox 321 594 1708 639; baseline -0.004 -10"><span class='ocrx_word' id='word_1_39' title='bbox 321 599 438 630; x_wconf 90' lang='lat' dir='ltr'><strong>nonice</strong></span> <span class='ocrx_word' id='word_1_40' title='bbox 455 600 622 639; x_wconf 74' lang='lat' dir='ltr'><strong>potestate</strong></span> <span class='ocrx_word' id='word_1_41' title='bbox 638 608 646 634; x_wconf 89' lang='lat'>;</span> <span class='ocrx_word' id='word_1_42' title='bbox 663 598 759 629; x_wconf 88' lang='lat' dir='ltr'><strong>nobis</strong></span> <span class='ocrx_word' id='word_1_43' title='bbox 775 598 816 629; x_wconf 90' lang='lat' dir='ltr'><strong>de</strong></span> <span class='ocrx_word' id='word_1_44' title='bbox 832 600 907 629; x_wconf 86' lang='lat' dir='ltr'><strong>toto</strong></span> <span class='ocrx_word' id='word_1_45' title='bbox 918 598 1008 629; x_wconf 79' lang='lat' dir='ltr'><strong>facto</strong></span> <span class='ocrx_word' id='word_1_46' title='bbox 1025 602 1136 628; x_wconf 85' lang='lat' dir='ltr'><strong>vestro</strong></span> <span class='ocrx_word' id='word_1_47' title='bbox 1151 597 1186 628; x_wconf 89' lang='lat' dir='ltr'><strong>in</strong></span> <span class='ocrx_word' id='word_1_48' title='bbox 1202 597 1264 628; x_wconf 82' lang='lat' dir='ltr'><strong>hac</strong></span> <span class='ocrx_word' id='word_1_49' title='bbox 1280 599 1383 638; x_wconf 81' lang='lat' dir='ltr'><strong>parte,</strong></span> <span class='ocrx_word' id='word_1_50' title='bbox 1402 605 1479 627; x_wconf 90' lang='lat' dir='ltr'><strong>cum</strong></span> <span class='ocrx_word' id='word_1_51' title='bbox 1497 605 1557 636; x_wconf 88' lang='lat' dir='ltr'><strong>per</strong></span> <span class='ocrx_word' id='word_1_52' title='bbox 1573 594 1708 625; x_wconf 70' lang='lat' dir='ltr'><strong>Partem</strong></span> 
     </span>
    </p>

    <p class='ocr_par' dir='ltr' id='par_1_7' title="bbox 320 638 1726 724">
     <span class='ocr_line' id='line_1_9' title="bbox 320 638 1726 683; baseline -0.004 -9"><span class='ocrx_word' id='word_1_53' title='bbox 320 642 403 674; x_wconf 83' lang='lat' dir='ltr'><strong>dicti</strong></span> <span class='ocrx_word' id='word_1_54' title='bbox 422 641 570 673; x_wconf 78' lang='lat' dir='ltr'><strong>Rectoris</strong></span> <span class='ocrx_word' id='word_1_55' title='bbox 586 641 718 672; x_wconf 80' lang='lat' dir='ltr'><strong>fueritis</strong></span> <span class='ocrx_word' id='word_1_56' title='bbox 734 641 898 683; x_wconf 80' lang='lat' dir='ltr'><strong>requisiti,</strong></span> <span class='ocrx_word' id='word_1_57' title='bbox 924 641 988 673; x_wconf 87' lang='lat' dir='ltr'><strong>sub</strong></span> <span class='ocrx_word' id='word_1_58' title='bbox 1011 641 1128 682; x_wconf 78' lang='lat' dir='ltr'><strong>sigillis</strong></span> <span class='ocrx_word' id='word_1_59' title='bbox 1150 640 1270 672; x_wconf 87' lang='lat' dir='ltr'><strong>vestris</strong></span> <span class='ocrx_word' id='word_1_60' title='bbox 1293 639 1407 672; x_wconf 89' lang='lat' dir='ltr'><strong>debite</strong></span> <span class='ocrx_word' id='word_1_61' title='bbox 1430 638 1726 670; x_wconf 86' lang='lat' dir='ltr'><strong>rescribentes.-·</strong></span> 
     </span>
     <span class='ocr_line' id='line_1_10' title="bbox 322 684 869 724; baseline 0 -7"><span class='ocrx_word' id='word_1_62' title='bbox 322 685 433 717; x_wconf 86' lang='lat' dir='ltr'><strong>Dated</strong></span> <span class='ocrx_word' id='word_1_63' title='bbox 448 688 485 717; x_wconf 89' lang='lat' dir='ltr'><strong>at</strong></span> <span class='ocrx_word' id='word_1_64' title='bbox 500 684 717 724; x_wconf 86' lang='lat' dir='ltr'><strong>Stokenham,</strong></span> <span class='ocrx_word' id='word_1_65' title='bbox 735 684 754 719; x_wconf 88' lang='grc'><em>7</em></span> <span class='ocrx_word' id='word_1_66' title='bbox 770 685 869 717; x_wconf 88' lang='lat' dir='ltr'>June.</span> 
     </span>
    </p>
   </div>
   <div class='ocr_carea' id='block_1_4' title="bbox 279 724 1709 770">
    <p class='ocr_par' dir='ltr' id='par_1_8' title="bbox 279 724 1709 770">
     <span class='ocr_line' id='line_1_11' title="bbox 279 724 1709 770; baseline -0.005 -8"><span class='ocrx_word' id='word_1_67' title='bbox 279 731 325 762; x_wconf 88' lang='lat' dir='ltr'><strong>Et</strong></span> <span class='ocrx_word' id='word_1_68' title='bbox 347 733 471 770; x_wconf 85' lang='lat' dir='ltr'><strong>postea,</strong></span> <span class='ocrx_word' id='word_1_69' title='bbox 497 727 549 759; x_wconf 67' lang='lat' dir='ltr'><strong>vto</strong></span> <span class='ocrx_word' id='word_1_70' title='bbox 572 728 740 760; x_wconf 77' lang='lat' dir='ltr'><strong>Kalendas</strong></span> <span class='ocrx_word' id='word_1_71' title='bbox 762 729 847 761; x_wconf 86' lang='lat' dir='ltr'><strong>Julii</strong></span> <span class='ocrx_word' id='word_1_72' title='bbox 871 727 926 768; x_wconf 82' lang='lat'><strong>[27</strong></span> <span class='ocrx_word' id='word_1_73' title='bbox 954 728 1068 768; x_wconf 88' lang='lat' dir='ltr'><strong>June]‚</strong></span> <span class='ocrx_word' id='word_1_74' title='bbox 1097 728 1227 760; x_wconf 84' lang='lat' dir='ltr'><strong>Literas</strong></span> <span class='ocrx_word' id='word_1_75' title='bbox 1256 727 1346 759; x_wconf 86' lang='lat' dir='ltr'><strong>dicte</strong></span> <span class='ocrx_word' id='word_1_76' title='bbox 1371 726 1471 759; x_wconf 86' lang='lat' dir='ltr'><strong>Curie</strong></span> <span class='ocrx_word' id='word_1_77' title='bbox 1498 724 1709 756; x_wconf 85' lang='lat' dir='ltr'><strong>inhibitorias</strong></span> 
     </span>
    </p>
   </div>
   <div class='ocr_carea' id='block_1_5' title="bbox 320 768 1716 3042">
    <p class='ocr_par' dir='ltr' id='par_1_9' title="bbox 320 768 1716 3042">
     <span class='ocr_line' id='line_1_12' title="bbox 320 768 1708 815; baseline -0.004 -10"><span class='ocrx_word' id='word_1_78' title='bbox 320 773 519 815; x_wconf 72' lang='lat' dir='ltr'><strong>recepimus,</strong></span> <span class='ocrx_word' id='word_1_79' title='bbox 538 772 678 803; x_wconf 85' lang='lat' dir='ltr'><strong>subhac</strong></span> <span class='ocrx_word' id='word_1_80' title='bbox 694 772 1015 811; x_wconf 75' lang='lat' dir='ltr'><strong>forma,—Officialis</strong></span> <span class='ocrx_word' id='word_1_81' title='bbox 1033 772 1132 804; x_wconf 84' lang='lat' dir='ltr'><strong>Cnrie</strong></span> <span class='ocrx_word' id='word_1_82' title='bbox 1157 771 1407 803; x_wconf 83' lang='lat' dir='ltr'><strong>Cantuariensis</strong></span> <span class='ocrx_word' id='word_1_83' title='bbox 1430 769 1568 801; x_wconf 88' lang='lat' dir='ltr'><strong>Domini</strong></span> <span class='ocrx_word' id='word_1_84' title='bbox 1592 768 1708 800; x_wconf 88' lang='lat' dir='ltr'><strong>Archi-</strong></span> 
     </span>
     <span class='ocr_line' id='line_1_13' title="bbox 321 812 1710 856; baseline -0.003 -9"><span class='ocrx_word' id='word_1_85' title='bbox 321 816 452 848; x_wconf 77' lang='lat' dir='ltr'><strong>diaconi</strong></span> <span class='ocrx_word' id='word_1_86' title='bbox 468 815 598 856; x_wconf 82' lang='lat' dir='ltr'><strong>Salopie</strong></span> <span class='ocrx_word' id='word_1_87' title='bbox 622 815 772 855; x_wconf 87' lang='lat' dir='ltr'><strong>Officiali,</strong></span> <span class='ocrx_word' id='word_1_88' title='bbox 789 816 966 856; x_wconf 80' lang='lat' dir='ltr'><strong>Perpetuis</strong></span> <span class='ocrx_word' id='word_1_89' title='bbox 982 816 1121 847; x_wconf 55' lang='lat' dir='ltr'><strong>Viciu-iis</strong></span> <span class='ocrx_word' id='word_1_90' title='bbox 1146 815 1368 847; x_wconf 86' lang='lat' dir='ltr'><strong>Ecclesiarum</strong></span> <span class='ocrx_word' id='word_1_91' title='bbox 1391 814 1433 845; x_wconf 90' lang='lat' dir='ltr'><strong>de</strong></span> <span class='ocrx_word' id='word_1_92' title='bbox 1458 812 1652 845; x_wconf 88' lang='lat' dir='ltr'><strong>Lilleshulle</strong></span> <span class='ocrx_word' id='word_1_93' title='bbox 1675 815 1710 843; x_wconf 89' lang='lat' dir='ltr'><strong>et</strong></span> 
     </span>
     <span class='ocr_line' id='line_1_14' title="bbox 323 856 1708 901; baseline -0.004 -9"><span class='ocrx_word' id='word_1_94' title='bbox 323 859 535 899; x_wconf 81' lang='lat' dir='ltr'><strong>Attingham,</strong></span> <span class='ocrx_word' id='word_1_95' title='bbox 559 859 666 890; x_wconf 89' lang='lat' dir='ltr'><strong>Alano</strong></span> <span class='ocrx_word' id='word_1_96' title='bbox 692 859 735 891; x_wconf 86' lang='lat' dir='ltr'><strong>de</strong></span> <span class='ocrx_word' id='word_1_97' title='bbox 758 860 922 901; x_wconf 84' lang='lat' dir='ltr'><strong>Dyttone‚</strong></span> <span class='ocrx_word' id='word_1_98' title='bbox 955 860 1095 890; x_wconf 69' lang='lat' dir='ltr'><strong>Heni-ico</strong></span> <span class='ocrx_word' id='word_1_99' title='bbox 1123 859 1215 900; x_wconf 88' lang='lat' dir='ltr'><strong>Lyle,</strong></span> <span class='ocrx_word' id='word_1_100' title='bbox 1244 862 1279 890; x_wconf 89' lang='lat' dir='ltr'><strong>et</strong></span> <span class='ocrx_word' id='word_1_101' title='bbox 1305 857 1452 890; x_wconf 69' lang='lat' dir='ltr'><strong>Johanni</strong></span> <span class='ocrx_word' id='word_1_102' title='bbox 1479 858 1522 888; x_wconf 88' lang='lat' dir='ltr'><strong>de</strong></span> <span class='ocrx_word' id='word_1_103' title='bbox 1549 856 1708 898; x_wconf 86' lang='lat' dir='ltr'><strong>Fryseby,</strong></span> 
     </span>
     <span class='ocr_line' id='line_1_15' title="bbox 323 900 1710 943; baseline -0.004 -7"><span class='ocrx_word' id='word_1_104' title='bbox 323 903 472 936; x_wconf 88' lang='lat' dir='ltr'><strong>Notariis</strong></span> <span class='ocrx_word' id='word_1_105' title='bbox 487 903 644 940; x_wconf 85' lang='lat' dir='ltr'><strong>Publicis,</strong></span> <span class='ocrx_word' id='word_1_106' title='bbox 661 903 907 943; x_wconf 87' lang='lat' dir='ltr'><strong>Coventrensis,</strong></span> <span class='ocrx_word' id='word_1_107' title='bbox 919 903 1192 942; x_wconf 80' lang='lat' dir='ltr'><strong>Lichefeldensis,</strong></span> <span class='ocrx_word' id='word_1_108' title='bbox 1204 906 1240 934; x_wconf 88' lang='lat' dir='ltr'><strong>et</strong></span> <span class='ocrx_word' id='word_1_109' title='bbox 1257 902 1399 933; x_wconf 88' lang='lat' dir='ltr'><strong>Eliensis</strong></span> <span class='ocrx_word' id='word_1_110' title='bbox 1414 912 1452 932; x_wconf 81' lang='lat' dir='ltr'><strong>ac</strong></span> <span class='ocrx_word' id='word_1_111' title='bbox 1467 900 1710 933; x_wconf 87' lang='lat' dir='ltr'><strong>Lincolniensis</strong></span> 
     </span>
     <span class='ocr_line' id='line_1_16' title="bbox 323 945 1710 987; baseline -0.002 -8"><span class='ocrx_word' id='word_1_112' title='bbox 323 947 524 986; x_wconf 71' lang='lat' dir='ltr'><strong>Dimesium,</strong></span> <span class='ocrx_word' id='word_1_113' title='bbox 540 950 577 977; x_wconf 90' lang='lat' dir='ltr'><strong>et</strong></span> <span class='ocrx_word' id='word_1_114' title='bbox 592 947 720 978; x_wconf 77' lang='lat' dir='ltr'><strong>&#39;l’home</strong></span> <span class='ocrx_word' id='word_1_115' title='bbox 735 947 777 978; x_wconf 88' lang='lat' dir='ltr'><strong>de</strong></span> <span class='ocrx_word' id='word_1_116' title='bbox 793 947 958 986; x_wconf 89' lang='lat' dir='ltr'><strong>Waltone,</strong></span> <span class='ocrx_word' id='word_1_117' title='bbox 982 947 1070 978; x_wconf 86' lang='lat' dir='ltr'><strong>dicte</strong></span> <span class='ocrx_word' id='word_1_118' title='bbox 1095 946 1196 979; x_wconf 76' lang='lat' dir='ltr'><strong>Cui-ie</strong></span> <span class='ocrx_word' id='word_1_119' title='bbox 1212 946 1414 987; x_wconf 83' lang='lat' dir='ltr'><strong>Apparitori,</strong></span> <span class='ocrx_word' id='word_1_120' title='bbox 1431 945 1586 984; x_wconf 84' lang='lat' dir='ltr'><strong>salutem,</strong></span> <span class='ocrx_word' id='word_1_121' title='bbox 1603 948 1710 976; x_wconf 82' lang='lat' dir='ltr'><strong>etc.—</strong></span> 
     </span>
     <span class='ocr_line' id='line_1_17' title="bbox 325 987 1710 1033; baseline -0.004 -10"><span class='ocrx_word' id='word_1_122' title='bbox 325 992 376 1023; x_wconf 86' lang='lat' dir='ltr'><strong>Ex</strong></span> <span class='ocrx_word' id='word_1_123' title='bbox 402 994 496 1033; x_wconf 84' lang='lat' dir='ltr'><strong>parte</strong></span> <span class='ocrx_word' id='word_1_124' title='bbox 526 990 768 1031; x_wconf 86' lang='lat' dir='ltr'><strong>Religiosorum</strong></span> <span class='ocrx_word' id='word_1_125' title='bbox 794 990 963 1030; x_wconf 85' lang='lat' dir='ltr'><strong>Virorum,</strong></span> <span class='ocrx_word' id='word_1_126' title='bbox 993 990 1135 1021; x_wconf 75' lang='lat' dir='ltr'><strong>Abbatis</strong></span> <span class='ocrx_word' id='word_1_127' title='bbox 1160 992 1196 1022; x_wconf 90' lang='lat' dir='ltr'><strong>et</strong></span> <span class='ocrx_word' id='word_1_128' title='bbox 1222 990 1419 1022; x_wconf 79' lang='lat' dir='ltr'><strong>Conventus</strong></span> <span class='ocrx_word' id='word_1_129' title='bbox 1447 988 1641 1020; x_wconf 83' lang='lat' dir='ltr'><strong>Monasterii</strong></span> <span class='ocrx_word' id='word_1_130' title='bbox 1668 987 1710 1019; x_wconf 91' lang='lat' dir='ltr'><strong>de</strong></span> 
     </span>
     <span class='ocr_line' id='line_1_18' title="bbox 324 1031 1710 1075; baseline -0.004 -8"><span class='ocrx_word' id='word_1_131' title='bbox 324 1034 526 1073; x_wconf 68' lang='lat' dir='ltr'><strong>Lineshulle,</strong></span> <span class='ocrx_word' id='word_1_132' title='bbox 551 1034 687 1066; x_wconf 82' lang='lat' dir='ltr'><strong>Ordinis</strong></span> <span class='ocrx_word' id='word_1_133' title='bbox 710 1034 826 1066; x_wconf 84' lang='lat' dir='ltr'><strong>Sancti</strong></span> <span class='ocrx_word' id='word_1_134' title='bbox 847 1034 1040 1075; x_wconf 88' lang='lat' dir='ltr'><strong>Augustini,</strong></span> <span class='ocrx_word' id='word_1_135' title='bbox 1062 1034 1157 1065; x_wconf 89' lang='lat' dir='ltr'><strong>nobis</strong></span> <span class='ocrx_word' id='word_1_136' title='bbox 1180 1034 1297 1065; x_wconf 84' lang='lat' dir='ltr'><strong>extitit</strong></span> <span class='ocrx_word' id='word_1_137' title='bbox 1318 1033 1516 1064; x_wconf 78' lang='lat' dir='ltr'><strong>intimatum</strong></span> <span class='ocrx_word' id='word_1_138' title='bbox 1540 1031 1631 1073; x_wconf 83' lang='lat' dir='ltr'><strong>quod</strong></span> <span class='ocrx_word' id='word_1_139' title='bbox 1647 1031 1710 1063; x_wconf 85' lang='lat' dir='ltr'><strong>Re-</strong></span> 
     </span>
     <span class='ocr_line' id='line_1_19' title="bbox 322 1075 1710 1119; baseline -0.004 -8"><span class='ocrx_word' id='word_1_140' title='bbox 322 1079 499 1117; x_wconf 79' lang='lat' dir='ltr'><strong>verendus,</strong></span> <span class='ocrx_word' id='word_1_141' title='bbox 515 1081 590 1116; x_wconf 67' lang='lat' dir='ltr'><strong>etc„</strong></span> <span class='ocrx_word' id='word_1_142' title='bbox 606 1078 761 1118; x_wconf 77' lang='lat' dir='ltr'><strong>Thomas,</strong></span> <span class='ocrx_word' id='word_1_143' title='bbox 777 1081 851 1117; x_wconf 75' lang='lat' dir='ltr'><strong>etc,</strong></span> <span class='ocrx_word' id='word_1_144' title='bbox 866 1078 1010 1110; x_wconf 81' lang='lat' dir='ltr'><strong>asseruit</strong></span> <span class='ocrx_word' id='word_1_145' title='bbox 1024 1080 1126 1119; x_wconf 88' lang='lat' dir='ltr'><strong>prout</strong></span> <span class='ocrx_word' id='word_1_146' title='bbox 1148 1077 1212 1108; x_wconf 86' lang='lat' dir='ltr'><strong>sibi</strong></span> <span class='ocrx_word' id='word_1_147' title='bbox 1233 1077 1361 1118; x_wconf 89' lang='lat' dir='ltr'><strong>placuit</strong></span> <span class='ocrx_word' id='word_1_148' title='bbox 1375 1080 1410 1108; x_wconf 90' lang='lat' dir='ltr'><strong>et</strong></span> <span class='ocrx_word' id='word_1_149' title='bbox 1426 1076 1648 1115; x_wconf 85' lang='lat' dir='ltr'><strong>pretendebat</strong></span> <span class='ocrx_word' id='word_1_150' title='bbox 1662 1075 1710 1115; x_wconf 89' lang='lat' dir='ltr'><strong>ip-</strong></span> 
     </span>
     <span class='ocr_line' id='line_1_20' title="bbox 327 1119 1710 1163; baseline -0.002 -10"><span class='ocrx_word' id='word_1_151' title='bbox 327 1133 382 1154; x_wconf 83' lang='lat' dir='ltr'><strong>sos</strong></span> <span class='ocrx_word' id='word_1_152' title='bbox 406 1121 588 1162; x_wconf 80' lang='lat' dir='ltr'><strong>Religiosos</strong></span> <span class='ocrx_word' id='word_1_153' title='bbox 602 1121 700 1153; x_wconf 88' lang='lat' dir='ltr'><strong>Viros</strong></span> <span class='ocrx_word' id='word_1_154' title='bbox 717 1122 933 1163; x_wconf 85' lang='lat' dir='ltr'><strong>quamplures</strong></span> <span class='ocrx_word' id='word_1_155' title='bbox 956 1122 1108 1153; x_wconf 87' lang='lat' dir='ltr'><strong>defectus</strong></span> <span class='ocrx_word' id='word_1_156' title='bbox 1130 1122 1165 1152; x_wconf 93' lang='lat' dir='ltr'><strong>in</strong></span> <span class='ocrx_word' id='word_1_157' title='bbox 1190 1121 1355 1161; x_wconf 86' lang='lat' dir='ltr'><strong>Cancello,</strong></span> <span class='ocrx_word' id='word_1_158' title='bbox 1373 1120 1492 1159; x_wconf 85' lang='lat' dir='ltr'><strong>Libris,</strong></span> <span class='ocrx_word' id='word_1_159' title='bbox 1509 1123 1546 1151; x_wconf 88' lang='lat' dir='ltr'><strong>et</strong></span> <span class='ocrx_word' id='word_1_160' title='bbox 1560 1119 1634 1151; x_wconf 88' lang='lat' dir='ltr'><strong>aliis</strong></span> <span class='ocrx_word' id='word_1_161' title='bbox 1650 1119 1710 1151; x_wconf 89' lang='lat' dir='ltr'><strong>Or-</strong></span> 
     </span>
     <span class='ocr_line' id='line_1_21' title="bbox 323 1163 1710 1205; baseline -0.002 -8"><span class='ocrx_word' id='word_1_162' title='bbox 323 1165 492 1198; x_wconf 80' lang='lat' dir='ltr'><strong>namentis</strong></span> <span class='ocrx_word' id='word_1_163' title='bbox 508 1165 654 1196; x_wconf 89' lang='lat' dir='ltr'><strong>Ecclesie</strong></span> <span class='ocrx_word' id='word_1_164' title='bbox 669 1166 712 1197; x_wconf 92' lang='lat' dir='ltr'><strong>de</strong></span> <span class='ocrx_word' id='word_1_165' title='bbox 726 1165 999 1205; x_wconf 83' lang='lat' dir='ltr'><strong>Northmoltone,</strong></span> <span class='ocrx_word' id='word_1_166' title='bbox 1015 1176 1053 1197; x_wconf 86' lang='lat' dir='ltr'><strong>ac</strong></span> <span class='ocrx_word' id='word_1_167' title='bbox 1067 1165 1102 1197; x_wconf 91' lang='lat' dir='ltr'><strong>in</strong></span> <span class='ocrx_word' id='word_1_168' title='bbox 1119 1165 1297 1204; x_wconf 89' lang='lat' dir='ltr'><strong>domubus‚</strong></span> <span class='ocrx_word' id='word_1_169' title='bbox 1314 1164 1438 1196; x_wconf 84' lang='lat' dir='ltr'><strong>mansis</strong></span> <span class='ocrx_word' id='word_1_170' title='bbox 1454 1164 1607 1196; x_wconf 84' lang='lat' dir='ltr'><strong>Rectorie</strong></span> <span class='ocrx_word' id='word_1_171' title='bbox 1622 1163 1710 1204; x_wconf 86' lang='lat' dir='ltr'><strong>ejus-</strong></span> 
     </span>
     <span class='ocr_line' id='line_1_22' title="bbox 325 1207 1710 1249; baseline -0.003 -7"><span class='ocrx_word' id='word_1_172' title='bbox 325 1212 413 1249; x_wconf 92' lang='lat' dir='ltr'><strong>dem,</strong></span> <span class='ocrx_word' id='word_1_173' title='bbox 430 1209 547 1248; x_wconf 86' lang='lat' dir='ltr'><strong>muris,</strong></span> <span class='ocrx_word' id='word_1_174' title='bbox 564 1209 738 1248; x_wconf 85' lang='lat' dir='ltr'><strong>clausuris,</strong></span> <span class='ocrx_word' id='word_1_175' title='bbox 757 1212 792 1240; x_wconf 88' lang='lat' dir='ltr'><strong>et</strong></span> <span class='ocrx_word' id='word_1_176' title='bbox 807 1209 879 1240; x_wconf 86' lang='lat' dir='ltr'><strong>aliis</strong></span> <span class='ocrx_word' id='word_1_177' title='bbox 894 1209 974 1241; x_wconf 89' lang='lat' dir='ltr'><strong>locis</strong></span> <span class='ocrx_word' id='word_1_178' title='bbox 997 1209 1137 1241; x_wconf 84' lang='lat' dir='ltr'><strong>diversis</strong></span> <span class='ocrx_word' id='word_1_179' title='bbox 1152 1210 1194 1240; x_wconf 89' lang='lat' dir='ltr'><strong>ad</strong></span> <span class='ocrx_word' id='word_1_180' title='bbox 1211 1209 1337 1240; x_wconf 90' lang='lat' dir='ltr'><strong>dictam</strong></span> <span class='ocrx_word' id='word_1_181' title='bbox 1361 1207 1544 1240; x_wconf 81' lang='lat' dir='ltr'><strong>Ecclesiam</strong></span> <span class='ocrx_word' id='word_1_182' title='bbox 1559 1212 1710 1248; x_wconf 88' lang='lat' dir='ltr'><strong>spectan-</strong></span> 
     </span>
     <span class='ocr_line' id='line_1_23' title="bbox 328 1250 1711 1294; baseline -0.002 -9"><span class='ocrx_word' id='word_1_183' title='bbox 328 1255 428 1291; x_wconf 83' lang='lat' dir='ltr'><strong>tibus,</strong></span> <span class='ocrx_word' id='word_1_184' title='bbox 444 1253 655 1293; x_wconf 73' lang='lat' dir='ltr'><strong>repar-acione</strong></span> <span class='ocrx_word' id='word_1_185' title='bbox 670 1253 901 1293; x_wconf 80' lang='lat' dir='ltr'><strong>indigentibus</strong></span> <span class='ocrx_word' id='word_1_186' title='bbox 918 1256 953 1284; x_wconf 88' lang='lat' dir='ltr'><strong>et</strong></span> <span class='ocrx_word' id='word_1_187' title='bbox 968 1253 1107 1284; x_wconf 92' lang='lat' dir='ltr'><strong>minime</strong></span> <span class='ocrx_word' id='word_1_188' title='bbox 1124 1253 1294 1294; x_wconf 83' lang='lat' dir='ltr'><strong>reparatis,</strong></span> <span class='ocrx_word' id='word_1_189' title='bbox 1311 1252 1476 1284; x_wconf 87' lang='lat' dir='ltr'><strong>dimisisse</strong></span> <span class='ocrx_word' id='word_1_190' title='bbox 1492 1262 1501 1291; x_wconf 92' lang='lat'>;</span> <span class='ocrx_word' id='word_1_191' title='bbox 1524 1262 1625 1292; x_wconf 90' lang='lat' dir='ltr'><strong>super</strong></span> <span class='ocrx_word' id='word_1_192' title='bbox 1647 1250 1711 1282; x_wconf 90' lang='lat' dir='ltr'><strong>hu-</strong></span> 
     </span>
     <span class='ocr_line' id='line_1_24' title="bbox 324 1295 1710 1339; baseline -0.001 -12"><span class='ocrx_word' id='word_1_193' title='bbox 324 1296 474 1339; x_wconf 83' lang='lat' dir='ltr'><strong>jusmodi</strong></span> <span class='ocrx_word' id='word_1_194' title='bbox 488 1296 688 1328; x_wconf 76' lang='lat' dir='ltr'><strong>defectubus</strong></span> <span class='ocrx_word' id='word_1_195' title='bbox 704 1297 818 1328; x_wconf 89' lang='lat' dir='ltr'><strong>debite</strong></span> <span class='ocrx_word' id='word_1_196' title='bbox 833 1296 1033 1338; x_wconf 88' lang='lat' dir='ltr'><strong>inquisitum</strong></span> <span class='ocrx_word' id='word_1_197' title='bbox 1049 1297 1172 1335; x_wconf 78' lang='lat' dir='ltr'><strong>fuisse;</strong></span> <span class='ocrx_word' id='word_1_198' title='bbox 1195 1307 1232 1328; x_wconf 87' lang='lat' dir='ltr'><strong>ac</strong></span> <span class='ocrx_word' id='word_1_199' title='bbox 1246 1296 1397 1337; x_wconf 86' lang='lat' dir='ltr'><strong>ipsorum</strong></span> <span class='ocrx_word' id='word_1_200' title='bbox 1420 1295 1616 1326; x_wconf 82' lang='lat' dir='ltr'><strong>defectuum</strong></span> <span class='ocrx_word' id='word_1_201' title='bbox 1639 1305 1710 1326; x_wconf 91' lang='lat' dir='ltr'><strong>cor-</strong></span> 
     </span>
     <span class='ocr_line' id='line_1_25' title="bbox 325 1338 1710 1382; baseline -0.002 -9"><span class='ocrx_word' id='word_1_202' title='bbox 325 1341 510 1373; x_wconf 87' lang='lat' dir='ltr'><strong>reccionem</strong></span> <span class='ocrx_word' id='word_1_203' title='bbox 526 1342 562 1372; x_wconf 90' lang='lat' dir='ltr'><strong>et</strong></span> <span class='ocrx_word' id='word_1_204' title='bbox 577 1340 822 1381; x_wconf 84' lang='lat' dir='ltr'><strong>reparacionem</strong></span> <span class='ocrx_word' id='word_1_205' title='bbox 839 1341 881 1372; x_wconf 87' lang='lat' dir='ltr'><strong>ad</strong></span> <span class='ocrx_word' id='word_1_206' title='bbox 897 1341 986 1382; x_wconf 89' lang='lat' dir='ltr'><strong>ipsos</strong></span> <span class='ocrx_word' id='word_1_207' title='bbox 1010 1340 1192 1381; x_wconf 86' lang='lat' dir='ltr'><strong>Religiosos</strong></span> <span class='ocrx_word' id='word_1_208' title='bbox 1206 1340 1304 1372; x_wconf 91' lang='lat' dir='ltr'><strong>Viros</strong></span> <span class='ocrx_word' id='word_1_209' title='bbox 1320 1339 1530 1381; x_wconf 71' lang='lat' dir='ltr'><strong>pertinuisse,</strong></span> <span class='ocrx_word' id='word_1_210' title='bbox 1554 1342 1590 1370; x_wconf 89' lang='lat' dir='ltr'><strong>et</strong></span> <span class='ocrx_word' id='word_1_211' title='bbox 1607 1338 1710 1380; x_wconf 92' lang='lat' dir='ltr'><strong>perti-</strong></span> 
     </span>
     <span class='ocr_line' id='line_1_26' title="bbox 325 1383 1713 1424; baseline -0.001 -8"><span class='ocrx_word' id='word_1_212' title='bbox 325 1395 404 1416; x_wconf 87' lang='lat' dir='ltr'><strong>nere</strong></span> <span class='ocrx_word' id='word_1_213' title='bbox 427 1384 573 1422; x_wconf 81' lang='lat' dir='ltr'><strong>debere3</strong></span> <span class='ocrx_word' id='word_1_214' title='bbox 600 1394 678 1415; x_wconf 89' lang='lat' dir='ltr'><strong>cum</strong></span> <span class='ocrx_word' id='word_1_215' title='bbox 701 1384 834 1415; x_wconf 92' lang='lat' dir='ltr'><strong>nullum</strong></span> <span class='ocrx_word' id='word_1_216' title='bbox 856 1384 976 1415; x_wconf 88' lang='lat' dir='ltr'><strong>horum</strong></span> <span class='ocrx_word' id='word_1_217' title='bbox 999 1384 1171 1416; x_wconf 86' lang='lat' dir='ltr'><strong>notorium</strong></span> <span class='ocrx_word' id='word_1_218' title='bbox 1193 1383 1315 1423; x_wconf 80' lang='lat' dir='ltr'><strong>fuerat,</strong></span> <span class='ocrx_word' id='word_1_219' title='bbox 1339 1383 1430 1415; x_wconf 82' lang='lat' dir='ltr'><strong>salva</strong></span> <span class='ocrx_word' id='word_1_220' title='bbox 1453 1383 1559 1424; x_wconf 90' lang='lat' dir='ltr'><strong>ipsius</strong></span> <span class='ocrx_word' id='word_1_221' title='bbox 1581 1392 1713 1424; x_wconf 84' lang='lat' dir='ltr'><strong>semper</strong></span> 
     </span>
     <span class='ocr_line' id='line_1_27' title="bbox 324 1426 1713 1469; baseline -0.002 -9"><span class='ocrx_word' id='word_1_222' title='bbox 324 1427 523 1465; x_wconf 72' lang='lat' dir='ltr'><strong>reverencia,</strong></span> <span class='ocrx_word' id='word_1_223' title='bbox 547 1438 656 1468; x_wconf 90' lang='lat' dir='ltr'><strong>neque</strong></span> <span class='ocrx_word' id='word_1_224' title='bbox 678 1438 805 1465; x_wconf 85' lang='lat' dir='ltr'><strong>verum,</strong></span> <span class='ocrx_word' id='word_1_225' title='bbox 828 1428 967 1469; x_wconf 83' lang='lat' dir='ltr'><strong>ipsaque</strong></span> <span class='ocrx_word' id='word_1_226' title='bbox 991 1430 1147 1468; x_wconf 88' lang='lat' dir='ltr'><strong>pretensa</strong></span> <span class='ocrx_word' id='word_1_227' title='bbox 1170 1427 1360 1469; x_wconf 89' lang='lat' dir='ltr'><strong>Inquisicio,</strong></span> <span class='ocrx_word' id='word_1_228' title='bbox 1385 1427 1413 1458; x_wconf 91' lang='lat' dir='ltr'><strong>si</strong></span> <span class='ocrx_word' id='word_1_229' title='bbox 1435 1437 1502 1468; x_wconf 88' lang='lat' dir='ltr'><strong>qna</strong></span> <span class='ocrx_word' id='word_1_230' title='bbox 1533 1427 1609 1466; x_wconf 85' lang='lat' dir='ltr'><strong>fuit,</strong></span> <span class='ocrx_word' id='word_1_231' title='bbox 1632 1426 1713 1467; x_wconf 88' lang='lat' dir='ltr'><strong>ipsis</strong></span> 
     </span>
     <span class='ocr_line' id='line_1_28' title="bbox 325 1470 1712 1512; baseline -0.003 -8"><span class='ocrx_word' id='word_1_232' title='bbox 325 1471 501 1512; x_wconf 83' lang='lat' dir='ltr'><strong>Religiosis</strong></span> <span class='ocrx_word' id='word_1_233' title='bbox 518 1471 606 1502; x_wconf 89' lang='lat' dir='ltr'><strong>Viris</strong></span> <span class='ocrx_word' id='word_1_234' title='bbox 620 1481 687 1502; x_wconf 90' lang='lat' dir='ltr'><strong>non</strong></span> <span class='ocrx_word' id='word_1_235' title='bbox 702 1471 828 1502; x_wconf 79' lang='lat' dir='ltr'><strong>vocatis</strong></span> <span class='ocrx_word' id='word_1_236' title='bbox 844 1482 904 1503; x_wconf 89' lang='lat' dir='ltr'><strong>nec</strong></span> <span class='ocrx_word' id='word_1_237' title='bbox 927 1472 1076 1512; x_wconf 79' lang='lat' dir='ltr'><strong>legitime</strong></span> <span class='ocrx_word' id='word_1_238' title='bbox 1091 1471 1302 1512; x_wconf 84' lang='lat' dir='ltr'><strong>premunitis,</strong></span> <span class='ocrx_word' id='word_1_239' title='bbox 1318 1471 1404 1512; x_wconf 88' lang='lat' dir='ltr'><strong>juris</strong></span> <span class='ocrx_word' id='word_1_240' title='bbox 1419 1471 1536 1501; x_wconf 84' lang='lat' dir='ltr'><strong>ordine</strong></span> <span class='ocrx_word' id='word_1_241' title='bbox 1552 1474 1587 1501; x_wconf 88' lang='lat' dir='ltr'><strong>et</strong></span> <span class='ocrx_word' id='word_1_242' title='bbox 1603 1470 1712 1503; x_wconf 83' lang='lat' dir='ltr'><strong>Cause</strong></span> 
     </span>
     <span class='ocr_line' id='line_1_29' title="bbox 324 1514 1710 1556; baseline -0.002 -8"><span class='ocrx_word' id='word_1_243' title='bbox 324 1515 515 1556; x_wconf 87' lang='lat' dir='ltr'><strong>cognicione</strong></span> <span class='ocrx_word' id='word_1_244' title='bbox 530 1515 563 1545; x_wconf 90' lang='lat' dir='ltr'><strong>in</strong></span> <span class='ocrx_word' id='word_1_245' title='bbox 581 1525 619 1546; x_wconf 85' lang='lat' dir='ltr'><strong>ea</strong></span> <span class='ocrx_word' id='word_1_246' title='bbox 634 1518 729 1556; x_wconf 84' lang='lat' dir='ltr'><strong>parte</strong></span> <span class='ocrx_word' id='word_1_247' title='bbox 741 1515 784 1546; x_wconf 92' lang='lat' dir='ltr'><strong>de</strong></span> <span class='ocrx_word' id='word_1_248' title='bbox 791 1514 867 1555; x_wconf 85' lang='lat' dir='ltr'><strong>jure</strong></span> <span class='ocrx_word' id='word_1_249' title='bbox 880 1515 1050 1556; x_wconf 88' lang='lat' dir='ltr'><strong>requisitis</strong></span> <span class='ocrx_word' id='word_1_250' title='bbox 1063 1516 1199 1556; x_wconf 86' lang='lat' dir='ltr'><strong>penitus</strong></span> <span class='ocrx_word' id='word_1_251' title='bbox 1215 1515 1447 1556; x_wconf 82' lang='lat' dir='ltr'><strong>pretermissis,</strong></span> <span class='ocrx_word' id='word_1_252' title='bbox 1466 1525 1525 1555; x_wconf 89' lang='lat' dir='ltr'><strong>per</strong></span> <span class='ocrx_word' id='word_1_253' title='bbox 1541 1515 1628 1545; x_wconf 83' lang='lat' dir='ltr'><strong>viros</strong></span> <span class='ocrx_word' id='word_1_254' title='bbox 1644 1514 1710 1545; x_wconf 89' lang='lat' dir='ltr'><strong>dic-</strong></span> 
     </span>
     <span class='ocr_line' id='line_1_30' title="bbox 324 1558 1712 1600; baseline -0.002 -9"><span class='ocrx_word' id='word_1_255' title='bbox 324 1560 369 1591; x_wconf 86' lang='lat' dir='ltr'><strong>tis</strong></span> <span class='ocrx_word' id='word_1_256' title='bbox 387 1558 559 1598; x_wconf 78' lang='lat' dir='ltr'><strong>Religiosis</strong></span> <span class='ocrx_word' id='word_1_257' title='bbox 574 1558 663 1590; x_wconf 90' lang='lat' dir='ltr'><strong>Viris</strong></span> <span class='ocrx_word' id='word_1_258' title='bbox 679 1563 864 1599; x_wconf 86' lang='lat' dir='ltr'><strong>suspectos,</strong></span> <span class='ocrx_word' id='word_1_259' title='bbox 889 1559 1067 1590; x_wconf 88' lang='lat' dir='ltr'><strong>veritatem</strong></span> <span class='ocrx_word' id='word_1_260' title='bbox 1091 1559 1125 1590; x_wconf 90' lang='lat' dir='ltr'><strong>in</strong></span> <span class='ocrx_word' id='word_1_261' title='bbox 1148 1569 1187 1590; x_wconf 89' lang='lat' dir='ltr'><strong>ea</strong></span> <span class='ocrx_word' id='word_1_262' title='bbox 1210 1563 1304 1600; x_wconf 84' lang='lat' dir='ltr'><strong>parte</strong></span> <span class='ocrx_word' id='word_1_263' title='bbox 1329 1562 1389 1590; x_wconf 85' lang='lat' dir='ltr'><strong>aut</strong></span> <span class='ocrx_word' id='word_1_264' title='bbox 1412 1564 1538 1589; x_wconf 84' lang='lat' dir='ltr'><strong>certam</strong></span> <span class='ocrx_word' id='word_1_265' title='bbox 1554 1558 1712 1589; x_wconf 74' lang='lat' dir='ltr'><strong>noticiam</strong></span> 
     </span>
     <span class='ocr_line' id='line_1_31' title="bbox 326 1602 1710 1644; baseline -0.002 -9"><span class='ocrx_word' id='word_1_266' title='bbox 326 1613 393 1635; x_wconf 89' lang='lat' dir='ltr'><strong>non</strong></span> <span class='ocrx_word' id='word_1_267' title='bbox 410 1602 582 1642; x_wconf 73' lang='lat' dir='ltr'><strong>habentes,</strong></span> <span class='ocrx_word' id='word_1_268' title='bbox 600 1603 635 1633; x_wconf 91' lang='lat' dir='ltr'><strong>in</strong></span> <span class='ocrx_word' id='word_1_269' title='bbox 651 1602 758 1633; x_wconf 79' lang='lat' dir='ltr'><strong>forma</strong></span> <span class='ocrx_word' id='word_1_270' title='bbox 773 1602 858 1643; x_wconf 85' lang='lat' dir='ltr'><strong>juris</strong></span> <span class='ocrx_word' id='word_1_271' title='bbox 874 1602 1068 1634; x_wconf 86' lang='lat' dir='ltr'><strong>nullatenus</strong></span> <span class='ocrx_word' id='word_1_272' title='bbox 1090 1602 1233 1644; x_wconf 82' lang='lat' dir='ltr'><strong>juratos,</strong></span> <span class='ocrx_word' id='word_1_273' title='bbox 1252 1613 1312 1633; x_wconf 91' lang='lat' dir='ltr'><strong>nec</strong></span> <span class='ocrx_word' id='word_1_274' title='bbox 1326 1602 1475 1643; x_wconf 83' lang='lat' dir='ltr'><strong>legitime</strong></span> <span class='ocrx_word' id='word_1_275' title='bbox 1491 1602 1710 1640; x_wconf 84' lang='lat' dir='ltr'><strong>examinatos,</strong></span> 
     </span>
     <span class='ocr_line' id='line_1_32' title="bbox 325 1645 1714 1687; baseline -0.002 -8"><span class='ocrx_word' id='word_1_276' title='bbox 325 1647 368 1679; x_wconf 90' lang='lat' dir='ltr'><strong>ad</strong></span> <span class='ocrx_word' id='word_1_277' title='bbox 390 1645 590 1677; x_wconf 82' lang='lat' dir='ltr'><strong>instanciam</strong></span> <span class='ocrx_word' id='word_1_278' title='bbox 611 1649 648 1677; x_wconf 90' lang='lat' dir='ltr'><strong>et</strong></span> <span class='ocrx_word' id='word_1_279' title='bbox 670 1646 937 1687; x_wconf 84' lang='lat' dir='ltr'><strong>procuracionem</strong></span> <span class='ocrx_word' id='word_1_280' title='bbox 964 1645 1100 1677; x_wconf 90' lang='lat' dir='ltr'><strong>Domini</strong></span> <span class='ocrx_word' id='word_1_281' title='bbox 1125 1646 1265 1678; x_wconf 87' lang='lat' dir='ltr'><strong>Walteri</strong></span> <span class='ocrx_word' id='word_1_282' title='bbox 1287 1646 1431 1687; x_wconf 82' lang='lat' dir='ltr'><strong>Almaly,</strong></span> <span class='ocrx_word' id='word_1_283' title='bbox 1455 1645 1545 1677; x_wconf 92' lang='lat' dir='ltr'><strong>dicte</strong></span> <span class='ocrx_word' id='word_1_284' title='bbox 1568 1645 1714 1677; x_wconf 86' lang='lat' dir='ltr'><strong>Ecclesie</strong></span> 
     </span>
     <span class='ocr_line' id='line_1_33' title="bbox 326 1689 1712 1731; baseline -0.001 -10"><span class='ocrx_word' id='word_1_285' title='bbox 326 1691 504 1722; x_wconf 84' lang='lat' dir='ltr'><strong>Rectorem</strong></span> <span class='ocrx_word' id='word_1_286' title='bbox 520 1700 554 1720; x_wconf 87' lang='lat' dir='ltr'><strong>se</strong></span> <span class='ocrx_word' id='word_1_287' title='bbox 571 1689 812 1730; x_wconf 77' lang='lat' dir='ltr'><strong>pretendentis,</strong></span> <span class='ocrx_word' id='word_1_288' title='bbox 829 1690 969 1721; x_wconf 90' lang='lat' dir='ltr'><strong>subdole</strong></span> <span class='ocrx_word' id='word_1_289' title='bbox 985 1692 1019 1721; x_wconf 87' lang='lat' dir='ltr'><strong>et</strong></span> <span class='ocrx_word' id='word_1_290' title='bbox 1035 1690 1173 1731; x_wconf 88' lang='lat' dir='ltr'><strong>injuste,</strong></span> <span class='ocrx_word' id='word_1_291' title='bbox 1189 1689 1397 1721; x_wconf 85' lang='lat' dir='ltr'><strong>clandestine</strong></span> <span class='ocrx_word' id='word_1_292' title='bbox 1412 1693 1448 1720; x_wconf 91' lang='lat' dir='ltr'><strong>et</strong></span> <span class='ocrx_word' id='word_1_293' title='bbox 1464 1689 1576 1720; x_wconf 91' lang='lat' dir='ltr'><strong>minus</strong></span> <span class='ocrx_word' id='word_1_294' title='bbox 1589 1689 1712 1729; x_wconf 88' lang='lat' dir='ltr'><strong>debite,</strong></span> 
     </span>
     <span class='ocr_line' id='line_1_34' title="bbox 326 1733 1713 1775; baseline -0.001 -9"><span class='ocrx_word' id='word_1_295' title='bbox 326 1734 414 1766; x_wconf 82' lang='lat' dir='ltr'><strong>facta</strong></span> <span class='ocrx_word' id='word_1_296' title='bbox 429 1733 542 1764; x_wconf 78' lang='lat' dir='ltr'><strong>fuerat</strong></span> <span class='ocrx_word' id='word_1_297' title='bbox 558 1737 594 1764; x_wconf 91' lang='lat' dir='ltr'><strong>et</strong></span> <span class='ocrx_word' id='word_1_298' title='bbox 608 1737 707 1773; x_wconf 88' lang='lat' dir='ltr'><strong>capta</strong></span> <span class='ocrx_word' id='word_1_299' title='bbox 723 1743 731 1772; x_wconf 85' lang='lat'>;</span> <span class='ocrx_word' id='word_1_300' title='bbox 754 1734 934 1775; x_wconf 87' lang='lat' dir='ltr'><strong>dictusque</strong></span> <span class='ocrx_word' id='word_1_301' title='bbox 950 1733 1165 1765; x_wconf 90' lang='lat' dir='ltr'><strong>Reverendus</strong></span> <span class='ocrx_word' id='word_1_302' title='bbox 1191 1734 1290 1765; x_wconf 82' lang='lat' dir='ltr'><strong>Pater</strong></span> <span class='ocrx_word' id='word_1_303' title='bbox 1312 1733 1401 1774; x_wconf 89' lang='lat' dir='ltr'><strong>ipsos</strong></span> <span class='ocrx_word' id='word_1_304' title='bbox 1417 1733 1601 1774; x_wconf 88' lang='lat' dir='ltr'><strong>Religiosos</strong></span> <span class='ocrx_word' id='word_1_305' title='bbox 1617 1733 1713 1764; x_wconf 87' lang='lat' dir='ltr'><strong>Viros</strong></span> 
     </span>
     <span class='ocr_line' id='line_1_35' title="bbox 325 1777 1712 1818; baseline -0.001 -9"><span class='ocrx_word' id='word_1_306' title='bbox 325 1778 370 1809; x_wconf 80' lang='lat' dir='ltr'><strong>ad</strong></span> <span class='ocrx_word' id='word_1_307' title='bbox 384 1777 567 1809; x_wconf 86' lang='lat' dir='ltr'><strong>terminum</strong></span> <span class='ocrx_word' id='word_1_308' title='bbox 584 1777 684 1808; x_wconf 91' lang='lat' dir='ltr'><strong>nimis</strong></span> <span class='ocrx_word' id='word_1_309' title='bbox 699 1777 835 1808; x_wconf 90' lang='lat' dir='ltr'><strong>brevem</strong></span> <span class='ocrx_word' id='word_1_310' title='bbox 857 1780 891 1808; x_wconf 80' lang='lat' dir='ltr'><strong>et</strong></span> <span class='ocrx_word' id='word_1_311' title='bbox 915 1779 1190 1818; x_wconf 85' lang='lat' dir='ltr'><strong>peremptorium,</strong></span> <span class='ocrx_word' id='word_1_312' title='bbox 1214 1781 1250 1808; x_wconf 91' lang='lat' dir='ltr'><strong>et</strong></span> <span class='ocrx_word' id='word_1_313' title='bbox 1271 1777 1383 1808; x_wconf 87' lang='lat' dir='ltr'><strong>locum</strong></span> <span class='ocrx_word' id='word_1_314' title='bbox 1406 1777 1506 1808; x_wconf 88' lang='lat' dir='ltr'><strong>nimis</strong></span> <span class='ocrx_word' id='word_1_315' title='bbox 1528 1777 1712 1808; x_wconf 87' lang='lat' dir='ltr'><strong>distantem</strong></span> 
     </span>
     <span class='ocr_line' id='line_1_36' title="bbox 326 1820 1712 1862; baseline -0.001 -10"><span class='ocrx_word' id='word_1_316' title='bbox 326 1825 363 1853; x_wconf 91' lang='lat' dir='ltr'><strong>et</strong></span> <span class='ocrx_word' id='word_1_317' title='bbox 377 1825 555 1860; x_wconf 81' lang='lat' dir='ltr'><strong>remotum,</strong></span> <span class='ocrx_word' id='word_1_318' title='bbox 571 1831 611 1852; x_wconf 86' lang='lat' dir='ltr'><strong>ac</strong></span> <span class='ocrx_word' id='word_1_319' title='bbox 625 1820 706 1861; x_wconf 87' lang='lat' dir='ltr'><strong>ipsis</strong></span> <span class='ocrx_word' id='word_1_320' title='bbox 723 1821 854 1851; x_wconf 89' lang='lat' dir='ltr'><strong>notorie</strong></span> <span class='ocrx_word' id='word_1_321' title='bbox 870 1821 982 1852; x_wconf 89' lang='lat' dir='ltr'><strong>minus</strong></span> <span class='ocrx_word' id='word_1_322' title='bbox 998 1824 1126 1861; x_wconf 88' lang='lat' dir='ltr'><strong>tutum,</strong></span> <span class='ocrx_word' id='word_1_323' title='bbox 1150 1821 1192 1852; x_wconf 81' lang='lat' dir='ltr'><strong>ad</strong></span> <span class='ocrx_word' id='word_1_324' title='bbox 1210 1831 1322 1862; x_wconf 89' lang='lat' dir='ltr'><strong>quem,</strong></span> <span class='ocrx_word' id='word_1_325' title='bbox 1338 1823 1478 1862; x_wconf 88' lang='lat' dir='ltr'><strong>propter</strong></span> <span class='ocrx_word' id='word_1_326' title='bbox 1500 1820 1712 1851; x_wconf 91' lang='lat' dir='ltr'><strong>inimicorum</strong></span> 
     </span>
     <span class='ocr_line' id='line_1_37' title="bbox 327 1864 1712 1906; baseline -0.001 -10"><span class='ocrx_word' id='word_1_327' title='bbox 327 1874 467 1897; x_wconf 87' lang='lat' dir='ltr'><strong>suorum</strong></span> <span class='ocrx_word' id='word_1_328' title='bbox 483 1864 629 1904; x_wconf 87' lang='lat' dir='ltr'><strong>insidias,</strong></span> <span class='ocrx_word' id='word_1_329' title='bbox 646 1867 746 1896; x_wconf 90' lang='lat' dir='ltr'><strong>tutus</strong></span> <span class='ocrx_word' id='word_1_330' title='bbox 762 1865 809 1896; x_wconf 90' lang='lat' dir='ltr'><strong>eis</strong></span> <span class='ocrx_word' id='word_1_331' title='bbox 824 1875 892 1895; x_wconf 87' lang='lat' dir='ltr'><strong>non</strong></span> <span class='ocrx_word' id='word_1_332' title='bbox 915 1865 1054 1906; x_wconf 82' lang='lat' dir='ltr'><strong>patebat</strong></span> <span class='ocrx_word' id='word_1_333' title='bbox 1076 1875 1137 1896; x_wconf 92' lang='lat' dir='ltr'><strong>nec</strong></span> <span class='ocrx_word' id='word_1_334' title='bbox 1159 1868 1255 1906; x_wconf 91' lang='lat' dir='ltr'><strong>patet</strong></span> <span class='ocrx_word' id='word_1_335' title='bbox 1277 1875 1438 1904; x_wconf 81' lang='lat' dir='ltr'><strong>accessus,</strong></span> <span class='ocrx_word' id='word_1_336' title='bbox 1454 1875 1557 1905; x_wconf 88' lang='lat' dir='ltr'><strong>super</strong></span> <span class='ocrx_word' id='word_1_337' title='bbox 1572 1864 1712 1905; x_wconf 83' lang='lat' dir='ltr'><strong>quibus-</strong></span> 
     </span>
     <span class='ocr_line' id='line_1_38' title="bbox 327 1907 1712 1949; baseline -0.001 -9"><span class='ocrx_word' id='word_1_338' title='bbox 327 1909 406 1940; x_wconf 88' lang='lat' dir='ltr'><strong>dam</strong></span> <span class='ocrx_word' id='word_1_339' title='bbox 422 1907 582 1945; x_wconf 85' lang='lat' dir='ltr'><strong>articulis,</strong></span> <span class='ocrx_word' id='word_1_340' title='bbox 599 1908 712 1939; x_wconf 90' lang='lat' dir='ltr'><strong>minus</strong></span> <span class='ocrx_word' id='word_1_341' title='bbox 728 1908 934 1940; x_wconf 87' lang='lat' dir='ltr'><strong>sufficienter</strong></span> <span class='ocrx_word' id='word_1_342' title='bbox 949 1909 1158 1949; x_wconf 84' lang='lat' dir='ltr'><strong>expressatis,</strong></span> <span class='ocrx_word' id='word_1_343' title='bbox 1176 1908 1372 1949; x_wconf 85' lang='lat' dir='ltr'><strong>premissam</strong></span> <span class='ocrx_word' id='word_1_344' title='bbox 1390 1909 1564 1939; x_wconf 83' lang='lat' dir='ltr'><strong>materiam</strong></span> <span class='ocrx_word' id='word_1_345' title='bbox 1581 1918 1712 1939; x_wconf 88' lang='lat' dir='ltr'><strong>concer-</strong></span> 
     </span>
     <span class='ocr_line' id='line_1_39' title="bbox 327 1951 1712 1993; baseline -0.001 -9"><span class='ocrx_word' id='word_1_346' title='bbox 327 1952 500 1991; x_wconf 85' lang='lat' dir='ltr'><strong>nentibus,</strong></span> <span class='ocrx_word' id='word_1_347' title='bbox 524 1962 763 1992; x_wconf 81' lang='lat' dir='ltr'><strong>responsuros3</strong></span> <span class='ocrx_word' id='word_1_348' title='bbox 794 1952 888 1983; x_wconf 86' lang='lat' dir='ltr'><strong>nulla</strong></span> <span class='ocrx_word' id='word_1_349' title='bbox 909 1952 1106 1993; x_wconf 80' lang='lat' dir='ltr'><strong>hujusmodi</strong></span> <span class='ocrx_word' id='word_1_350' title='bbox 1129 1952 1267 1984; x_wconf 85' lang='lat' dir='ltr'><strong>termini</strong></span> <span class='ocrx_word' id='word_1_351' title='bbox 1293 1951 1552 1982; x_wconf 85' lang='lat' dir='ltr'><strong>abbreviacionis</strong></span> <span class='ocrx_word' id='word_1_352' title='bbox 1575 1955 1636 1983; x_wconf 81' lang='lat' dir='ltr'><strong>aut</strong></span> <span class='ocrx_word' id='word_1_353' title='bbox 1659 1962 1712 1992; x_wconf 91' lang='lat' dir='ltr'><strong>pe-</strong></span> 
     </span>
     <span class='ocr_line' id='line_1_40' title="bbox 327 1995 1713 2037; baseline -0.001 -10"><span class='ocrx_word' id='word_1_354' title='bbox 327 1995 508 2037; x_wconf 83' lang='lat' dir='ltr'><strong>remptorie</strong></span> <span class='ocrx_word' id='word_1_355' title='bbox 523 1995 708 2026; x_wconf 89' lang='lat' dir='ltr'><strong>vocacionis</strong></span> <span class='ocrx_word' id='word_1_356' title='bbox 723 2006 819 2026; x_wconf 83' lang='lat' dir='ltr'><strong>causa</strong></span> <span class='ocrx_word' id='word_1_357' title='bbox 836 1996 870 2026; x_wconf 90' lang='lat' dir='ltr'><strong>in</strong></span> <span class='ocrx_word' id='word_1_358' title='bbox 887 1995 1041 2026; x_wconf 80' lang='lat' dir='ltr'><strong>citatorio</strong></span> <span class='ocrx_word' id='word_1_359' title='bbox 1056 2007 1118 2027; x_wconf 90' lang='lat' dir='ltr'><strong>suo</strong></span> <span class='ocrx_word' id='word_1_360' title='bbox 1133 1996 1335 2027; x_wconf 89' lang='lat' dir='ltr'><strong>sufficienter</strong></span> <span class='ocrx_word' id='word_1_361' title='bbox 1350 2006 1503 2036; x_wconf 86' lang='lat' dir='ltr'><strong>expressa</strong></span> <span class='ocrx_word' id='word_1_362' title='bbox 1519 1995 1571 2026; x_wconf 93' lang='lat' dir='ltr'><strong>vel</strong></span> <span class='ocrx_word' id='word_1_363' title='bbox 1587 1995 1713 2036; x_wconf 84' lang='lat' dir='ltr'><strong>aliqua·</strong></span> 
     </span>
     <span class='ocr_line' id='line_1_41' title="bbox 327 2039 1713 2078; baseline -0.001 -7"><span class='ocrx_word' id='word_1_364' title='bbox 327 2039 405 2071; x_wconf 86' lang='lat' dir='ltr'><strong>liter</strong></span> <span class='ocrx_word' id='word_1_365' title='bbox 420 2039 635 2078; x_wconf 87' lang='lat' dir='ltr'><strong>subsistente,</strong></span> <span class='ocrx_word' id='word_1_366' title='bbox 652 2039 826 2070; x_wconf 86' lang='lat' dir='ltr'><strong>mandavit</strong></span> <span class='ocrx_word' id='word_1_367' title='bbox 841 2042 878 2070; x_wconf 88' lang='lat' dir='ltr'><strong>et</strong></span> <span class='ocrx_word' id='word_1_368' title='bbox 891 2039 973 2070; x_wconf 82' lang='lat' dir='ltr'><strong>fecit</strong></span> <span class='ocrx_word' id='word_1_369' title='bbox 987 2050 1096 2070; x_wconf 85' lang='lat' dir='ltr'><strong>coram</strong></span> <span class='ocrx_word' id='word_1_370' title='bbox 1114 2051 1161 2078; x_wconf 88' lang='lat' dir='ltr'><strong>eo,</strong></span> <span class='ocrx_word' id='word_1_371' title='bbox 1179 2044 1240 2070; x_wconf 80' lang='lat' dir='ltr'><strong>aut</strong></span> <span class='ocrx_word' id='word_1_372' title='bbox 1255 2050 1316 2070; x_wconf 87' lang='lat' dir='ltr'><strong>suo</strong></span> <span class='ocrx_word' id='word_1_373' title='bbox 1329 2039 1564 2071; x_wconf 82' lang='lat' dir='ltr'><strong>Commissario</strong></span> <span class='ocrx_word' id='word_1_374' title='bbox 1575 2039 1713 2077; x_wconf 84' lang='lat' dir='ltr'><strong>incerto,</strong></span> 
     </span>
     <span class='ocr_line' id='line_1_42' title="bbox 327 2082 1714 2124; baseline 0 -10"><span class='ocrx_word' id='word_1_375' title='bbox 327 2083 371 2115; x_wconf 81' lang='lat' dir='ltr'><strong>ad</strong></span> <span class='ocrx_word' id='word_1_376' title='bbox 382 2082 548 2124; x_wconf 84' lang='lat' dir='ltr'><strong>judicium</strong></span> <span class='ocrx_word' id='word_1_377' title='bbox 560 2082 688 2114; x_wconf 89' lang='lat' dir='ltr'><strong>evocari</strong></span> <span class='ocrx_word' id='word_1_378' title='bbox 700 2082 837 2124; x_wconf 81' lang='lat' dir='ltr'><strong>injuste,</strong></span> <span class='ocrx_word' id='word_1_379' title='bbox 855 2082 889 2114; x_wconf 91' lang='lat' dir='ltr'><strong>in</strong></span> <span class='ocrx_word' id='word_1_380' title='bbox 902 2083 1052 2124; x_wconf 88' lang='lat' dir='ltr'><strong>ipsorum</strong></span> <span class='ocrx_word' id='word_1_381' title='bbox 1065 2083 1307 2124; x_wconf 88' lang='lat' dir='ltr'><strong>Religiosorum</strong></span> <span class='ocrx_word' id='word_1_382' title='bbox 1319 2083 1476 2114; x_wconf 87' lang='lat' dir='ltr'><strong>Virorum</strong></span> <span class='ocrx_word' id='word_1_383' title='bbox 1489 2082 1714 2124; x_wconf 85' lang='lat' dir='ltr'><strong>prejudicium</strong></span> 
     </span>
     <span class='ocr_line' id='line_1_43' title="bbox 326 2126 1715 2167; baseline -0.001 -8"><span class='ocrx_word' id='word_1_384' title='bbox 326 2130 362 2159; x_wconf 88' lang='lat' dir='ltr'><strong>et</strong></span> <span class='ocrx_word' id='word_1_385' title='bbox 387 2136 576 2167; x_wconf 84' lang='lat' dir='ltr'><strong>gravamen.</strong></span> <span class='ocrx_word' id='word_1_386' title='bbox 626 2126 737 2162; x_wconf 90' lang='lat' dir='ltr'><strong>Unde,</strong></span> <span class='ocrx_word' id='word_1_387' title='bbox 766 2137 807 2157; x_wconf 82' lang='lat' dir='ltr'><strong>ex</strong></span> <span class='ocrx_word' id='word_1_388' title='bbox 832 2129 928 2167; x_wconf 88' lang='lat' dir='ltr'><strong>parte</strong></span> <span class='ocrx_word' id='word_1_389' title='bbox 949 2127 1145 2166; x_wconf 87' lang='lat' dir='ltr'><strong>eorundem,</strong></span> <span class='ocrx_word' id='word_1_390' title='bbox 1169 2127 1393 2158; x_wconf 89' lang='lat' dir='ltr'><strong>senciencinm</strong></span> <span class='ocrx_word' id='word_1_391' title='bbox 1416 2137 1451 2157; x_wconf 90' lang='lat' dir='ltr'><strong>se</strong></span> <span class='ocrx_word' id='word_1_392' title='bbox 1473 2138 1514 2158; x_wconf 82' lang='lat' dir='ltr'><strong>ex</strong></span> <span class='ocrx_word' id='word_1_393' title='bbox 1545 2126 1715 2166; x_wconf 82' lang='lat' dir='ltr'><strong>premissis</strong></span> 
     </span>
     <span class='ocr_line' id='line_1_44' title="bbox 327 2170 1714 2211; baseline -0.001 -10"><span class='ocrx_word' id='word_1_394' title='bbox 327 2170 576 2211; x_wconf 88' lang='lat' dir='ltr'><strong>gravaminibus</strong></span> <span class='ocrx_word' id='word_1_395' title='bbox 591 2172 627 2201; x_wconf 90' lang='lat' dir='ltr'><strong>et</strong></span> <span class='ocrx_word' id='word_1_396' title='bbox 641 2180 757 2201; x_wconf 90' lang='lat' dir='ltr'><strong>eorum</strong></span> <span class='ocrx_word' id='word_1_397' title='bbox 773 2170 924 2211; x_wconf 86' lang='lat' dir='ltr'><strong>quolibet</strong></span> <span class='ocrx_word' id='word_1_398' title='bbox 939 2170 1088 2202; x_wconf 82' lang='lat' dir='ltr'><strong>indebite</strong></span> <span class='ocrx_word' id='word_1_399' title='bbox 1110 2171 1308 2211; x_wconf 83' lang='lat' dir='ltr'><strong>pregravari‚</strong></span> <span class='ocrx_word' id='word_1_400' title='bbox 1325 2171 1368 2201; x_wconf 86' lang='lat' dir='ltr'><strong>ad</strong></span> <span class='ocrx_word' id='word_1_401' title='bbox 1385 2170 1521 2202; x_wconf 87' lang='lat' dir='ltr'><strong>Curiam</strong></span> <span class='ocrx_word' id='word_1_402' title='bbox 1538 2170 1714 2202; x_wconf 86' lang='lat' dir='ltr'><strong>Cantuari-</strong></span> 
     </span>
     <span class='ocr_line' id='line_1_45' title="bbox 328 2213 1713 2254; baseline -0.001 -9"><span class='ocrx_word' id='word_1_403' title='bbox 328 2224 441 2245; x_wconf 88' lang='lat' dir='ltr'><strong>ensem</strong></span> <span class='ocrx_word' id='word_1_404' title='bbox 457 2213 605 2254; x_wconf 81' lang='lat' dir='ltr'><strong>legitime</strong></span> <span class='ocrx_word' id='word_1_405' title='bbox 619 2213 737 2244; x_wconf 83' lang='lat' dir='ltr'><strong>extitit</strong></span> <span class='ocrx_word' id='word_1_406' title='bbox 751 2213 968 2254; x_wconf 85' lang='lat' dir='ltr'><strong>appellatum.</strong></span> <span class='ocrx_word' id='word_1_407' title='bbox 1015 2214 1177 2252; x_wconf 84' lang='lat' dir='ltr'><strong>Quocirca</strong></span> <span class='ocrx_word' id='word_1_408' title='bbox 1191 2214 1295 2252; x_wconf 88' lang='lat' dir='ltr'><strong>vobis,</strong></span> <span class='ocrx_word' id='word_1_409' title='bbox 1312 2218 1386 2253; x_wconf 75' lang='lat' dir='ltr'><strong>ete,</strong></span> <span class='ocrx_word' id='word_1_410' title='bbox 1402 2214 1491 2245; x_wconf 87' lang='lat' dir='ltr'><strong>dicte</strong></span> <span class='ocrx_word' id='word_1_411' title='bbox 1515 2214 1616 2245; x_wconf 84' lang='lat' dir='ltr'><strong>Curie</strong></span> <span class='ocrx_word' id='word_1_412' title='bbox 1638 2224 1713 2244; x_wconf 83' lang='lat' dir='ltr'><strong>auc-</strong></span> 
     </span>
     <span class='ocr_line' id='line_1_46' title="bbox 327 2257 1713 2299; baseline -0.001 -10"><span class='ocrx_word' id='word_1_413' title='bbox 327 2257 475 2297; x_wconf 87' lang='lat' dir='ltr'><strong>toritate,</strong></span> <span class='ocrx_word' id='word_1_414' title='bbox 499 2257 743 2288; x_wconf 88' lang='lat' dir='ltr'><strong>committimus</strong></span> <span class='ocrx_word' id='word_1_415' title='bbox 759 2261 794 2288; x_wconf 91' lang='lat' dir='ltr'><strong>et</strong></span> <span class='ocrx_word' id='word_1_416' title='bbox 810 2258 1019 2297; x_wconf 88' lang='lat' dir='ltr'><strong>mandamus,</strong></span> <span class='ocrx_word' id='word_1_417' title='bbox 1044 2258 1185 2289; x_wconf 90' lang='lat' dir='ltr'><strong>firmiter</strong></span> <span class='ocrx_word' id='word_1_418' title='bbox 1205 2257 1432 2299; x_wconf 84' lang='lat' dir='ltr'><strong>injungentes,</strong></span> <span class='ocrx_word' id='word_1_419' title='bbox 1455 2257 1616 2298; x_wconf 83' lang='lat' dir='ltr'><strong>quatinus</strong></span> <span class='ocrx_word' id='word_1_420' title='bbox 1640 2268 1713 2298; x_wconf 90' lang='lat' dir='ltr'><strong>pre-</strong></span> 
     </span>
     <span class='ocr_line' id='line_1_47' title="bbox 328 2300 1714 2342; baseline 0.001 -11"><span class='ocrx_word' id='word_1_421' title='bbox 328 2301 400 2332; x_wconf 82' lang='lat' dir='ltr'><strong>fato</strong></span> <span class='ocrx_word' id='word_1_422' title='bbox 419 2301 611 2332; x_wconf 82' lang='lat' dir='ltr'><strong>Reverendo</strong></span> <span class='ocrx_word' id='word_1_423' title='bbox 627 2301 732 2340; x_wconf 87' lang='lat' dir='ltr'><strong>Patri,</strong></span> <span class='ocrx_word' id='word_1_424' title='bbox 750 2311 829 2332; x_wconf 88' lang='lat' dir='ltr'><strong>cum</strong></span> <span class='ocrx_word' id='word_1_425' title='bbox 851 2311 890 2332; x_wconf 82' lang='lat' dir='ltr'><strong>ea</strong></span> <span class='ocrx_word' id='word_1_426' title='bbox 911 2311 979 2342; x_wconf 80' lang='lat' dir='ltr'><strong>qua</strong></span> <span class='ocrx_word' id='word_1_427' title='bbox 1001 2302 1098 2332; x_wconf 89' lang='lat' dir='ltr'><strong>decet</strong></span> <span class='ocrx_word' id='word_1_428' title='bbox 1120 2301 1318 2340; x_wconf 84' lang='lat' dir='ltr'><strong>reverencia,</strong></span> <span class='ocrx_word' id='word_1_429' title='bbox 1343 2305 1378 2332; x_wconf 88' lang='lat' dir='ltr'><strong>et</strong></span> <span class='ocrx_word' id='word_1_430' title='bbox 1402 2301 1545 2332; x_wconf 88' lang='lat' dir='ltr'><strong>Domino</strong></span> <span class='ocrx_word' id='word_1_431' title='bbox 1564 2300 1714 2332; x_wconf 87' lang='lat' dir='ltr'><strong>Waltero</strong></span> 
     </span>
     <span class='ocr_line' id='line_1_48' title="bbox 327 2344 1713 2386; baseline -0.001 -10"><span class='ocrx_word' id='word_1_432' title='bbox 327 2344 473 2385; x_wconf 83' lang='lat' dir='ltr'><strong>Almaly,</strong></span> <span class='ocrx_word' id='word_1_433' title='bbox 493 2354 531 2375; x_wconf 85' lang='lat' dir='ltr'><strong>ac</strong></span> <span class='ocrx_word' id='word_1_434' title='bbox 546 2344 665 2376; x_wconf 84' lang='lat' dir='ltr'><strong>ceteris</strong></span> <span class='ocrx_word' id='word_1_435' title='bbox 680 2344 837 2375; x_wconf 85' lang='lat' dir='ltr'><strong>omnibus</strong></span> <span class='ocrx_word' id='word_1_436' title='bbox 853 2348 888 2376; x_wconf 91' lang='lat' dir='ltr'><strong>et</strong></span> <span class='ocrx_word' id='word_1_437' title='bbox 902 2344 1043 2385; x_wconf 86' lang='lat' dir='ltr'><strong>singulis</strong></span> <span class='ocrx_word' id='word_1_438' title='bbox 1059 2345 1183 2386; x_wconf 83' lang='lat' dir='ltr'><strong>quibus</strong></span> <span class='ocrx_word' id='word_1_439' title='bbox 1197 2345 1254 2386; x_wconf 84' lang='lat' dir='ltr'><strong>jus</strong></span> <span class='ocrx_word' id='word_1_440' title='bbox 1270 2344 1375 2384; x_wconf 84' lang='lat' dir='ltr'><strong>exigit</strong></span> <span class='ocrx_word' id='word_1_441' title='bbox 1390 2345 1543 2384; x_wconf 79' lang='lat' dir='ltr'><strong>inhiberi,</strong></span> <span class='ocrx_word' id='word_1_442' title='bbox 1559 2344 1713 2386; x_wconf 84' lang='lat' dir='ltr'><strong>ejusdem</strong></span> 
     </span>
     <span class='ocr_line' id='line_1_49' title="bbox 330 2387 1712 2429; baseline 0 -10"><span class='ocrx_word' id='word_1_443' title='bbox 330 2388 430 2420; x_wconf 86' lang='lat' dir='ltr'><strong>Curie</strong></span> <span class='ocrx_word' id='word_1_444' title='bbox 445 2387 646 2419; x_wconf 86' lang='lat' dir='ltr'><strong>auctoritate</strong></span> <span class='ocrx_word' id='word_1_445' title='bbox 661 2388 841 2419; x_wconf 87' lang='lat' dir='ltr'><strong>inhibeatis</strong></span> <span class='ocrx_word' id='word_1_446' title='bbox 857 2398 909 2426; x_wconf 91' lang='lat' dir='ltr'><strong>ne,</strong></span> <span class='ocrx_word' id='word_1_447' title='bbox 926 2389 1095 2429; x_wconf 88' lang='lat' dir='ltr'><strong>pendente</strong></span> <span class='ocrx_word' id='word_1_448' title='bbox 1117 2389 1151 2419; x_wconf 92' lang='lat' dir='ltr'><strong>in</strong></span> <span class='ocrx_word' id='word_1_449' title='bbox 1175 2389 1291 2419; x_wconf 85' lang='lat' dir='ltr'><strong>eadem</strong></span> <span class='ocrx_word' id='word_1_450' title='bbox 1317 2389 1417 2419; x_wconf 86' lang='lat' dir='ltr'><strong>Curia</strong></span> <span class='ocrx_word' id='word_1_451' title='bbox 1434 2388 1630 2429; x_wconf 83' lang='lat' dir='ltr'><strong>hujusmodi</strong></span> <span class='ocrx_word' id='word_1_452' title='bbox 1646 2388 1712 2429; x_wconf 89' lang='lat' dir='ltr'><strong>Ap-</strong></span> 
     </span>
     <span class='ocr_line' id='line_1_50' title="bbox 328 2431 1714 2472; baseline 0 -10"><span class='ocrx_word' id='word_1_453' title='bbox 328 2431 518 2472; x_wconf 87' lang='lat' dir='ltr'><strong>pellacionis</strong></span> <span class='ocrx_word' id='word_1_454' title='bbox 535 2431 652 2471; x_wconf 86' lang='lat' dir='ltr'><strong>Causa,</strong></span> <span class='ocrx_word' id='word_1_455' title='bbox 668 2432 859 2472; x_wconf 88' lang='lat' dir='ltr'><strong>quicquam,</strong></span> <span class='ocrx_word' id='word_1_456' title='bbox 877 2432 938 2462; x_wconf 82' lang='lat' dir='ltr'><strong>hac</strong></span> <span class='ocrx_word' id='word_1_457' title='bbox 953 2432 1132 2471; x_wconf 84' lang='lat' dir='ltr'><strong>occasione,</strong></span> <span class='ocrx_word' id='word_1_458' title='bbox 1147 2432 1182 2463; x_wconf 92' lang='lat' dir='ltr'><strong>in</strong></span> <span class='ocrx_word' id='word_1_459' title='bbox 1199 2432 1288 2463; x_wconf 86' lang='lat' dir='ltr'><strong>dieta</strong></span> <span class='ocrx_word' id='word_1_460' title='bbox 1305 2435 1399 2472; x_wconf 88' lang='lat' dir='ltr'><strong>parte</strong></span> <span class='ocrx_word' id='word_1_461' title='bbox 1420 2432 1620 2472; x_wconf 84' lang='lat' dir='ltr'><strong>appellantis</strong></span> <span class='ocrx_word' id='word_1_462' title='bbox 1643 2442 1714 2472; x_wconf 88' lang='lat' dir='ltr'><strong>pre·</strong></span> 
     </span>
     <span class='ocr_line' id='line_1_51' title="bbox 325 2474 1714 2516; baseline 0 -10"><span class='ocrx_word' id='word_1_463' title='bbox 325 2474 492 2516; x_wconf 85' lang='lat' dir='ltr'><strong>judicium</strong></span> <span class='ocrx_word' id='word_1_464' title='bbox 509 2478 726 2515; x_wconf 88' lang='lat' dir='ltr'><strong>attemptent,</strong></span> <span class='ocrx_word' id='word_1_465' title='bbox 743 2479 805 2506; x_wconf 90' lang='lat' dir='ltr'><strong>aut</strong></span> <span class='ocrx_word' id='word_1_466' title='bbox 821 2475 946 2506; x_wconf 83' lang='lat' dir='ltr'><strong>faciant</strong></span> <span class='ocrx_word' id='word_1_467' title='bbox 961 2475 1151 2516; x_wconf 85' lang='lat' dir='ltr'><strong>aliqualiter</strong></span> <span class='ocrx_word' id='word_1_468' title='bbox 1174 2475 1382 2516; x_wconf 84' lang='lat' dir='ltr'><strong>attemptari,</strong></span> <span class='ocrx_word' id='word_1_469' title='bbox 1402 2475 1583 2516; x_wconf 90' lang='lat' dir='ltr'><strong>quominus</strong></span> <span class='ocrx_word' id='word_1_470' title='bbox 1606 2475 1714 2506; x_wconf 86' lang='lat' dir='ltr'><strong>eidem</strong></span> 
     </span>
     <span class='ocr_line' id='line_1_52' title="bbox 329 2517 1714 2560; baseline 0.001 -11"><span class='ocrx_word' id='word_1_471' title='bbox 329 2518 433 2550; x_wconf 88' lang='lat' dir='ltr'><strong>libera</strong></span> <span class='ocrx_word' id='word_1_472' title='bbox 448 2521 561 2559; x_wconf 87' lang='lat' dir='ltr'><strong>pateat</strong></span> <span class='ocrx_word' id='word_1_473' title='bbox 578 2518 848 2559; x_wconf 84' lang='lat' dir='ltr'><strong>Appellacionem</strong></span> <span class='ocrx_word' id='word_1_474' title='bbox 864 2529 959 2550; x_wconf 82' lang='lat' dir='ltr'><strong>suam</strong></span> <span class='ocrx_word' id='word_1_475' title='bbox 977 2517 1173 2559; x_wconf 86' lang='lat' dir='ltr'><strong>hujusmodi</strong></span> <span class='ocrx_word' id='word_1_476' title='bbox 1191 2518 1412 2560; x_wconf 84' lang='lat' dir='ltr'><strong>prosequendi</strong></span> <span class='ocrx_word' id='word_1_477' title='bbox 1427 2519 1578 2550; x_wconf 76' lang='lat' dir='ltr'><strong>facultas.</strong></span> <span class='ocrx_word' id='word_1_478' title='bbox 1625 2519 1714 2551; x_wconf 78' lang='lat' dir='ltr'><strong>Oite-</strong></span> 
     </span>
     <span class='ocr_line' id='line_1_53' title="bbox 330 2561 1714 2603; baseline 0.001 -11"><span class='ocrx_word' id='word_1_479' title='bbox 330 2562 384 2601; x_wconf 91' lang='lat' dir='ltr'><strong>tis,</strong></span> <span class='ocrx_word' id='word_1_480' title='bbox 400 2561 514 2600; x_wconf 89' lang='lat' dir='ltr'><strong>eciam,</strong></span> <span class='ocrx_word' id='word_1_481' title='bbox 530 2572 590 2593; x_wconf 88' lang='lat' dir='ltr'><strong>seu</strong></span> <span class='ocrx_word' id='word_1_482' title='bbox 605 2563 700 2593; x_wconf 86' lang='lat' dir='ltr'><strong>citari</strong></span> <span class='ocrx_word' id='word_1_483' title='bbox 722 2562 862 2600; x_wconf 78' lang='lat' dir='ltr'><strong>faciatis,</strong></span> <span class='ocrx_word' id='word_1_484' title='bbox 878 2563 1109 2603; x_wconf 87' lang='lat' dir='ltr'><strong>peremptorie,</strong></span> <span class='ocrx_word' id='word_1_485' title='bbox 1128 2563 1296 2603; x_wconf 82' lang='lat' dir='ltr'><strong>prefatum</strong></span> <span class='ocrx_word' id='word_1_486' title='bbox 1322 2562 1503 2593; x_wconf 86' lang='lat' dir='ltr'><strong>Dominum</strong></span> <span class='ocrx_word' id='word_1_487' title='bbox 1527 2563 1714 2594; x_wconf 72' lang='lat' dir='ltr'><strong>VValterum</strong></span> 
     </span>
     <span class='ocr_line' id='line_1_54' title="bbox 330 2605 1714 2646; baseline 0.001 -10"><span class='ocrx_word' id='word_1_488' title='bbox 330 2605 474 2646; x_wconf 88' lang='lat' dir='ltr'><strong>Almaly,</strong></span> <span class='ocrx_word' id='word_1_489' title='bbox 490 2606 580 2646; x_wconf 89' lang='lat' dir='ltr'><strong>quod</strong></span> <span class='ocrx_word' id='word_1_490' title='bbox 597 2609 787 2646; x_wconf 79' lang='lat' dir='ltr'><strong>compareat</strong></span> <span class='ocrx_word' id='word_1_491' title='bbox 801 2616 911 2636; x_wconf 82' lang='lat' dir='ltr'><strong>coram</strong></span> <span class='ocrx_word' id='word_1_492' title='bbox 935 2606 1039 2644; x_wconf 88' lang='lat' dir='ltr'><strong>nobis,</strong></span> <span class='ocrx_word' id='word_1_493' title='bbox 1056 2610 1118 2637; x_wconf 84' lang='lat' dir='ltr'><strong>aut</strong></span> <span class='ocrx_word' id='word_1_494' title='bbox 1139 2606 1203 2637; x_wconf 88' lang='lat' dir='ltr'><strong>alio</strong></span> <span class='ocrx_word' id='word_1_495' title='bbox 1226 2606 1316 2636; x_wconf 88' lang='lat' dir='ltr'><strong>dicte</strong></span> <span class='ocrx_word' id='word_1_496' title='bbox 1341 2606 1440 2636; x_wconf 89' lang='lat' dir='ltr'><strong>Curie</strong></span> <span class='ocrx_word' id='word_1_497' title='bbox 1457 2605 1661 2645; x_wconf 83' lang='lat' dir='ltr'><strong>Presidente,</strong></span> <span class='ocrx_word' id='word_1_498' title='bbox 1679 2606 1714 2637; x_wconf 92' lang='lat' dir='ltr'><strong>in</strong></span> 
     </span>
     <span class='ocr_line' id='line_1_55' title="bbox 331 2647 1715 2691; baseline 0.001 -12"><span class='ocrx_word' id='word_1_499' title='bbox 331 2649 478 2680; x_wconf 86' lang='lat' dir='ltr'><strong>Ecclesia</strong></span> <span class='ocrx_word' id='word_1_500' title='bbox 494 2649 595 2680; x_wconf 87' lang='lat' dir='ltr'><strong>Beate</strong></span> <span class='ocrx_word' id='word_1_501' title='bbox 611 2649 714 2680; x_wconf 82' lang='lat' dir='ltr'><strong>Marie</strong></span> <span class='ocrx_word' id='word_1_502' title='bbox 729 2650 771 2680; x_wconf 92' lang='lat' dir='ltr'><strong>de</strong></span> <span class='ocrx_word' id='word_1_503' title='bbox 788 2649 942 2680; x_wconf 81' lang='lat' dir='ltr'><strong>Arcubus</strong></span> <span class='ocrx_word' id='word_1_504' title='bbox 957 2649 1220 2688; x_wconf 84' lang='lat' dir='ltr'><strong>Londoniarum,</strong></span> <span class='ocrx_word' id='word_1_505' title='bbox 1238 2649 1385 2680; x_wconf 88' lang='lat' dir='ltr'><strong>secundo</strong></span> <span class='ocrx_word' id='word_1_506' title='bbox 1401 2649 1455 2680; x_wconf 89' lang='lat' dir='ltr'><strong>die</strong></span> <span class='ocrx_word' id='word_1_507' title='bbox 1469 2647 1493 2679; x_wconf 87' lang='lat' dir='ltr'>J</span> <span class='ocrx_word' id='word_1_508' title='bbox 1496 2650 1623 2681; x_wconf 89' lang='lat' dir='ltr'><strong>nridico</strong></span> <span class='ocrx_word' id='word_1_509' title='bbox 1638 2653 1715 2691; x_wconf 88' lang='lat' dir='ltr'><strong>post</strong></span> 
     </span>
     <span class='ocr_line' id='line_1_56' title="bbox 333 2692 1715 2734; baseline 0.001 -11"><span class='ocrx_word' id='word_1_510' title='bbox 333 2693 471 2723; x_wconf 83' lang='lat' dir='ltr'><strong>Festum</strong></span> <span class='ocrx_word' id='word_1_511' title='bbox 487 2692 730 2724; x_wconf 88' lang='lat' dir='ltr'><strong>Translacionis</strong></span> <span class='ocrx_word' id='word_1_512' title='bbox 745 2693 859 2724; x_wconf 86' lang='lat' dir='ltr'><strong>Sancti</strong></span> <span class='ocrx_word' id='word_1_513' title='bbox 876 2693 1022 2732; x_wconf 88' lang='lat' dir='ltr'><strong>Martini,</strong></span> <span class='ocrx_word' id='word_1_514' title='bbox 1043 2693 1205 2734; x_wconf 82' lang='lat' dir='ltr'><strong>Episcopi,</strong></span> <span class='ocrx_word' id='word_1_515' title='bbox 1224 2693 1375 2734; x_wconf 86' lang='lat' dir='ltr'><strong>proximo</strong></span> <span class='ocrx_word' id='word_1_516' title='bbox 1390 2692 1558 2733; x_wconf 85' lang='lat' dir='ltr'><strong>futurum,</strong></span> <span class='ocrx_word' id='word_1_517' title='bbox 1574 2694 1608 2725; x_wconf 93' lang='lat' dir='ltr'><strong>in</strong></span> <span class='ocrx_word' id='word_1_518' title='bbox 1625 2694 1715 2724; x_wconf 90' lang='lat' dir='ltr'><strong>dicta</strong></span> 
     </span>
     <span class='ocr_line' id='line_1_57' title="bbox 331 2735 1714 2779; baseline 0.001 -13"><span class='ocrx_word' id='word_1_519' title='bbox 331 2735 576 2776; x_wconf 84' lang='lat' dir='ltr'><strong>Appellacionis</strong></span> <span class='ocrx_word' id='word_1_520' title='bbox 605 2746 705 2767; x_wconf 88' lang='lat' dir='ltr'><strong>causa</strong></span> <span class='ocrx_word' id='word_1_521' title='bbox 731 2746 955 2777; x_wconf 86' lang='lat' dir='ltr'><strong>processurus,</strong></span> <span class='ocrx_word' id='word_1_522' title='bbox 984 2737 1145 2775; x_wconf 74' lang='lat' dir='ltr'><strong>facturus,</strong></span> <span class='ocrx_word' id='word_1_523' title='bbox 1171 2740 1206 2767; x_wconf 91' lang='lat' dir='ltr'><strong>et</strong></span> <span class='ocrx_word' id='word_1_524' title='bbox 1233 2740 1428 2777; x_wconf 82' lang='lat' dir='ltr'><strong>recepturus</strong></span> <span class='ocrx_word' id='word_1_525' title='bbox 1458 2738 1549 2778; x_wconf 88' lang='lat' dir='ltr'><strong>quod</strong></span> <span class='ocrx_word' id='word_1_526' title='bbox 1579 2738 1714 2779; x_wconf 82' lang='lat' dir='ltr'><strong>justicia</strong></span> 
     </span>
     <span class='ocr_line' id='line_1_58' title="bbox 331 2779 1712 2820; baseline 0.001 -10"><span class='ocrx_word' id='word_1_527' title='bbox 331 2779 495 2811; x_wconf 69' lang='lat' dir='ltr'><strong>suadebit.</strong></span> <span class='ocrx_word' id='word_1_528' title='bbox 556 2779 606 2810; x_wconf 94' lang='lat' dir='ltr'><strong>De</strong></span> <span class='ocrx_word' id='word_1_529' title='bbox 622 2779 750 2818; x_wconf 88' lang='lat' dir='ltr'><strong>diebus,</strong></span> <span class='ocrx_word' id='word_1_530' title='bbox 766 2790 854 2818; x_wconf 84' lang='lat' dir='ltr'><strong>vero,</strong></span> <span class='ocrx_word' id='word_1_531' title='bbox 871 2779 1072 2820; x_wconf 89' lang='lat' dir='ltr'><strong>recepcionis</strong></span> <span class='ocrx_word' id='word_1_532' title='bbox 1097 2779 1308 2810; x_wconf 78' lang='lat' dir='ltr'><strong>Presenciuin</strong></span> <span class='ocrx_word' id='word_1_533' title='bbox 1333 2790 1371 2811; x_wconf 85' lang='lat' dir='ltr'><strong>ac</strong></span> <span class='ocrx_word' id='word_1_534' title='bbox 1394 2779 1575 2812; x_wconf 85' lang='lat' dir='ltr'><strong>Citacionis</strong></span> <span class='ocrx_word' id='word_1_535' title='bbox 1591 2786 1712 2820; x_wconf 87' lang='lat' dir='ltr'><strong>vestre,</strong></span> 
     </span>
     <span class='ocr_line' id='line_1_59' title="bbox 332 2822 1716 2865; baseline 0.002 -12"><span class='ocrx_word' id='word_1_536' title='bbox 332 2823 498 2862; x_wconf 89' lang='lat' dir='ltr'><strong>modoque</strong></span> <span class='ocrx_word' id='word_1_537' title='bbox 513 2825 548 2854; x_wconf 83' lang='lat' dir='ltr'><strong>et</strong></span> <span class='ocrx_word' id='word_1_538' title='bbox 563 2822 671 2854; x_wconf 77' lang='lat' dir='ltr'><strong>forma</strong></span> <span class='ocrx_word' id='word_1_539' title='bbox 681 2823 844 2864; x_wconf 82' lang='lat' dir='ltr'><strong>ejusdem,</strong></span> <span class='ocrx_word' id='word_1_540' title='bbox 860 2826 896 2854; x_wconf 86' lang='lat' dir='ltr'><strong>et</strong></span> <span class='ocrx_word' id='word_1_541' title='bbox 909 2822 938 2854; x_wconf 90' lang='lat' dir='ltr'><strong>si</strong></span> <span class='ocrx_word' id='word_1_542' title='bbox 953 2823 1083 2854; x_wconf 89' lang='lat' dir='ltr'><strong>dictum</strong></span> <span class='ocrx_word' id='word_1_543' title='bbox 1100 2823 1283 2854; x_wconf 86' lang='lat' dir='ltr'><strong>Dominum</strong></span> <span class='ocrx_word' id='word_1_544' title='bbox 1298 2823 1484 2855; x_wconf 69' lang='lat' dir='ltr'><strong>Walter-um</strong></span> <span class='ocrx_word' id='word_1_545' title='bbox 1497 2826 1716 2865; x_wconf 85' lang='lat' dir='ltr'><strong>personaliter</strong></span> 
     </span>
     <span class='ocr_line' id='line_1_60' title="bbox 329 2866 1715 2907; baseline 0.002 -10"><span class='ocrx_word' id='word_1_546' title='bbox 329 2866 522 2904; x_wconf 84' lang='lat' dir='ltr'><strong>citaveritis,</strong></span> <span class='ocrx_word' id='word_1_547' title='bbox 538 2876 666 2897; x_wconf 86' lang='lat' dir='ltr'><strong>necnon</strong></span> <span class='ocrx_word' id='word_1_548' title='bbox 690 2876 756 2907; x_wconf 91' lang='lat' dir='ltr'><strong>que</strong></span> <span class='ocrx_word' id='word_1_549' title='bbox 778 2866 926 2898; x_wconf 81' lang='lat' dir='ltr'><strong>feceritis</strong></span> <span class='ocrx_word' id='word_1_550' title='bbox 949 2867 983 2897; x_wconf 92' lang='lat' dir='ltr'><strong>in</strong></span> <span class='ocrx_word' id='word_1_551' title='bbox 1008 2866 1186 2906; x_wconf 88' lang='lat' dir='ltr'><strong>premissis,</strong></span> <span class='ocrx_word' id='word_1_552' title='bbox 1203 2877 1273 2905; x_wconf 93' lang='lat' dir='ltr'><strong>nos,</strong></span> <span class='ocrx_word' id='word_1_553' title='bbox 1290 2870 1351 2898; x_wconf 87' lang='lat' dir='ltr'><strong>aut</strong></span> <span class='ocrx_word' id='word_1_554' title='bbox 1373 2867 1478 2899; x_wconf 81' lang='lat' dir='ltr'><strong>alium</strong></span> <span class='ocrx_word' id='word_1_555' title='bbox 1501 2869 1591 2900; x_wconf 90' lang='lat' dir='ltr'><strong>dicte</strong></span> <span class='ocrx_word' id='word_1_556' title='bbox 1614 2871 1715 2904; x_wconf 70' lang='lat' dir='ltr'><strong>Cui-ie</strong></span> 
     </span>
     <span class='ocr_line' id='line_1_61' title="bbox 332 2909 1714 2950; baseline 0.004 -10"><span class='ocrx_word' id='word_1_557' title='bbox 332 2909 572 2947; x_wconf 85' lang='lat' dir='ltr'><strong>Presidentem,</strong></span> <span class='ocrx_word' id='word_1_558' title='bbox 589 2909 689 2941; x_wconf 87' lang='lat' dir='ltr'><strong>dictis</strong></span> <span class='ocrx_word' id='word_1_559' title='bbox 705 2910 758 2941; x_wconf 88' lang='lat' dir='ltr'><strong>die</strong></span> <span class='ocrx_word' id='word_1_560' title='bbox 774 2914 808 2941; x_wconf 86' lang='lat' dir='ltr'><strong>et</strong></span> <span class='ocrx_word' id='word_1_561' title='bbox 823 2909 895 2941; x_wconf 90' lang='lat' dir='ltr'><strong>loco</strong></span> <span class='ocrx_word' id='word_1_562' title='bbox 917 2910 1107 2941; x_wconf 82' lang='lat' dir='ltr'><strong>certificetis</strong></span> <span class='ocrx_word' id='word_1_563' title='bbox 1131 2921 1189 2950; x_wconf 89' lang='lat' dir='ltr'><strong>per</strong></span> <span class='ocrx_word' id='word_1_564' title='bbox 1213 2914 1352 2949; x_wconf 86' lang='lat' dir='ltr'><strong>vestras,</strong></span> <span class='ocrx_word' id='word_1_565' title='bbox 1371 2912 1610 2945; x_wconf 58' lang='lat' dir='ltr'><strong>eta—Datum</strong></span> <span class='ocrx_word' id='word_1_566' title='bbox 1630 2916 1714 2946; x_wconf 91' lang='lat' dir='ltr'><strong>Lon-</strong></span> 
     </span>
     <span class='ocr_line' id='line_1_62' title="bbox 330 2951 1715 3000; baseline 0 -17"><span class='ocrx_word' id='word_1_567' title='bbox 330 2952 448 2992; x_wconf 88' lang='lat' dir='ltr'><strong>doniis,</strong></span> <span class='ocrx_word' id='word_1_568' title='bbox 465 2951 566 2994; x_wconf 82' lang='lat' dir='ltr'><strong>xviij⁰</strong></span> <span class='ocrx_word' id='word_1_569' title='bbox 582 2952 750 2984; x_wconf 82' lang='lat' dir='ltr'><strong>Kalendas</strong></span> <span class='ocrx_word' id='word_1_570' title='bbox 765 2953 787 2985; x_wconf 87' lang='lat' dir='ltr'>J</span> <span class='ocrx_word' id='word_1_571' title='bbox 791 2953 849 2984; x_wconf 92' lang='lat' dir='ltr'><strong>ulii</strong></span> <span class='ocrx_word' id='word_1_572' title='bbox 864 2953 919 2993; x_wconf 83' lang='lat'><strong>[14</strong></span> <span class='ocrx_word' id='word_1_573' title='bbox 937 2953 957 2985; x_wconf 84' lang='lat' dir='ltr'><strong>J</strong></span> <span class='ocrx_word' id='word_1_574' title='bbox 963 2953 1052 2992; x_wconf 90' lang='lat' dir='ltr'><strong>une],</strong></span> <span class='ocrx_word' id='word_1_575' title='bbox 1070 2953 1152 2985; x_wconf 85' lang='lat' dir='ltr'>A.D.</span> <span class='ocrx_word' id='word_1_576' title='bbox 1170 2953 1231 2986; x_wconf 77' lang='grc' dir='ltr'><strong>ΜΟ.</strong></span> <span class='ocrx_word' id='word_1_577' title='bbox 1246 2953 1377 2986; x_wconf 77' lang='lat' dir='ltr'>CCCm⁰</span> <span class='ocrx_word' id='word_1_578' title='bbox 1390 2953 1623 2997; x_wconf 72' lang='lat' dir='ltr'><strong>lxxijd⁰.—Ob</strong></span> <span class='ocrx_word' id='word_1_579' title='bbox 1634 2969 1715 3000; x_wconf 72' lang='lat' dir='ltr'><strong>qua-</strong></span> 
     </span>
     <span class='ocr_line' id='line_1_63' title="bbox 332 2995 1715 3042; baseline 0.006 -15"><span class='ocrx_word' id='word_1_580' title='bbox 332 3006 409 3028; x_wconf 90' lang='lat' dir='ltr'><strong>rum</strong></span> <span class='ocrx_word' id='word_1_581' title='bbox 425 2995 615 3028; x_wconf 66' lang='lat' dir='ltr'><strong>Liternum</strong></span> <span class='ocrx_word' id='word_1_582' title='bbox 630 2997 853 3029; x_wconf 86' lang='lat' dir='ltr'><strong>reverenciam</strong></span> <span class='ocrx_word' id='word_1_583' title='bbox 870 2997 912 3028; x_wconf 87' lang='lat' dir='ltr'><strong>ab</strong></span> <span class='ocrx_word' id='word_1_584' title='bbox 927 2996 1079 3029; x_wconf 86' lang='lat' dir='ltr'><strong>ulteriori</strong></span> <span class='ocrx_word' id='word_1_585' title='bbox 1095 2997 1292 3029; x_wconf 86' lang='lat' dir='ltr'><strong>execucione</strong></span> <span class='ocrx_word' id='word_1_586' title='bbox 1303 2997 1393 3029; x_wconf 84' lang='lat' dir='ltr'><strong>dicte</strong></span> <span class='ocrx_word' id='word_1_587' title='bbox 1407 2999 1514 3032; x_wconf 84' lang='lat' dir='ltr'><strong>Cause</strong></span> <span class='ocrx_word' id='word_1_588' title='bbox 1529 3003 1715 3042; x_wconf 87' lang='lat' dir='ltr'><strong>supersedi-</strong></span> 
     </span>
    </p>
   </div>
   <div class='ocr_carea' id='block_1_6' title="bbox 269 3039 1534 3083">
    <p class='ocr_par' dir='ltr' id='par_1_10' title="bbox 269 3039 1534 3083">
     <span class='ocr_line' id='line_1_64' title="bbox 269 3039 1534 3083; baseline 0.002 -12"><span class='ocrx_word' id='word_1_589' title='bbox 269 3073 272 3076; x_wconf 64' lang='grc'>,</span> <span class='ocrx_word' id='word_1_590' title='bbox 332 3050 421 3079; x_wconf 89' lang='lat' dir='ltr'><strong>mus,</strong></span> <span class='ocrx_word' id='word_1_591' title='bbox 439 3042 475 3071; x_wconf 90' lang='lat' dir='ltr'><strong>et</strong></span> <span class='ocrx_word' id='word_1_592' title='bbox 490 3039 664 3083; x_wconf 85' lang='lat' dir='ltr'><strong>hucusque</strong></span> <span class='ocrx_word' id='word_1_593' title='bbox 680 3043 732 3071; x_wconf 89' lang='lat' dir='ltr'><strong>est</strong></span> <span class='ocrx_word' id='word_1_594' title='bbox 748 3050 806 3083; x_wconf 89' lang='lat' dir='ltr'><strong>per</strong></span> <span class='ocrx_word' id='word_1_595' title='bbox 821 3050 882 3072; x_wconf 83' lang='lat' dir='ltr'><strong>nos</strong></span> <span class='ocrx_word' id='word_1_596' title='bbox 897 3043 933 3072; x_wconf 86' lang='lat' dir='ltr'><strong>et</strong></span> <span class='ocrx_word' id='word_1_597' title='bbox 947 3042 1078 3072; x_wconf 89' lang='lat' dir='ltr'><strong>nostros</strong></span> <span class='ocrx_word' id='word_1_598' title='bbox 1095 3051 1153 3083; x_wconf 86' lang='lat' dir='ltr'><strong>per</strong></span> <span class='ocrx_word' id='word_1_599' title='bbox 1168 3040 1280 3072; x_wconf 87' lang='lat' dir='ltr'><strong>omnia</strong></span> <span class='ocrx_word' id='word_1_600' title='bbox 1294 3051 1534 3083; x_wconf 81' lang='lat' dir='ltr'><strong>supersessum.</strong></span> 
     </span>
    </p>
   </div>
  </div>
 </body>
</html>
