1988 3256
312 373 408 420 380

311 487 388 515 A.D.

311 521 387 548 1377.

316 555 377 582 Vol.
390 556 415 585 1.

311 1687 358 1715 sol.
373 1689 414 1715 68.

516 386 618 421 THE
653 385 895 422 REGISTER.
932 384 992 420 OF
1027 383 1207 421 BISHOP
1242 383 1646 422 BRANTYNGHAM.

468 493 575 531 parte,
603 493 726 532 quarto
755 490 810 522 die
839 489 963 521 mensis
988 489 1009 522 J
1013 489 1083 521 unii
1109 489 1262 530 proximo
1286 488 1358 531 jam
1383 489 1512 528 futuro,
1537 488 1743 530 ubicumque
1768 489 1854 519 tunc

468 534 634 566 fuerimus
650 534 684 565 in
701 537 817 565 nostra
835 533 982 566 Civitate
999 533 1049 564 vel
1068 533 1209 572 Diocesi,
1225 543 1370 572 causam,
1387 533 1414 565 si
1437 543 1538 575 quam
1562 542 1623 574 pro
1645 542 1681 564 se
1702 531 1852 563 habeant

469 578 713 615 raciouabikm,
740 587 844 618 quare
870 577 914 608 ad
940 577 1111 618 premissa,
1137 576 1238 618 juxta
1261 576 1518 608 submissionem
1540 586 1636 608 suam
1658 575 1853 617 juramento

464 622 634 660 vallatam,
652 625 688 653 et
704 620 960 653 Ordinacionem
985 623 1136 652 nostram
1158 620 1279 652 saltem
1302 620 1523 661 temporalem
1540 619 1757 661 postmodum
1773 617 1852 650 sub-

465 668 625 704 secutam,
643 675 744 707 quam
761 675 829 704 quo
843 664 887 695 ad
904 675 993 695 nunc
1008 664 1224 695 imminentes
1240 663 1394 696 defectus
1408 663 1621 696 restriximus
1639 661 1853 704 reparandos,

466 719 526 749 per
541 719 610 746 nos,
624 719 663 740 ex
678 708 794 740 Officio
810 710 935 747 nostro,
952 707 1108 748 compelli
1123 718 1189 739 non
1206 707 1354 739 debeant
1367 707 1532 740 Canonice
1543 709 1579 738 et
1590 706 1705 745 artari,
1715 704 1851 744 dicturi,

464 752 651 792 allegaturi,
679 755 715 783 et
742 751 948 792 proposituri
973 751 1088 782 debite
1114 754 1150 783 et
1176 751 1210 782 in
1238 751 1372 792 scriptis
1387 762 1397 789 ;
1427 750 1640 791 ulteriusque
1665 749 1791 781 facturi
1816 750 1853 780 et

465 796 634 837 recepturi
649 795 740 836 quod
756 795 952 835 hujusmodi
967 795 1096 836 negocii
1111 794 1257 836 qualitas
1273 794 1460 836 poposcerit
1475 797 1511 826 et
1528 796 1661 826 natura.
1707 793 1754 824 Et
1768 791 1852 834 quid

465 839 500 870 in
516 839 686 880 premissis
701 839 847 870 feceritis
863 849 933 878 nos,
949 849 1008 870 seu
1021 839 1152 870 dictum
1165 842 1320 870 nostrum
1331 837 1615 876 Commissarium,
1626 837 1719 868 dicto
1729 837 1853 877 quarto

465 883 519 914 die
540 883 663 914 mensis
685 883 707 915 ‚J
711 882 791 921 unii,
808 882 922 914 debite
945 882 1128 914 certificare
1150 882 1276 914 curetis
1300 892 1358 923 per
1380 881 1512 914 Literas
1533 883 1662 912 vestras
1684 881 1851 921 patentes,

466 927 680 958 Preseneium
696 936 772 958 cum
790 929 916 966 tenore,
932 926 1041 967 sigillo
1056 925 1160 958 vestri
1173 925 1281 958 Officii
1296 925 1461 957 veraciter
1471 921 1852 966 consignatas-Dum

463 974 500 1001 at
517 969 718 1011 Chudleigh,
739 971 758 1001 2
774 970 862 1011 May.

421 1024 641 1074 Impostors
660 1023 870 1073 collecting
889 1023 989 1061 alms
1006 1036 1016 1070 3
1047 1023 1283 1061 Mandatum
1294 1037 1371 1072 pro
1380 1023 1504 1071 falsis
1522 1021 1825 1072 queam-ibus,—

421 1078 575 1118 Thomas‚
601 1081 675 1117 etc,
700 1077 951 1109 Archidiaconis
974 1077 1110 1117 Exonie,
1135 1077 1303 1117 Tottonie,
1328 1077 1589 1118 Barnastapolie,
1612 1079 1648 1108 et
1671 1073 1851 1114 cornubie,

465 1133 524 1154 seu
554 1132 670 1153 eorum
695 1121 909 1158 officialibus,
933 1121 1088 1160 salutem,
1111 1121 1326 1153 etc—Fama
1347 1121 1481 1162 publica
1503 1121 1680 1159 referente,
1703 1118 1853 1159 factique

464 1165 682 1206 experiencia,
710 1165 934 1206 comperimus
960 1164 1051 1206 quod
1077 1165 1231 1196 nonnulli
1261 1169 1445 1206 quest-ores,
1471 1174 1550 1196 cum
1579 1163 1673 1195 falsis
1698 1165 1734 1194 et
1764 1161 1852 1194 fictis

463 1209 580 1246 literis,
597 1208 769 1240 fabricatis
791 1208 916 1249 sigillis,
933 1218 953 1239 a
976 1208 1062 1240 Sede
1082 1208 1270 1249 Apostolica
1292 1211 1328 1240 et
1350 1208 1455 1247 nobis,
1471 1213 1514 1240 ut
1536 1206 1744 1239 mendaciter
1765 1215 1851 1237 asse-

462 1256 554 1291 runt,
571 1253 781 1293 impetratas,
797 1252 974 1291 abusiones
994 1251 1235 1292 infrascriptae,
1251 1251 1286 1283 in
1301 1251 1349 1283 eis
1364 1254 1551 1291 contentas,
1567 1251 1602 1282 in
1625 1249 1750 1282 nostris
1766 1247 1853 1281 civi-

465 1299 537 1328 tate
559 1299 595 1328 et
618 1296 758 1335 Diocesi,
775 1296 809 1326 in
831 1295 1022 1327 animarum
1044 1295 1287 1336 decepcionem‚
1311 1299 1351 1327 ut
1373 1295 1549 1336 pecuniam
1572 1294 1704 1335 aliaque
1725 1293 1814 1325 bona
1833 1302 1856 1324 a

464 1340 588 1381 populo
611 1340 707 1371 nobis
728 1339 866 1371 subdito
892 1342 1095 1379 extorquere
1119 1339 1262 1378 valeant,
1285 1349 1397 1370 coram
1421 1339 1518 1371 Clero
1540 1341 1577 1370 et
1598 1337 1732 1379 populo,
1755 1335 1853 1378 quasi

464 1383 766 1424 pseudoprophete,
783 1385 824 1415 ut
839 1382 1006 1423 simplices
1021 1382 1200 1423 decipiant,
1217 1382 1252 1414 in
1267 1382 1347 1414 locis
1364 1382 1507 1423 publicis
1529 1381 1705 1423 predicant
1725 1379 1851 1412 fallaci·

465 1431 518 1459 ter
541 1430 577 1459 et
599 1429 803 1468 proponunt,
826 1437 874 1466 ac,
890 1436 956 1458 non
980 1426 1051 1457 sine
1074 1426 1184 1458 multa
1206 1425 1409 1458 temeritatis
1430 1426 1569 1458 audacia
1594 1428 1630 1457 et
1655 1423 1853 1465 decepcione

465 1471 645 1511 multiplici
670 1470 870 1509 animarum,
896 1469 1131 1510 Indulgencias
1157 1470 1289 1511 populo,
1315 1473 1411 1501 motu
1441 1480 1503 1501 suo
1528 1468 1673 1511 proprio,
1696 1467 1740 1500 de
1760 1467 1852 1499 facto

464 1515 679 1554 concedunt3
709 1525 811 1555 super
832 1513 921 1545 votis
943 1513 1165 1554 dispensant3
1194 1523 1214 1545 a
1237 1513 1403 1555 perjuriis,
1426 1512 1625 1552 homicidiis,
1647 1515 1684 1544 et
1706 1510 1851 1553 peccatis

463 1558 537 1590 aliis
567 1558 630 1589 sibi
660 1558 860 1589 confitentes
889 1557 1096 1594 absolvunt3
1131 1557 1218 1588 male
1247 1557 1368 1596 ablata,
1392 1557 1520 1589 incerta
1543 1557 1624 1588 data
1645 1555 1710 1587 sibi
1738 1554 1851 1596 aliqua
1914 1575 1918 1581 ι

463 1602 603 1643 pecunie
618 1602 822 1643 quantitate,
839 1601 1025 1633 remittunt
1041 1611 1049 1640 ;
1073 1601 1212 1632 terciam
1227 1603 1289 1632 aut
1303 1603 1461 1642 quartam
1477 1604 1610 1641 partem
1632 1599 1675 1631 de
1697 1598 1849 1640 peniten-

463 1646 522 1677 ciis
545 1645 708 1686 injunctis
731 1645 909 1682 relaxant;
932 1645 1061 1675 animas
1083 1648 1153 1676 tres
1177 1644 1226 1676 vel
1251 1644 1365 1685 plures
1387 1647 1569 1685 parentum
1591 1643 1644 1675 vel
1665 1642 1851 1674 amicorum

465 1689 601 1720 illorum
624 1689 683 1730 qui
706 1689 901 1720 elemosinas
924 1688 971 1719 eis
994 1688 1174 1720 conferunt
1197 1688 1239 1719 de
1263 1688 1462 1729 Purgatorio
1487 1698 1522 1719 se
1547 1697 1644 1729 posse
1673 1685 1851 1718 extrahere

467 1733 674 1764 mendaciter
694 1735 913 1770 asseverant3
935 1731 1207 1763 benefactoribus
1229 1731 1378 1763 locorum
1401 1741 1547 1773 quorum
1569 1732 1744 1772 questores
1766 1728 1850 1760 exis·

463 1779 546 1808 tunt
561 1776 788 1808 remissionem
806 1775 989 1816 plenariam
1007 1778 1221 1816 peccatorum
1243 1775 1424 1816 indulgent
1441 1785 1448 1814 ;
1470 1775 1688 1816 ipsorumque
1710 1771 1849 1815 plurimi

462 1831 518 1851 eos
540 1831 560 1851 a
582 1830 668 1861 pena
690 1823 726 1852 et
748 1819 854 1860 culpa,
873 1822 913 1851 ut
939 1829 1053 1850 eorum
1071 1819 1182 1850 verbis
1204 1821 1354 1857 utamur,
1369 1818 1561 1858 absolvunt,
1577 1820 1696 1850 contra
1711 1818 1849 1849 Sancto·

462 1874 540 1895 rum
574 1865 713 1895 Pati-um
747 1864 891 1894 Decreta
915 1862 1096 1894 salubriter
1121 1862 1214 1894 edita
1239 1862 1275 1894 iu
1301 1862 1363 1894 hac
1391 1865 1496 1903 parte.
1542 1862 1622 1901 Nos,
1645 1861 1761 1902 igitur,
1784 1859 1850 1891 biis

463 1907 657 1948 periculosis
672 1906 818 1945 ausibus,
835 1916 895 1947 per
910 1916 994 1947 quos
1018 1906 1136 1938 Claves
1159 1906 1304 1937 Ecclesie
1327 1906 1403 1947 plus
1424 1905 1524 1937 solito
1546 1906 1847 1946 contempnuntur,

462 1950 693 1982 Ecclesiastica
708 1950 838 1981 vilescit
852 1950 1046 1989 auctoritas,
1064 1949 1280 1990 pluriumque
1292 1952 1487 1981 nostrorum
1501 1949 1716 1981 subditorum
1726 1947 1848 1986 anime,

460 2005 614 2036 quarum,
638 2005 680 2025 ex
703 1993 819 2026 Officio
841 1993 1014 2032 Pastorali,
1037 1993 1189 2034 cogimur
1210 1993 1313 2024 saluti
1335 1993 1531 2034 prospicere,
1556 2003 1598 2024 ex
1620 1991 1791 2033 premissis
1812 1993 1849 2023 et.

461 2038 535 2069 aliis
550 2037 792 2078 multiplicitur
814 2037 922 2068 indies
942 2039 1024 2068 sunt
1040 2037 1189 2077 decepte,
1206 2046 1379 2068 occurrere
1401 2036 1575 2078 cupientes
1590 2047 1598 2075 ;
1622 2035 1725 2075 vobis,
1740 2034 1847 2066 omni·

462 2082 524 2113 bus
540 2084 576 2113 et
591 2081 740 2122 singulis,
757 2081 791 2112 in
808 2081 937 2112 virtute
953 2079 1163 2119 Obediencie,
1179 2090 1218 2111 ac
1232 2079 1296 2111 sub
1319 2080 1457 2121 Majoris
1482 2077 1848 2112 Excommunicacionis

461 2136 556 2166 pena,
572 2124 761 2156 districcius
783 2123 984 2162 inhibemus,
1000 2134 1039 2155 ac
1054 2134 1114 2164 per
1130 2134 1187 2155 vos
1202 2123 1359 2155 omnibus
1381 2127 1418 2155 et
1440 2123 1580 2165 siugulis
1602 2122 1749 2154 subditis
1770 2132 1846 2154 nos-

460 2169 533 2207 tris,
552 2171 721 2210 quatenus
743 2167 837 2199 vobis
859 2167 1014 2206 subsunt,
1030 2167 1175 2198 inhiberi
1190 2167 1346 2198 volumus
1369 2169 1405 2199 et
1427 2167 1636 2205 mandamus,
1652 2176 1696 2198 ne
1717 2165 1848 2207 aliquos

459 2215 633 2253 questores
649 2211 846 2253 hujusmodi
867 2211 910 2242 de
932 2214 1053 2249 cetero,
1069 2210 1134 2242 nisi
1158 2210 1287 2242 Literas
1310 2213 1453 2250 nostras,
1469 2213 1547 2252 post
1569 2210 1685 2242 datam
1709 2210 1846 2241 Presen-

459 2256 549 2287 cium
564 2255 743 2292 confectas,
759 2257 876 2286 nostro
891 2254 1008 2295 sigillo,
1026 2264 1093 2286 una
1108 2264 1185 2286 cum
1202 2254 1418 2295 impressione
1433 2254 1526 2292 anuli
1571 2252 1590 2270 ⁴*
1659 2252 1678 2269 ⁴⁶
1745 2251 1764 2269 ⁴*
1825 2251 1844 2268 ⁴*

459 2299 546 2341 [The
562 2300 671 2339 Entry
689 2298 772 2330 ends
787 2298 875 2338 here,
892 2308 990 2339 space
1004 2298 1058 2330 for
1072 2298 1118 2330 its
1133 2298 1337 2339 completion
1354 2297 1387 2338 (8
1402 2297 1501 2338 lines)
1517 2296 1642 2340 having
1661 2296 1748 2330 been
1769 2296 1844 2336 left,

460 2343 525 2375 but
542 2353 642 2375 never
659 2342 823 2382 utilized.]

416 2407 598 2458 Cotleigh
619 2405 882 2460 [Cotteleghe,
905 2404 1006 2460 MS.]
1024 2420 1035 2454 3
1064 2407 1126 2445 Sir
1144 2407 1314 2445 Thomas
1333 2406 1564 2458 Aspertone,
1585 2406 1702 2452 R„—

416 2463 556 2494 Licence
571 2462 607 2493 of
622 2461 874 2493 non-residence
896 2461 949 2493 for
971 2465 1038 2492 two
1060 2471 1167 2502 years,
1185 2461 1499 2502 “contemplacione
1523 2459 1658 2492 Domini
1680 2458 1846 2492 Johauuis

462 2506 631 2547 Dynham,
656 2505 799 2544 Militis3
822 2505 916 2544 dum,
940 2507 1065 2544 tamen,
1089 2504 1227 2537 steterit
1248 2504 1284 2536 in
1306 2505 1474 2546 obsequiis
1496 2504 1650 2546 ejusdem
1672 2513 1733 2546 per
1754 2503 1845 2536 idem

459 2552 606 2591 tempus,
622 2549 708 2581 etc.”
732 2548 946 2590 (Chudleigh,
964 2550 983 2580 2
1006 2548 1109 2590 May).

523 2699 745 2758 mutatio
790 2699 925 2752 &nni
971 2695 1362 2752 (etunsettatium'z
1403 2699 1624 2752 fflumini.

415 2787 554 2840 glimo
582 2786 763 2839 &omini
791 2788 840 2828 nt
869 2798 1012 2839 supra,
1043 2786 1084 2828 tt
1113 2784 1466 2830 Qtonznracioniz
1493 2784 1674 2839 §antini
1706 2784 1845 2839 gimo

468 2842 612 2883 ortano
645 2840 944 2893 incipiente,—

414 2907 746 2958 Illegitimacy,—

415 2961 514 3000 Item,
534 2961 729 2999 Criditonie,
747 2960 981 2992 terciodecimo
997 2960 1051 2992 die
1073 2959 1226 3002 ejusdem
1249 2960 1373 2992 mensis
1395 2959 1484 3000 Maii,
1500 2959 1652 2992 exhibita
1672 2959 1742 2994 fuit
1763 2970 1843 3004 que·

457 3004 535 3036 dam
554 3004 768 3046 Dispensacio
790 3015 852 3046 pro
874 3007 971 3046 parte
993 3004 1121 3037 'rhome
1143 3004 1318 3046 Gerveys;
1338 3014 1417 3037 cum
1439 3014 1508 3047 quo
1529 3003 1696 3037 Dominus
1718 3003 1845 3045 Simon,
