1988 3256
633 303 994 351 INSTITUTIONS,
1031 306 1134 342 arc.
1597 295 1668 346 6¹7

108 407 186 436 ΑΛ)-
217 409 374 442 —Litera
391 409 660 451 Confirmacionis
674 410 866 452 hujusmodi
880 411 1112 452 Maionia,—

107 443 215 503 }333·1.

106 510 149 537 11.

117 1990 170 2018 iol.

221 454 378 494 Thomas,
402 457 476 494 etc„
501 454 611 486 Fratri
634 454 763 486 Thome
791 455 968 497 Cullynge,
991 459 1066 496 etc.,
1090 457 1246 497 salutem,
1270 458 1529 490 etc—Vacante
1551 458 1661 498 nuper

267 497 470 530 Monasterio
485 498 658 531 antedicto
674 510 733 540 per
749 503 892 531 mortem
909 500 1035 532 Fratris
1058 501 1222 542 Stephani
1238 503 1279 533 de
1298 501 1530 543 Langhedone,
1547 501 1661 533 ultimi

262 541 405 573 Abbatis
421 541 586 583 ejusdem,
603 543 817 585 Pastorisque
840 543 961 575 solacio
984 545 1160 584 destituto,
1178 548 1254 586 post
1277 545 1419 586 petitam
1436 546 1604 576 instanter
1626 548 1662 576 et

262 586 402 617 demum
418 589 593 627 optentam
611 587 798 618 Licenciam
816 587 955 627 Regiam
970 588 1076 619 alium
1091 589 1264 630 ydoneum
1280 589 1390 620 eidem
1407 589 1611 621 Monasterio
1626 589 1661 620 in

262 629 432 661 Abbatem
455 630 599 671 eligendi
622 633 658 662 et
682 631 865 671 Pastorem,
889 632 1166 673 congregatisque
1188 632 1223 664 in
1249 634 1358 664 Domo
1381 633 1568 674 Capitulari
1591 644 1662 674 pre-

263 674 347 705 dicti
374 674 579 713 Monasterii,
607 674 662 705 die
689 675 729 706 ad
758 675 966 707 Eleccionem
998 676 1196 717 hujusmodi
1222 676 1456 708 celebrandam
1483 677 1661 718 assignata,

264 717 379 749 Priore
395 720 430 749 et
445 717 618 749 Monachis
634 718 787 760 ejusdem
804 718 999 751 Monasterii
1015 720 1074 761 qui
1090 720 1287 761 hujusmodi
1312 720 1479 752 Eleccioni
1501 721 1662 752 interesse

264 762 462 801 debuerant,
479 764 514 793 et
529 762 571 792 de
586 761 695 793 forma
710 762 894 794 Eleccionis
909 763 1063 804 ejusdem
1079 763 1259 804 diligenter
1273 764 1509 804 tractantibus,
1522 765 1661 796 tandem

264 805 393 847 placuit
415 805 475 844 eis,
499 805 657 837 omnibus
680 809 716 838 et
738 804 889 847 singulis,
906 807 947 838 ad
967 807 1176 839 Eleccionem
1191 807 1302 839 futuri
1327 808 1468 840 Abbatis
1491 819 1551 850 per
1573 808 1661 840 viam

265 849 443 890 procedere
461 849 693 890 compromissi
708 859 717 888 3
733 852 780 889 et,
797 850 1054 892 subsequenter,
1070 855 1218 892 quatuor
1232 862 1274 883 ex
1288 852 1389 884 certis
1407 852 1664 884 Commonachis

267 893 374 934 ipsius
390 893 596 933 Monasterii,
606 893 641 925 in
655 903 740 935 quos
756 893 900 935 eligendi
915 894 980 926 sibi
996 895 1163 926 Abbatem
1182 896 1277 927 Prior
1291 898 1327 928 et
1343 895 1498 927 Monachi
1510 896 1663 937 ejusdem

267 937 462 969 Monasterii
488 937 709 969 contulerunt
734 938 940 969 unanimiter
968 941 1184 979 potestatem,
1212 942 1246 970 te
1273 939 1308 971 in
1333 950 1451 971 eorum
1481 939 1662 979 Abbatem,

265 981 366 1023 juxta
382 980 525 1012 formam
549 981 614 1012 sibi
635 981 807 1021 traditam,
824 981 1009 1022 elegerunt,
1023 985 1059 1014 et
1074 983 1292 1023 postmodum
1318 983 1526 1015 Eleccionem
1543 982 1603 1024 huj
1609 995 1663 1015 us-

268 1025 359 1056 modi
375 1024 481 1064 nobis,
498 1035 557 1066 per
573 1025 809 1056 Procuratores
821 1036 900 1056 suos
914 1025 951 1056 in
967 1026 1028 1057 hac
1043 1029 1149 1067 parte,
1162 1030 1412 1067 presentarunt,
1426 1027 1534 1068 ipsam
1548 1031 1663 1069 peten-

267 1071 320 1101 tes
335 1068 511 1100 humiliter
523 1079 582 1109 per
591 1078 652 1100 nos
665 1069 765 1100 velud
778 1069 979 1101 Canonicam
990 1070 1188 1102 confirmari.
1228 1071 1308 1110 Nos,
1322 1081 1410 1110 vero,
1422 1082 1465 1102 ne
1478 1068 1536 1112 per
1547 1082 1662 1112 repen-

267 1113 376 1144 tinam
405 1111 718 1152 confirmacionem,
748 1115 866 1144 contra
895 1113 1084 1145 doctrinam
1116 1114 1281 1155 Apostoli,
1314 1115 1416 1146 nimis
1446 1115 1512 1146 cito
1544 1125 1665 1146 manus

270 1157 386 1188 Electo
401 1166 578 1197 apponere,
591 1156 644 1188 vel
659 1156 702 1188 ab
718 1156 916 1198 hujusmodi
932 1157 1117 1189 Eleccionis
1131 1158 1319 1190 indiscusso
1334 1159 1471 1199 negocio
1487 1159 1666 1200 procedere

268 1200 461 1232 videremur
475 1210 486 1238 ;
502 1199 674 1241 premissa,
692 1203 732 1232 ut
746 1203 798 1232 est
814 1201 926 1240 moris,
939 1202 1093 1233 omnium
1106 1212 1252 1243 quorum
1263 1202 1417 1241 interest,
1429 1203 1488 1244 qui
1500 1213 1535 1234 se
1547 1206 1665 1234 contra

268 1244 478 1276 Eleccionem
502 1243 701 1285 hujusmodi
724 1244 776 1276 vel
805 1245 914 1276 Electi
935 1255 1111 1285 personam
1132 1256 1299 1287 opponere
1323 1246 1459 1286 vellent,
1482 1247 1664 1288 proclama-

268 1288 362 1320 cione
378 1287 511 1328 publica
526 1292 563 1319 et
577 1287 752 1329 solempni,
769 1288 1036 1330 examinatisque
1050 1289 1140 1321 dicte
1165 1289 1347 1321 Eleccionis
1363 1289 1524 1322 Processu
1542 1293 1576 1322 et
1591 1301 1664 1332 per·

268 1342 350 1364 sona.
373 1331 436 1371 tui,
454 1331 563 1363 Electi
585 1331 808 1373 hujusmodi3
832 1332 911 1373 quia
934 1333 1062 1364 dictam
1079 1333 1288 1365 Eleccionem
1305 1334 1495 1365 invenimus
1511 1334 1616 1366 fuisse
1631 1337 1667 1366 et

269 1387 341 1408 esse
358 1375 525 1408 Canonice
535 1375 749 1414 celebratam,
766 1376 1046 1408 concurrentibus
1062 1377 1220 1409 omnibus
1236 1381 1271 1409 et
1286 1377 1428 1418 singulis
1443 1378 1478 1409 in
1495 1378 1557 1410 hac
1569 1381 1666 1419 parte

270 1420 312 1452 de
327 1419 404 1461 jure
419 1419 601 1461 requisitis,
617 1422 816 1461 servatoque
832 1429 934 1460 super
950 1419 1014 1451 hiis
1037 1420 1197 1452 Processu
1214 1421 1375 1462 legitimo,
1392 1422 1532 1453 eandem
1549 1425 1665 1453 aucto-

269 1463 371 1495 ritate
394 1466 509 1494 nostra
531 1463 715 1494 Diocesana
737 1463 1010 1495 confirmavimus
1023 1474 1034 1502 ς
1058 1464 1100 1495 de
1117 1464 1279 1505 Licencia,
1296 1467 1421 1504 tamen,
1453 1489 1461 1498 .
1494 1488 1502 1497 .
1537 1489 1546 1498 .
1579 1466 1665 1497 Lon-

270 1506 441 1539 doniensis
452 1506 618 1548 Episcopi,
631 1506 728 1538 nobis
743 1507 779 1538 in
795 1507 857 1538 hac
869 1510 965 1548 parte
980 1507 1166 1548 commissa,
1177 1508 1266 1541 sicut
1275 1512 1311 1540 et
1321 1511 1438 1540 tenore
1450 1509 1666 1541 Presencium

271 1550 534 1588 confirmamus3
557 1560 683 1590 curam,
706 1551 865 1592 regimen,
883 1561 920 1582 ac
935 1551 1164 1592 spiritualium
1188 1556 1223 1583 et
1245 1552 1483 1594 temporalium
1501 1553 1663 1585 adminis-

272 1594 455 1627 tracionem
472 1593 594 1635 prefati
612 1594 804 1626 Monasterii
820 1594 893 1634 tibi,
913 1594 1028 1627 Electo
1044 1595 1205 1636 predicto,
1218 1595 1322 1627 habili
1338 1597 1380 1628 ad
1397 1596 1460 1628 hoc
1474 1599 1510 1628 et
1524 1597 1667 1638 ydoneo,

271 1638 314 1670 de
327 1638 480 1679 legitimo
495 1637 594 1670 thoro
617 1640 800 1678 procreato,
823 1638 859 1670 in
883 1641 974 1670 etate
996 1638 1147 1679 legitima
1169 1639 1366 1680 constituto,
1383 1640 1417 1671 in
1434 1640 1668 1682 spiritualibus

272 1685 308 1714 et
322 1681 565 1724 temporalibus
580 1681 832 1723 circumspecto,
855 1682 890 1713 in
914 1682 1061 1714 Domino
1084 1682 1363 1722 committentem
1386 1683 1483 1715 firma
1505 1687 1667 1726 concepta

271 1725 394 1758 fiducia
408 1725 500 1767 quod
515 1725 606 1757 idem
622 1725 875 1765 Mmasterium,
892 1736 951 1767 per
966 1729 1026 1758 tue
1038 1726 1212 1767 vigilancie
1228 1727 1382 1759 studium
1398 1730 1434 1759 et
1449 1728 1667 1769 circumspec-

271 1769 376 1802 cionis
397 1769 613 1808 industriam,
630 1779 649 1801 a
664 1768 761 1811 lapsu
784 1779 886 1811 quem
908 1770 951 1801 ad
974 1780 1120 1811 presens,
1138 1770 1346 1811 prochdolor,
1363 1771 1510 1803 sustinet
1525 1771 1666 1804 faculta-

270 1817 349 1846 tum
364 1813 553 1855 respirabit,
572 1815 606 1845 et
622 1823 642 1844 a
657 1813 766 1845 noxiis
777 1813 1026 1854 preservabitur
1041 1816 1076 1846 et
1091 1814 1246 1846 adversis.
1295 1815 1336 1846 In
1353 1825 1498 1856 quorum
1514 1816 1667 1847 omnium

270 1857 506 1889 testimonium
532 1856 680 1898 sigillum
710 1860 867 1889 nostrum
891 1857 956 1889 hiis
982 1857 1144 1890 duximus
1167 1859 1556 1900 apponendum—Data
1578 1860 1666 1892 Lon-

271 1900 391 1942 doniis,
418 1900 483 1943 xij⁰
509 1900 564 1932 die
587 1900 712 1933 mensis
739 1900 922 1942 Februarii,
946 1901 1056 1942 Anno,
1080 1905 1143 1934 etc.
1171 1902 1306 1943 lxxxmo,
1330 1905 1366 1935 et
1397 1903 1667 1935 Consecracionis

270 1947 386 1977 nostre
400 1944 487 1987 xjmo,

227 1988 474 2021 —Moendatum
489 1987 535 2020 ad
549 1987 773 2020 inducendum
788 1992 818 2020 et
832 1988 1125 2029 instauratum,—

117 2024 181 2053 341’·
226 2033 382 2072 Thomas,
394 2035 468 2072 etc„
482 2031 724 2064 Archidiacono
733 2035 850 2064 nostro
858 2032 1025 2073 Tottonie,
1037 2033 1089 2065 vel
1099 2032 1174 2075 ejus
1184 2032 1335 2072 Officiali,
1346 2033 1500 2074 salutem,
1511 2034 1666 2075 graciam,

270 2080 306 2108 et
320 2076 799 2108 benediccionem—Vacante
813 2086 923 2117 nuper
946 2077 1148 2108 Monasterio
1163 2077 1394 2118 Tavystochie,
1411 2081 1486 2117 etc„
1504 2088 1562 2119 per
1577 2088 1667 2109 mor-

271 2123 342 2152 tem
357 2120 486 2152 Fratris
502 2119 666 2161 Stephani
683 2120 726 2151 de
738 2119 973 2160 Langhedone,
986 2120 1100 2152 ultimi
1116 2120 1259 2152 Abbatis
1275 2119 1438 2162 ejusdem,
1452 2121 1668 2163 Pastor-isque

271 2164 405 2204 solacio,
434 2166 509 2203 etc„
537 2167 579 2196 ut
608 2174 711 2205 supra
739 2173 848 2204 usque
880 2164 981 2195 verba
1011 2164 1216 2196 unanimiter
1238 2169 1433 2205 potestatem,
1460 2165 1666 2206 Religionum

271 2208 396 2247 virum,
425 2208 580 2239 Fratrem
602 2207 768 2239 Thomam
791 2206 970 2249 Cullynge,
996 2207 1120 2249 prefati
1143 2208 1339 2240 Monasterii
1363 2209 1665 2249 Commonachum,

269 2254 344 2291 etc„
363 2254 404 2283 ut
419 2261 520 2293 supra
536 2260 644 2292 usque
659 2250 762 2283 verba
778 2250 932 2283 Processu
947 2255 976 2283 et
987 2261 1127 2292 persona
1142 2251 1285 2293 predicti
1301 2252 1428 2290 Electi;
1446 2253 1526 2294 quia
1541 2253 1667 2285 dictam

272 2295 482 2327 Eleccionem
498 2294 691 2327 invenimus
706 2294 811 2326 fuisse
833 2296 869 2326 et
891 2305 974 2335 esse,
993 2298 1066 2335 etc„
1092 2298 1132 2327 ut
1154 2306 1255 2336 supra
1278 2306 1386 2337 usque
1402 2296 1504 2328 verba
1518 2296 1609 2328 nobis
1630 2299 1669 2328 in

271 2338 332 2372 hac
342 2342 438 2380 parte
453 2339 618 2371 commissa
631 2348 641 2377 3
664 2348 790 2377 curam,
806 2337 965 2379 regimen,
982 2349 1020 2371 ac
1034 2338 1262 2380 spiritualium
1285 2342 1321 2371 et
1342 2340 1583 2381 temporalium
1606 2341 1665 2372 ad-

272 2382 556 2415 ministracionem
572 2382 684 2414 eidem
702 2381 816 2413 Electo
839 2382 1001 2423 predicto,
1018 2382 1134 2421 habili,
1153 2386 1227 2421 etc„
1247 2393 1355 2424 usque
1371 2383 1513 2415 verbum
1528 2386 1668 2416 commit-

271 2430 378 2459 tenus.
427 2426 589 2466 Quociroe.
612 2426 706 2457 vobis
728 2425 975 2458 committimus
998 2429 1034 2458 et
1054 2426 1265 2467 mandamus,
1283 2426 1424 2458 firmiter
1439 2427 1666 2468 injungentes,

270 2470 432 2512 quatinus
447 2470 593 2501 eundem
617 2469 784 2501 Abbatem
806 2469 842 2501 in
865 2469 1070 2511 corporalem
1093 2470 1334 2511 possessionem
1357 2469 1510 2512 ejusdem
1533 2471 1668 2503 Menas-

270 2513 357 2554 terii,
374 2523 452 2545 cum
467 2513 538 2545 suis
552 2513 687 2555 juribus
702 2515 738 2545 et
754 2513 970 2554 pertinenciis
980 2513 1145 2545 universis
1160 2514 1201 2544 ad
1218 2513 1386 2545 Abbatem
1403 2514 1485 2546 dicti
1502 2515 1582 2547 Loci
1594 2526 1668 2556 per-

271 2557 474 2594 tinentibus,
491 2557 670 2594 inducatis,
689 2559 726 2588 et
741 2556 880 2588 stallum
896 2557 959 2588 sibi
975 2557 1130 2589 debitum
1154 2557 1339 2598 assignetis,
1356 2560 1533 2599 ceteraque
1556 2559 1669 2590 omnia

272 2604 308 2633 et
322 2600 455 2641 singula
470 2600 505 2632 in
521 2600 585 2632 hac
599 2603 695 2642 parte
718 2599 902 2631 necessaria
924 2604 960 2632 et
982 2601 1016 2632 in
1040 2600 1271 2632 consimilibus
1287 2604 1448 2632 consueta
1464 2602 1573 2633 eidem
1596 2602 1668 2634 fieri

273 2644 413 2676 faciatis.
460 2644 506 2675 Et
521 2644 605 2685 quid
620 2643 766 2676 feceritis
781 2643 816 2674 in
833 2644 1003 2684 premissis
1026 2654 1097 2683 nos,
1120 2643 1319 2685 hujusmodi
1341 2644 1476 2686 negocio
1499 2646 1667 2686 expedito,

273 2698 351 2720 cum
367 2698 426 2729 per
440 2690 573 2729 partem
588 2687 711 2729 prefati
726 2687 870 2718 Abbatis
885 2697 1031 2728 congrue
1052 2697 1154 2728 super
1176 2687 1237 2719 hec
1260 2687 1394 2719 fueritis
1417 2689 1582 2730 requisiti,
1599 2700 1667 2721 cer-

273 2731 410 2763 tificetis
435 2741 495 2772 per
522 2731 653 2763 Literas
676 2734 805 2763 vestras
833 2733 997 2771 patentes,
1021 2730 1143 2762 harum
1169 2731 1289 2762 seriem
1313 2731 1536 2772 continentes,
1559 2733 1668 2774 sigillo

275 2775 379 2806 vestri
395 2774 503 2806 Officii
519 2775 681 2807 veraciter
696 2774 1097 2814 consignatas—Datum
1115 2774 1307 2814 Londoniis,
1326 2777 1366 2806 ut
1381 2785 1419 2807 su
1426 2786 1493 2815 pra.

232 2818 362 2858 Postea,
378 2818 523 2859 septimo
538 2818 668 2850 decimo
683 2818 738 2849 die
754 2817 838 2849 dicti
853 2818 977 2849 mensis
994 2817 1178 2857 Februarii,
1194 2818 1352 2850 videlicet
1368 2817 1431 2850 Die
1447 2819 1669 2851 Dominicain
1702 2851 1706 2854 Δ

275 2862 497 2903 sexagesima,
513 2862 693 2900 Dominus,
718 2861 754 2893 in
778 2860 914 2901 Capella
936 2871 998 2892 sua
1020 2861 1062 2892 de
1086 2861 1293 2900 Farendone,
1314 2862 1568 2903 Wyntoniensis
1590 2863 1668 2894 Dio-

274 2905 367 2944 cesis,
385 2905 512 2936 virtute
529 2905 780 2937 commissionis
792 2903 993 2945 subscripto,
1007 2904 1182 2936 benedixit
1198 2905 1366 2936 Abbatem
1382 2906 1571 2946 predictum
1584 2917 1594 2944 ς
1611 2907 1670 2948 qui

271 2947 402 2990 juravit
417 2947 666 2989 Obedienciam,
682 2951 724 2986 ut
739 2947 970 2990 subsequitur,
987 2949 1023 2980 et
1043 2947 1173 2981 Literas
1187 2947 1310 2980 habuit
1325 2949 1389 2981 sub
1403 2949 1469 2981 hiis
1483 2950 1650 2991 verbis,—

264 2993 312 3042 ,2
