1988 3256
470 340 763 376 REGISTRUM
799 341 1261 376 οοΜΜυΝΕ-ΑΝΝΟ
1299 333 1363 377 3⁰.
1597 330 1693 376 289

146 440 224 468 ΑΒ·
295 445 416 476 notum
440 444 695 477 Procuratorem
719 444 918 486 generalem,
941 445 1104 486 recepisse
1127 447 1163 477 et
1196 443 1362 484 habuisse,
1388 445 1443 476 die
1472 444 1693 477 confeccionis

147 474 237 535 1νῇἳῖ
298 488 523 528 Presencium,
546 488 589 519 de
615 489 781 530 Episcopo
807 489 1000 529 Exoniensi,
1028 499 1088 531 per
1113 498 1233 520 manus
1263 488 1403 520 Walten·
1433 488 1475 520 de
1505 488 1691 530 Aldebury,

202 529 210 536 ⁸
240 529 248 536 ⁹
298 532 457 564 canonici
481 532 597 564 Sancti
613 532 709 564 Pauli
726 532 986 572 Londoniarum,
1003 533 1225 574 quadraginta
1240 535 1277 564 et
1291 542 1350 564 sex
1365 532 1476 570 libras,
1489 531 1574 573 xiijs.
1587 535 1622 564 et
1634 532 1690 564 xd.

299 575 548 617 sterlingorum,
564 576 607 607 de
624 576 914 617 procuracionibus
936 576 1104 608 dictorum
1130 577 1352 607 Dominorum
1377 574 1606 607 Cardinalium
1630 586 1691 616 pro

299 620 408 662 primo
423 630 511 651 anno
527 619 764 651 Nunciacionis
779 630 848 659 sue,
865 623 934 651 tam
947 620 1059 661 ipsum
1077 620 1280 661 Episcopum
1295 629 1398 660 quam
1414 622 1528 652 totum
1554 619 1690 650 Clerum

300 663 449 697 Diocesis
473 673 542 702 sue,
566 673 627 705 pro
648 663 805 695 omnibus
828 664 1069 704 temporalibus
1092 667 1128 695 et
1152 663 1385 704 spiritualibus
1411 663 1482 694 suis
1507 663 1543 695 in
1573 662 1688 694 eadem

302 707 432 740 Diocesi
447 707 732 748 contingentibus,
747 707 782 738 in
807 707 1034 748 persolucione
1059 707 1232 748 octoginta
1251 710 1288 738 et
1314 706 1415 738 unius
1442 707 1613 746 librarum,
1643 705 1688 748 vij

300 751 494 789 solidorum,
522 753 557 782 et
580 748 612 791 xj
638 750 864 790 denariorum,
893 751 1051 783 videlicet
1076 751 1119 782 ad
1146 750 1334 792 quamlibet
1360 750 1480 782 libram
1507 750 1691 782 taxacionis

300 794 528 837 spiritualium
545 797 581 826 et
596 794 832 835 temporalium
856 795 1087 835 predictorum
1110 797 1258 836 quatuor
1280 794 1433 825 denarios
1450 804 1459 833 ;
1481 793 1574 826 salva
1594 793 1690 825 nobis

301 841 470 880 potestate
486 838 628 877 levandi,
644 838 808 879 exigendi,
825 842 862 869 et
876 838 1058 879 recipiendi
1072 838 1100 869 si
1111 838 1194 880 quid
1206 840 1316 869 aretro
1328 837 1434 870 fuerit
1449 848 1516 869 non
1526 837 1689 869 solutum.

301 881 527 914 committens
549 882 656 913 eidem
674 882 823 913 Waltero
838 885 1040 923 potestatem
1057 881 1259 923 aggi-mandi
1281 891 1398 912 omnes
1420 891 1488 913 non
1510 881 1690 919 solventes,

301 926 538 967 solventesque
553 925 748 957 absolvendi
760 925 802 957 de
817 925 1090 967 quibuscumque
1113 924 1299 956 Senteneiis
1323 924 1691 957 Excomrnunicacionis

302 980 386 1012 quas
401 969 605 1001 incurrerint
621 972 758 1020 propter
773 969 1036 1001 retardacionem
1047 968 1244 1010 hujusmodi
1257 968 1447 1001 solucionis.
1493 969 1544 1000 De
1556 968 1691 1010 quibus,

301 1013 453 1055 quidem,
478 1012 586 1054 xlvjli.
604 1012 691 1054 xiijo.
707 1012 763 1045 xd.
786 1012 894 1044 fateor
917 1022 970 1044 me
993 1012 1130 1044 nomine
1153 1012 1375 1044 Dominornm
1398 1022 1552 1045 meorum
1575 1011 1692 1053 supra-

301 1058 471 1089 dictorum
488 1056 635 1098 plenarie
650 1056 720 1088 iore
736 1059 903 1097 pacatum,
920 1059 956 1088 et
970 1056 1102 1088 dictum
1119 1056 1333 1098 Episcopum,
1347 1055 1487 1088 heredes
1503 1065 1541 1087 ac
1561 1056 1691 1087 Execu-

300 1103 391 1133 tores
405 1111 493 1139 suos,
509 1103 545 1132 et
562 1100 697 1132 Clerum
722 1100 870 1132 Diocesis
893 1110 953 1132 sue
978 1099 1139 1142 predicte,
1166 1100 1245 1132 inde
1269 1099 1342 1131 iore
1367 1100 1502 1141 quietos
1524 1099 1689 1141 imperpe-

300 1144 569 1178 tuum.—-Dated
586 1144 736 1183 London‚
755 1144 795 1176 15
811 1143 887 1177 Oct.

149 1254 225 1286 24b.1

148 1221 211 1252 1¹⁰¹·
259 1222 610 1315 Οἱὶῗίῐίὶοη-Βὶεὴορ
639 1211 877 1275 [Churitone
906 1221 1101 1273 Episcopi,
1131 1219 1262 1274 Ms.];
1303 1221 1411 1260 John
1442 1221 1690 1273 Brymmour,

259 1307 399 1364 Licence
429 1330 465 1362 oi
490 1330 753 1370 non-residence‚
781 1330 1100 1372 “contemplacione
1125 1330 1265 1362 Domini
1288 1330 1411 1372 Regis3
1438 1332 1474 1362 et
1496 1329 1695 1362 dimittendi

301 1374 500 1416 [Ecclesiam
517 1374 628 1414 suam]
650 1374 694 1406 ad
717 1374 861 1414 firmam,
879 1384 956 1406 cum
973 1373 1132 1406 clausulis
1153 1375 1354 1415 necessariis,
1371 1374 1535 1416 quamdiu
1558 1374 1694 1407 steterit

303 1419 338 1450 iu
354 1418 492 1450 servicio
508 1417 591 1450 dicti
606 1417 744 1450 Domini
761 1418 870 1459 Regis,
885 1417 971 1451 etc⁸¹
987 1417 1110 1459 (Clyst,
1126 1419 1168 1450 26
1185 1417 1259 1450 Oct.
1266 1417 1289 1458 ).

149 1496 229 1557 9ξὲ-
261 1495 679 1542 Excommunication3
705 1494 879 1533 Articuli
898 1508 976 1544 pro
1003 1495 1140 1544 quibus
1158 1494 1380 1533 incurritur
1396 1493 1598 1534 Sentencia
1616 1494 1695 1533 Ex-

151 1563 234 1595 nm]
316 1549 674 1588 communicacionis
691 1549 775 1598 ipso
783 1550 906 1599 factO,
910 1572 965 1578 —

150 1615 213 1647 [ιο]
261 1605 418 1643 Thomas,
431 1607 504 1643 etc„
518 1603 760 1635 Archidiacono
772 1606 888 1635 nostro
903 1603 1071 1642 Tottonie‚
1087 1603 1140 1635 vel
1156 1602 1231 1644 ejus
1248 1603 1397 1642 Officiali,
1414 1603 1572 1642 salutem,
1583 1606 1693 1636 etc.—

151 1650 228 1681 3⁰b-l
303 1648 398 1680 Inter
421 1627 547 1679 ceteras
574 1647 755 1679 Pastoralis
777 1657 855 1679 cure
882 1657 949 1688 que
972 1646 1068 1678 nobis
1090 1646 1295 1678 incumbunt
1317 1647 1572 1686 sollicitudines,
1595 1657 1694 1678 causa

303 1692 482 1724 Adventus
505 1690 612 1722 nostri
636 1690 881 1732 Redemptoris,
899 1690 965 1729 Qui
987 1700 1055 1722 non
1077 1693 1214 1721 tantum
1238 1701 1299 1731 pro
1319 1690 1423 1732 justis
1439 1694 1492 1721 set
1506 1690 1610 1722 eciam
1635 1701 1695 1732 pro

305 1735 424 1766 ovibus
439 1744 506 1776 que
522 1734 690 1776 perierant
706 1734 854 1765 venerati
871 1734 978 1766 Officii
995 1734 1102 1766 nostri
1122 1734 1278 1766 debitum
1298 1733 1504 1766 incessanter
1518 1734 1644 1766 excitat
1659 1737 1695 1765 et

303 1779 430 1810 invitat
452 1778 641 1810 animarum
664 1778 766 1809 saluti
789 1778 969 1818 diligenter
990 1777 1174 1818 invigilare,
1190 1788 1335 1819 ovesque
1352 1778 1470 1818 Gregis
1486 1777 1583 1808 nobis
1606 1788 1694 1809 com·

306 1822 400 1854 missi
422 1832 518 1853 sanas
540 1821 720 1853 salubriter
742 1821 918 1853 confovere
940 1824 976 1853 et
998 1821 1138 1852 erratice
1159 1821 1268 1862 lapsas
1294 1821 1337 1852 ad
1364 1821 1453 1852 viam
1481 1821 1633 1852 veritatis
1660 1824 1696 1853 et

305 1866 434 1905 salutis,
450 1875 528 1897 cum
552 1865 615 1897 Dei
637 1865 819 1906 adjutorio,
835 1865 994 1896 reducere
1011 1875 1019 1903 ;
1043 1875 1094 1904 ne,
1111 1866 1202 1905 quod
1225 1864 1324 1902 absit,
1341 1864 1437 1896 nobis
1453 1864 1693 1896 dissimulanti-

305 1910 379 1949 bus,
395 1911 544 1950 pereaut,
560 1912 596 1940 et
618 1919 679 1940 nos
702 1919 762 1949 pro
778 1909 835 1948 eis,
851 1919 893 1940 ex
916 1911 1031 1940 nostra
1053 1908 1264 1949 necligencia,
1281 1908 1405 1940 Divino
1423 1908 1445 1940 J
1449 1908 1559 1939 udicio
1576 1908 1693 1950 punia-

306 1963 391 1985 mur.
439 1953 535 1991 Sane,
552 1962 630 1984 cum
652 1952 790 1994 quidam
811 1952 1002 1993 parochiani
1023 1952 1139 1991 nostri,
1157 1952 1377 1991 literaturam,
1394 1952 1540 1983 maxime
1557 1952 1695 1984 statuta

307 1997 483 2028 canonum
494 1999 530 2027 et
541 1995 741 2027 tradiciones
754 1996 954 2027 Sanctorum
971 1996 1125 2034 Patrum,
1141 2006 1202 2027 sua
1217 1995 1432 2035 simplicitate
1442 1996 1647 2036 ignorantes,
1657 1995 1693 2027 in

306 2039 673 2072 Excommunicacionis
688 2039 893 2079 Sentencias,
906 2050 926 2070 a
941 2039 1040 2070 dictis
1056 2039 1187 2071 Sanctis
1203 2039 1360 2070 Patribus
1375 2049 1395 2070 a
1410 2039 1530 2070 diebus
1545 2039 1694 2080 antiquis

304 2084 400 2123 latas,
413 2081 640 2124 [incidentes]‚
653 2083 744 2124 quod
757 2082 910 2114 dolenter
919 2082 1107 2121 referimus,
1123 2082 1318 2124 frequenter
1331 2082 1378 2113 eis
1389 2092 1455 2124 que
1467 2082 1565 2113 licere
1577 2082 1693 2114 illicite

306 2127 445 2158 credant
460 2126 640 2158 indiscrete
656 2129 813 2165 utantur;
826 2129 865 2157 ut
876 2126 996 2158 talium
1008 2125 1263 2158 Sentenciarum
1277 2126 1417 2167 laqueus
1430 2126 1616 2167 prudenter
1627 2126 1693 2157 evi-

306 2174 410 2209 tetur,
426 2172 462 2202 et
476 2170 666 2211 ignorancie
677 2170 798 2201 cecitas
813 2169 1022 2208 excludatur,
1039 2169 1133 2200 vobis
1149 2170 1359 2209 mandamus,
1375 2170 1409 2200 in
1427 2169 1556 2200 virtute
1572 2170 1696 2202 Sancte

307 2214 508 2246 obediencie
519 2216 555 2245 et
566 2213 631 2245 sub
642 2223 727 2254 pena
742 2213 910 2246 Canonica
922 2213 1063 2244 firmiter
1074 2212 1302 2254 injungentes,
1315 2213 1477 2254 quatinus
1488 2213 1695 2254 subscriptos

305 2257 486 2297 Articulos,
517 2261 654 2298 propter
682 2267 768 2298 quos
799 2256 1166 2288 Excommunicacionis
1196 2256 1375 2288 Sentencia
1405 2257 1592 2288 incurritur
1621 2257 1693 2296 ipso

306 2301 408 2340 facto,
432 2301 466 2332 iu
490 2300 630 2341 singulis
654 2300 847 2340 collegiatis
875 2303 912 2332 et
934 2300 1183 2332 Parochialibus
1214 2299 1369 2331 Ecclesiis
1393 2299 1498 2331 vestri
1520 2299 1694 2332 Archidia-

306 2347 458 2383 conatus,
477 2344 606 2375 Diebus
622 2344 807 2375 Dominicis
822 2346 858 2375 et
873 2343 1119 2384 Solempnibus,
1136 2343 1179 2374 ad
1195 2343 1308 2374 minus
1323 2346 1444 2384 quater
1459 2343 1495 2375 in
1518 2354 1616 2382 anno,
1634 2353 1694 2383 per

308 2387 504 2420 Sacerdotes
521 2387 728 2419 Parochiales
745 2387 918 2428 publicari,
933 2389 967 2418 et
983 2386 1171 2418 incidentes
1193 2387 1228 2418 in
1251 2386 1385 2418 easdem
1409 2387 1603 2418 Sentencias
1626 2387 1692 2418 Ex-

309 2431 572 2462 communicatos
588 2430 783 2462 denunciari
799 2430 938 2469 faciatis,
954 2430 1158 2461 anctoritate
1173 2433 1288 2461 nostra
1301 2440 1310 2468 ;
1333 2429 1474 2471 singulis
1496 2430 1694 2472 hujusmodi

310 2474 533 2506 Ecclesiamm
562 2474 770 2513 Rumoribus,
795 2474 945 2513 Vicat-iis,
975 2476 1010 2504 et
1041 2473 1278 2505 Sacerdotibus
1309 2473 1557 2505 Paroehialibus
1581 2473 1693 2514 injun-

308 2521 435 2558 gentes,
453 2521 493 2548 ut
507 2517 631 2558 singuli
654 2527 770 2549 eorum
793 2517 950 2549 articulos
974 2516 1171 2558 hujusmodi
1192 2517 1227 2548 in
1250 2517 1319 2548 suis
1342 2516 1506 2556 Ecclesiis,
1523 2517 1587 2548 sub
1610 2527 1696 2558 pena

309 2561 446 2592 arbitrio
481 2560 649 2592 ordinarii
679 2561 835 2601 taxanda,
865 2560 1023 2599 habeant,
1054 2560 1142 2592 infra
1171 2570 1330 2599 mensem,
1362 2559 1395 2591 in
1427 2560 1499 2591 loco
1532 2561 1695 2592 eminenti

309 2607 464 2678 paltenter
478 2604 605 2636 affixos.
653 2604 807 2644 Articuli,
823 2607 949 2644 autem,
965 2603 1163 2645 hujusmodi
1178 2603 1373 2635 scribuntur
1395 2603 1545 2643 inferius,
1562 2607 1598 2635 et
1612 2607 1695 2635 sunt

309 2651 345 2679 ta
359 2658 452 2686 es,—

267 2691 392 2723 Omnes
417 2690 466 2722 illi
489 2690 549 2732 qui
575 2690 739 2722 Ecclesias
765 2701 826 2722 suo
855 2690 932 2732 jure
956 2690 1124 2722 maliciose
1153 2690 1285 2731 privare
1316 2693 1527 2731 presumunt,
1551 2693 1612 2722 aut
1634 2702 1694 2732 per

310 2734 476 2766 maliciam
492 2734 680 2766 Liber-tates
695 2734 878 2766 earundem
893 2734 1076 2774 infringere
1090 2743 1150 2765 seu
1166 2733 1362 2774 perturbare
1382 2735 1595 2765 contendunt
1611 2744 1619 2772 ;
1643 2735 1697 2766 vel

311 2777 371 2819 qui
389 2777 518 2809 Literas
532 2778 717 2819 impetrant
732 2788 750 2809 a
766 2787 980 2819 quacumque
996 2777 1096 2809 Curia
1113 2776 1230 2815 laicali,
1249 2777 1292 2808 ad
1308 2776 1561 2818 impediendum
1584 2778 1695 2810 Eccle-

309 2820 518 2852 siasticorum
545 2821 707 2853 Judieum
736 2821 931 2853 Processum
962 2821 996 2852 in
1024 2820 1142 2853 Causis
1167 2824 1203 2852 et
1227 2820 1371 2861 negociis
1397 2830 1464 2862 que
1496 2831 1555 2862 per
1578 2821 1698 2853 Sacros

312 2864 465 2896 Canones
479 2863 522 2895 ad
538 2864 663 2896 Forum
682 2864 953 2896 Ecclesiasticum
975 2867 1162 2896 noscuntur
1182 2864 1349 2905 pertinere
1364 2874 1373 2904 3
1396 2863 1465 2905 qui,
1482 2864 1596 2904 eciam,
1613 2865 1696 2896 false

310 2907 517 2948 excepcionis
546 2907 662 2947 titulo,
695 2907 927 2950 Episcopalem
957 2917 1016 2939 seu
1047 2906 1371 2948 Archiepiscopalem
1403 2908 1600 2940 Processum
1633 2908 1694 2941 im-

311 2950 456 2992 pediunt
469 2953 532 2982 aut
552 2950 810 2993 subterfugiunt
824 2950 1044 2993 disciplinam.

296 3008 333 3043 U
