<?xml version="1.0" encoding="UTF-8"?>
<!DOCTYPE html PUBLIC "-//W3C//DTD XHTML 1.0 Transitional//EN"
    "http://www.w3.org/TR/xhtml1/DTD/xhtml1-transitional.dtd">
<html xmlns="http://www.w3.org/1999/xhtml" xml:lang="en" lang="en">
 <head>
  <title>
</title>
<meta http-equiv="Content-Type" content="text/html;charset=utf-8" />
  <meta name='ocr-system' content='tesseract 3.04.00' />
  <meta name='ocr-capabilities' content='ocr_page ocr_carea ocr_par ocr_line ocrx_word'/>
</head>
<body>
  <div class='ocr_page' id='page_1' title='image "./registerofthomas01hinguoft/registerofthomas01hinguoft_0566.png"; bbox 0 0 1988 3256; ppageno 0'>
   <div class='ocr_carea' id='block_1_1' title="bbox 529 377 1661 416">
    <p class='ocr_par' dir='ltr' id='par_1_1' title="bbox 529 377 1661 416">
     <span class='ocr_line' id='line_1_1' title="bbox 529 377 1661 416; baseline 0.004 -6"><span class='ocrx_word' id='word_1_1' title='bbox 529 377 630 411; x_wconf 84' lang='lat' dir='ltr'>THE</span> <span class='ocrx_word' id='word_1_2' title='bbox 671 377 915 413; x_wconf 82' lang='lat' dir='ltr'>REGISTER</span> <span class='ocrx_word' id='word_1_3' title='bbox 947 378 1008 411; x_wconf 76' lang='lat'>01³·</span> <span class='ocrx_word' id='word_1_4' title='bbox 1043 378 1221 413; x_wconf 85' lang='lat' dir='ltr'>BISHOP</span> <span class='ocrx_word' id='word_1_5' title='bbox 1255 379 1661 416; x_wconf 74' lang='lat' dir='ltr'><strong>BRANTYNGHAM.</strong></span> 
     </span>
    </p>
   </div>
   <div class='ocr_carea' id='block_1_2' title="bbox 473 479 1866 524">
    <p class='ocr_par' dir='ltr' id='par_1_2' title="bbox 473 479 1866 524">
     <span class='ocr_line' id='line_1_2' title="bbox 473 479 1866 524; baseline 0.003 -13"><span class='ocrx_word' id='word_1_6' title='bbox 473 479 554 511; x_wconf 91' lang='lat' dir='ltr'>dine</span> <span class='ocrx_word' id='word_1_7' title='bbox 570 480 715 521; x_wconf 87' lang='lat' dir='ltr'>antiqua</span> <span class='ocrx_word' id='word_1_8' title='bbox 730 481 897 512; x_wconf 81' lang='lat' dir='ltr'>laudabili</span> <span class='ocrx_word' id='word_1_9' title='bbox 906 480 944 512; x_wconf 90' lang='lat' dir='ltr'>in</span> <span class='ocrx_word' id='word_1_10' title='bbox 958 480 1110 513; x_wconf 85' lang='lat' dir='ltr'>Civitate</span> <span class='ocrx_word' id='word_1_11' title='bbox 1123 483 1160 513; x_wconf 90' lang='lat' dir='ltr'>et</span> <span class='ocrx_word' id='word_1_12' title='bbox 1169 481 1308 514; x_wconf 86' lang='lat' dir='ltr'>Diocesi</span> <span class='ocrx_word' id='word_1_13' title='bbox 1318 482 1451 514; x_wconf 87' lang='lat' dir='ltr'>Exom&#39;e</span> <span class='ocrx_word' id='word_1_14' title='bbox 1465 482 1608 523; x_wconf 84' lang='lat' dir='ltr'>usitata,</span> <span class='ocrx_word' id='word_1_15' title='bbox 1619 483 1815 524; x_wconf 81' lang='lat' dir='ltr'>observata,</span> <span class='ocrx_word' id='word_1_16' title='bbox 1827 484 1866 515; x_wconf 88' lang='lat' dir='ltr'>et</span> 
     </span>
    </p>
   </div>
   <div class='ocr_carea' id='block_1_3' title="bbox 412 524 1864 572">
    <p class='ocr_par' dir='ltr' id='par_1_3' title="bbox 412 524 1864 572">
     <span class='ocr_line' id='line_1_3' title="bbox 412 524 1864 572; baseline 0.003 -17"><span class='ocrx_word' id='word_1_17' title='bbox 412 564 420 572; x_wconf 52' lang='lat'><strong>·</strong></span> <span class='ocrx_word' id='word_1_18' title='bbox 472 524 629 565; x_wconf 80' lang='lat' dir='ltr'>legitime</span> <span class='ocrx_word' id='word_1_19' title='bbox 645 525 683 556; x_wconf 87' lang='lat' dir='ltr'>in</span> <span class='ocrx_word' id='word_1_20' title='bbox 698 525 765 557; x_wconf 90' lang='lat' dir='ltr'>hac</span> <span class='ocrx_word' id='word_1_21' title='bbox 780 527 881 566; x_wconf 89' lang='lat' dir='ltr'>parte</span> <span class='ocrx_word' id='word_1_22' title='bbox 904 526 1110 566; x_wconf 87' lang='lat' dir='ltr'>prescripta,</span> <span class='ocrx_word' id='word_1_23' title='bbox 1128 526 1171 557; x_wconf 91' lang='lat' dir='ltr'>de</span> <span class='ocrx_word' id='word_1_24' title='bbox 1187 526 1392 558; x_wconf 79' lang='lat' dir='ltr'><strong>criminibus</strong></span> <span class='ocrx_word' id='word_1_25' title='bbox 1408 529 1445 558; x_wconf 88' lang='lat' dir='ltr'>et</span> <span class='ocrx_word' id='word_1_26' title='bbox 1460 527 1660 559; x_wconf 74' lang='lat' dir='ltr'><strong>excessibus</strong></span> <span class='ocrx_word' id='word_1_27' title='bbox 1675 527 1788 560; x_wconf 85' lang='lat' dir='ltr'>eciam</span> <span class='ocrx_word' id='word_1_28' title='bbox 1802 537 1864 560; x_wconf 88' lang='lat' dir='ltr'>no-</span> 
     </span>
    </p>
   </div>
   <div class='ocr_carea' id='block_1_4' title="bbox 473 569 1871 880">
    <p class='ocr_par' dir='ltr' id='par_1_4' title="bbox 473 569 1871 880">
     <span class='ocr_line' id='line_1_4' title="bbox 473 569 1865 610; baseline 0.003 -10"><span class='ocrx_word' id='word_1_29' title='bbox 473 569 573 600; x_wconf 88' lang='lat' dir='ltr'>toriis</span> <span class='ocrx_word' id='word_1_30' title='bbox 589 580 888 610; x_wconf 86' lang='lat' dir='ltr'>quorumcumque</span> <span class='ocrx_word' id='word_1_31' title='bbox 904 570 989 601; x_wconf 89' lang='lat' dir='ltr'>dicti</span> <span class='ocrx_word' id='word_1_32' title='bbox 1014 570 1131 601; x_wconf 89' lang='lat' dir='ltr'>Patris</span> <span class='ocrx_word' id='word_1_33' title='bbox 1147 570 1368 602; x_wconf 85' lang='lat' dir='ltr'>subditorum</span> <span class='ocrx_word' id='word_1_34' title='bbox 1387 571 1482 603; x_wconf 85' lang='lat' dir='ltr'>infra</span> <span class='ocrx_word' id='word_1_35' title='bbox 1499 572 1688 604; x_wconf 71' lang='lat' dir='ltr'><strong>Civitatem</strong></span> <span class='ocrx_word' id='word_1_36' title='bbox 1703 572 1760 604; x_wconf 82' lang='lat' dir='ltr'>vel</span> <span class='ocrx_word' id='word_1_37' title='bbox 1783 572 1865 604; x_wconf 86' lang='lat' dir='ltr'>Dio-</span> 
     </span>
     <span class='ocr_line' id='line_1_5' title="bbox 475 614 1863 658; baseline 0.004 -14"><span class='ocrx_word' id='word_1_38' title='bbox 475 614 582 644; x_wconf 88' lang='lat' dir='ltr'>cesim</span> <span class='ocrx_word' id='word_1_39' title='bbox 600 614 733 645; x_wconf 87' lang='lat' dir='ltr'>Exonie</span> <span class='ocrx_word' id='word_1_40' title='bbox 750 615 959 655; x_wconf 87' lang='lat' dir='ltr'>ubicumque</span> <span class='ocrx_word' id='word_1_41' title='bbox 976 615 1171 646; x_wconf 79' lang='lat' dir='ltr'>commissis</span> <span class='ocrx_word' id='word_1_42' title='bbox 1187 615 1373 656; x_wconf 84' lang='lat' dir='ltr'>inquirere,</span> <span class='ocrx_word' id='word_1_43' title='bbox 1388 616 1551 657; x_wconf 84' lang='lat' dir='ltr'>ipsosque</span> <span class='ocrx_word' id='word_1_44' title='bbox 1567 618 1604 648; x_wconf 90' lang='lat' dir='ltr'>et</span> <span class='ocrx_word' id='word_1_45' title='bbox 1619 626 1661 648; x_wconf 87' lang='lat' dir='ltr'>ea</span> <span class='ocrx_word' id='word_1_46' title='bbox 1675 616 1863 658; x_wconf 73' lang='lat' dir='ltr'>corrigere,</span> 
     </span>
     <span class='ocr_line' id='line_1_6' title="bbox 474 658 1865 702; baseline 0.004 -14"><span class='ocrx_word' id='word_1_47' title='bbox 474 658 610 698; x_wconf 90' lang='lat' dir='ltr'>punire,</span> <span class='ocrx_word' id='word_1_48' title='bbox 635 660 671 690; x_wconf 92' lang='lat' dir='ltr'>et</span> <span class='ocrx_word' id='word_1_49' title='bbox 693 658 868 690; x_wconf 86' lang='lat' dir='ltr'>Canonice</span> <span class='ocrx_word' id='word_1_50' title='bbox 891 659 1095 698; x_wconf 82' lang='lat' dir='ltr'>reformare,</span> <span class='ocrx_word' id='word_1_51' title='bbox 1112 659 1158 690; x_wconf 89' lang='lat' dir='ltr'>ad</span> <span class='ocrx_word' id='word_1_52' title='bbox 1180 659 1330 691; x_wconf 89' lang='lat' dir='ltr'>eundem</span> <span class='ocrx_word' id='word_1_53' title='bbox 1351 660 1598 692; x_wconf 89' lang='lat' dir='ltr'>Venerabilem</span> <span class='ocrx_word' id='word_1_54' title='bbox 1622 661 1765 692; x_wconf 89' lang='lat' dir='ltr'>Patrem</span> <span class='ocrx_word' id='word_1_55' title='bbox 1786 670 1865 702; x_wconf 82' lang='lat' dir='ltr'>per-</span> 
     </span>
     <span class='ocr_line' id='line_1_7' title="bbox 474 703 1866 744; baseline 0.003 -11"><span class='ocrx_word' id='word_1_56' title='bbox 474 703 593 741; x_wconf 90' lang='lat' dir='ltr'>tinuit,</span> <span class='ocrx_word' id='word_1_57' title='bbox 624 703 789 743; x_wconf 86' lang='lat' dir='ltr'>pertinet,</span> <span class='ocrx_word' id='word_1_58' title='bbox 814 705 851 734; x_wconf 90' lang='lat' dir='ltr'>et</span> <span class='ocrx_word' id='word_1_59' title='bbox 873 703 1052 743; x_wconf 86' lang='lat' dir='ltr'>pertinere</span> <span class='ocrx_word' id='word_1_60' title='bbox 1075 704 1181 735; x_wconf 89' lang='lat' dir='ltr'>debet</span> <span class='ocrx_word' id='word_1_61' title='bbox 1203 704 1315 735; x_wconf 88' lang='lat' dir='ltr'>eciam</span> <span class='ocrx_word' id='word_1_62' title='bbox 1338 705 1375 735; x_wconf 90' lang='lat' dir='ltr'>in</span> <span class='ocrx_word' id='word_1_63' title='bbox 1398 704 1570 744; x_wconf 89' lang='lat' dir='ltr'>futurum,</span> <span class='ocrx_word' id='word_1_64' title='bbox 1587 705 1700 737; x_wconf 87' lang='lat' dir='ltr'>eciam</span> <span class='ocrx_word' id='word_1_65' title='bbox 1715 705 1866 737; x_wconf 84' lang='lat' dir='ltr'>durante</span> 
     </span>
     <span class='ocr_line' id='line_1_8' title="bbox 476 747 1871 788; baseline 0.002 -10"><span class='ocrx_word' id='word_1_66' title='bbox 476 749 634 787; x_wconf 89' lang='lat' dir='ltr'>tempore</span> <span class='ocrx_word' id='word_1_67' title='bbox 665 747 892 779; x_wconf 88' lang='lat' dir='ltr'>Visitacionis</span> <span class='ocrx_word' id='word_1_68' title='bbox 927 748 1184 788; x_wconf 91' lang='lat' dir='ltr'>Metropolitice</span> <span class='ocrx_word' id='word_1_69' title='bbox 1215 748 1435 781; x_wconf 79' lang='lat' dir='ltr'>Venerabilis</span> <span class='ocrx_word' id='word_1_70' title='bbox 1463 749 1580 781; x_wconf 89' lang='lat' dir='ltr'>Patris</span> <span class='ocrx_word' id='word_1_71' title='bbox 1604 749 1871 782; x_wconf 83' lang='lat' dir='ltr'>Cantuariensis</span> 
     </span>
     <span class='ocr_line' id='line_1_9' title="bbox 478 791 1868 835; baseline 0.003 -13"><span class='ocrx_word' id='word_1_72' title='bbox 478 791 750 832; x_wconf 76' lang='lat' dir='ltr'>Arcffiepiscopi,</span> <span class='ocrx_word' id='word_1_73' title='bbox 779 792 904 823; x_wconf 86' lang='lat' dir='ltr'>Tocius</span> <span class='ocrx_word' id='word_1_74' title='bbox 932 792 1059 832; x_wconf 83' lang='lat' dir='ltr'>Anglie</span> <span class='ocrx_word' id='word_1_75' title='bbox 1091 792 1268 832; x_wconf 88' lang='lat' dir='ltr'>Primatis‚</span> <span class='ocrx_word' id='word_1_76' title='bbox 1300 795 1336 824; x_wconf 93' lang='lat' dir='ltr'>et</span> <span class='ocrx_word' id='word_1_77' title='bbox 1366 793 1568 834; x_wconf 86' lang='lat' dir='ltr'>Apostolice</span> <span class='ocrx_word' id='word_1_78' title='bbox 1601 793 1701 826; x_wconf 88' lang='lat' dir='ltr'>Sedis</span> <span class='ocrx_word' id='word_1_79' title='bbox 1732 794 1868 835; x_wconf 77' lang='lat' dir='ltr'>Legati,</span> 
     </span>
     <span class='ocr_line' id='line_1_10' title="bbox 475 836 1869 880; baseline 0.003 -14"><span class='ocrx_word' id='word_1_80' title='bbox 475 836 791 877; x_wconf 84' lang='lat' dir='ltr'>quocienscumque</span> <span class='ocrx_word' id='word_1_81' title='bbox 814 846 856 868; x_wconf 87' lang='lat' dir='ltr'>ac</span> <span class='ocrx_word' id='word_1_82' title='bbox 879 837 1178 877; x_wconf 86' lang='lat' dir='ltr'>quandocumque,</span> <span class='ocrx_word' id='word_1_83' title='bbox 1195 839 1232 868; x_wconf 91' lang='lat' dir='ltr'>et</span> <span class='ocrx_word' id='word_1_84' title='bbox 1255 837 1555 879; x_wconf 74' lang='lat' dir='ltr'>qualitercumque</span> <span class='ocrx_word' id='word_1_85' title='bbox 1577 848 1655 870; x_wconf 85' lang='lat' dir='ltr'>eam</span> <span class='ocrx_word' id='word_1_86' title='bbox 1679 838 1869 880; x_wconf 82' lang='lat' dir='ltr'>contigerit</span> 
     </span>
    </p>
   </div>
   <div class='ocr_carea' id='block_1_5' title="bbox 475 880 1919 924">
    <p class='ocr_par' dir='ltr' id='par_1_5' title="bbox 475 880 1919 924">
     <span class='ocr_line' id='line_1_11' title="bbox 475 880 1919 924; baseline 0.003 -13"><span class='ocrx_word' id='word_1_87' title='bbox 475 881 650 912; x_wconf 86' lang='lat' dir='ltr'>excerceri</span> <span class='ocrx_word' id='word_1_88' title='bbox 673 881 710 911; x_wconf 90' lang='lat' dir='ltr'>in</span> <span class='ocrx_word' id='word_1_89' title='bbox 736 880 888 912; x_wconf 88' lang='lat' dir='ltr'>Civitate</span> <span class='ocrx_word' id='word_1_90' title='bbox 912 883 949 912; x_wconf 91' lang='lat' dir='ltr'>et</span> <span class='ocrx_word' id='word_1_91' title='bbox 972 881 1111 912; x_wconf 90' lang='lat' dir='ltr'>Diocesi</span> <span class='ocrx_word' id='word_1_92' title='bbox 1135 881 1267 913; x_wconf 86' lang='lat' dir='ltr'>Exonie</span> <span class='ocrx_word' id='word_1_93' title='bbox 1283 882 1476 922; x_wconf 78' lang='lat' dir='ltr'>prelibatis,</span> <span class='ocrx_word' id='word_1_94' title='bbox 1494 883 1567 915; x_wconf 88' lang='lat' dir='ltr'>sive</span> <span class='ocrx_word' id='word_1_95' title='bbox 1590 883 1764 924; x_wconf 81' lang='lat' dir='ltr'>premissa</span> <span class='ocrx_word' id='word_1_96' title='bbox 1785 884 1870 915; x_wconf 77' lang='lat' dir='ltr'>ante</span> <span class='ocrx_word' id='word_1_97' title='bbox 1914 915 1919 920; x_wconf 82' lang='grc'>,</span> 
     </span>
    </p>
   </div>
   <div class='ocr_carea' id='block_1_6' title="bbox 474 925 1870 1013">
    <p class='ocr_par' dir='ltr' id='par_1_6' title="bbox 474 925 1870 1013">
     <span class='ocr_line' id='line_1_12' title="bbox 474 925 1870 968; baseline 0.003 -13"><span class='ocrx_word' id='word_1_98' title='bbox 474 926 616 965; x_wconf 89' lang='lat' dir='ltr'>tempus</span> <span class='ocrx_word' id='word_1_99' title='bbox 645 925 874 957; x_wconf 88' lang='lat' dir='ltr'>Visitacionis</span> <span class='ocrx_word' id='word_1_100' title='bbox 905 925 1107 966; x_wconf 83' lang='lat' dir='ltr'>hujusmodi</span> <span class='ocrx_word' id='word_1_101' title='bbox 1139 926 1396 967; x_wconf 87' lang='lat' dir='ltr'>Metropolitice</span> <span class='ocrx_word' id='word_1_102' title='bbox 1435 927 1508 958; x_wconf 81' lang='lat' dir='ltr'>sive</span> <span class='ocrx_word' id='word_1_103' title='bbox 1546 927 1624 968; x_wconf 91' lang='lat' dir='ltr'>ipsa</span> <span class='ocrx_word' id='word_1_104' title='bbox 1652 926 1870 959; x_wconf 76' lang='lat' dir='ltr'>visitacione</span> 
     </span>
     <span class='ocr_line' id='line_1_13' title="bbox 475 969 1868 1013; baseline 0.003 -14"><span class='ocrx_word' id='word_1_105' title='bbox 475 969 625 1000; x_wconf 89' lang='lat' dir='ltr'>durante</span> <span class='ocrx_word' id='word_1_106' title='bbox 648 970 867 1009; x_wconf 89' lang='lat' dir='ltr'>emerserint,</span> <span class='ocrx_word' id='word_1_107' title='bbox 883 970 940 1001; x_wconf 90' lang='lat' dir='ltr'>vel</span> <span class='ocrx_word' id='word_1_108' title='bbox 956 969 1091 1001; x_wconf 82' lang='lat' dir='ltr'>fuerint</span> <span class='ocrx_word' id='word_1_109' title='bbox 1106 970 1368 1011; x_wconf 77' lang='lat' dir='ltr'>quomodolibet</span> <span class='ocrx_word' id='word_1_110' title='bbox 1382 970 1562 1010; x_wconf 82' lang='lat' dir='ltr'>facienda3</span> <span class='ocrx_word' id='word_1_111' title='bbox 1587 971 1658 1003; x_wconf 88' lang='lat' dir='ltr'>illis</span> <span class='ocrx_word' id='word_1_112' title='bbox 1673 981 1780 1013; x_wconf 86' lang='lat' dir='ltr'>super</span> <span class='ocrx_word' id='word_1_113' title='bbox 1793 971 1868 1013; x_wconf 89' lang='lat' dir='ltr'>qui-</span> 
     </span>
    </p>
   </div>
   <div class='ocr_carea' id='block_1_7' title="bbox 474 1013 1924 1057">
    <p class='ocr_par' dir='ltr' id='par_1_7' title="bbox 474 1013 1924 1057">
     <span class='ocr_line' id='line_1_14' title="bbox 474 1013 1924 1057; baseline 0.003 -13"><span class='ocrx_word' id='word_1_114' title='bbox 474 1013 540 1044; x_wconf 92' lang='lat' dir='ltr'>bus</span> <span class='ocrx_word' id='word_1_115' title='bbox 557 1014 742 1046; x_wconf 85' lang='lat' dir='ltr'>Diocesani</span> <span class='ocrx_word' id='word_1_116' title='bbox 755 1014 914 1055; x_wconf 83' lang='lat' dir='ltr'>ejusdem</span> <span class='ocrx_word' id='word_1_117' title='bbox 926 1015 1147 1054; x_wconf 85' lang='lat' dir='ltr'>negligencia</span> <span class='ocrx_word' id='word_1_118' title='bbox 1158 1015 1287 1046; x_wconf 89' lang='lat' dir='ltr'>merito</span> <span class='ocrx_word' id='word_1_119' title='bbox 1296 1015 1408 1055; x_wconf 89' lang='lat' dir='ltr'>possit</span> <span class='ocrx_word' id='word_1_120' title='bbox 1423 1016 1550 1055; x_wconf 87' lang='lat' dir='ltr'>notari,</span> <span class='ocrx_word' id='word_1_121' title='bbox 1563 1017 1669 1057; x_wconf 89' lang='lat' dir='ltr'>atque</span> <span class='ocrx_word' id='word_1_122' title='bbox 1684 1016 1722 1047; x_wconf 92' lang='lat' dir='ltr'>in</span> <span class='ocrx_word' id='word_1_123' title='bbox 1738 1015 1868 1048; x_wconf 80' lang='lat' dir='ltr'>visita·</span> <span class='ocrx_word' id='word_1_124' title='bbox 1919 1015 1924 1019; x_wconf 82' lang='lat'>&#39;</span> 
     </span>
    </p>
   </div>
   <div class='ocr_carea' id='block_1_8' title="bbox 473 1057 1911 1943">
    <p class='ocr_par' dir='ltr' id='par_1_8' title="bbox 473 1057 1911 1943">
     <span class='ocr_line' id='line_1_15' title="bbox 475 1057 1870 1101; baseline 0.002 -12"><span class='ocrx_word' id='word_1_125' title='bbox 475 1057 574 1089; x_wconf 87' lang='lat' dir='ltr'>cione</span> <span class='ocrx_word' id='word_1_126' title='bbox 590 1058 793 1099; x_wconf 86' lang='lat' dir='ltr'>hujusmodi</span> <span class='ocrx_word' id='word_1_127' title='bbox 809 1058 1068 1099; x_wconf 89' lang='lat' dir='ltr'>Metropolitica</span> <span class='ocrx_word' id='word_1_128' title='bbox 1083 1061 1189 1090; x_wconf 87' lang='lat' dir='ltr'>antea</span> <span class='ocrx_word' id='word_1_129' title='bbox 1212 1059 1362 1091; x_wconf 88' lang='lat' dir='ltr'>detectis</span> <span class='ocrx_word' id='word_1_130' title='bbox 1378 1060 1451 1091; x_wconf 89' lang='lat' dir='ltr'>sive</span> <span class='ocrx_word' id='word_1_131' title='bbox 1468 1060 1667 1101; x_wconf 72' lang='lat' dir='ltr'>compertis,</span> <span class='ocrx_word' id='word_1_132' title='bbox 1684 1060 1870 1092; x_wconf 73' lang='lat' dir='ltr'>dumtaxat</span> 
     </span>
     <span class='ocr_line' id='line_1_16' title="bbox 474 1102 1869 1146; baseline 0.002 -13"><span class='ocrx_word' id='word_1_133' title='bbox 474 1103 646 1143; x_wconf 81' lang='lat' dir='ltr'>exceptis3</span> <span class='ocrx_word' id='word_1_134' title='bbox 671 1102 884 1143; x_wconf 89' lang='lat' dir='ltr'>fueruntque</span> <span class='ocrx_word' id='word_1_135' title='bbox 901 1103 1126 1135; x_wconf 87' lang='lat' dir='ltr'>Precessores</span> <span class='ocrx_word' id='word_1_136' title='bbox 1138 1106 1174 1135; x_wconf 88' lang='lat' dir='ltr'>et</span> <span class='ocrx_word' id='word_1_137' title='bbox 1191 1104 1460 1135; x_wconf 87' lang='lat' dir='ltr'>Predecessores</span> <span class='ocrx_word' id='word_1_138' title='bbox 1475 1104 1635 1146; x_wconf 85' lang='lat' dir='ltr'>ejusdem</span> <span class='ocrx_word' id='word_1_139' title='bbox 1646 1104 1869 1136; x_wconf 79' lang='lat' dir='ltr'>Venerabilis</span> 
     </span>
     <span class='ocr_line' id='line_1_17' title="bbox 475 1147 1867 1190; baseline 0.003 -13"><span class='ocrx_word' id='word_1_140' title='bbox 475 1147 602 1186; x_wconf 87' lang='lat' dir='ltr'>Patris,</span> <span class='ocrx_word' id='word_1_141' title='bbox 634 1147 776 1178; x_wconf 88' lang='lat' dir='ltr'>Domini</span> <span class='ocrx_word' id='word_1_142' title='bbox 807 1147 949 1187; x_wconf 86' lang='lat' dir='ltr'>Thome,</span> <span class='ocrx_word' id='word_1_143' title='bbox 983 1148 1190 1179; x_wconf 87' lang='lat' dir='ltr'>Exoniensis</span> <span class='ocrx_word' id='word_1_144' title='bbox 1221 1148 1395 1189; x_wconf 91' lang='lat' dir='ltr'>Episcopi,</span> <span class='ocrx_word' id='word_1_145' title='bbox 1427 1159 1548 1181; x_wconf 88' lang='lat' dir='ltr'>omnes</span> <span class='ocrx_word' id='word_1_146' title='bbox 1579 1151 1615 1180; x_wconf 91' lang='lat' dir='ltr'>et</span> <span class='ocrx_word' id='word_1_147' title='bbox 1647 1149 1776 1190; x_wconf 75' lang='lat' dir='ltr'>singuli</span> <span class='ocrx_word' id='word_1_148' title='bbox 1806 1149 1867 1190; x_wconf 89' lang='lat' dir='ltr'>qui</span> 
     </span>
     <span class='ocr_line' id='line_1_18' title="bbox 474 1187 1867 1235; baseline 0.001 -13"><span class='ocrx_word' id='word_1_149' title='bbox 474 1201 538 1231; x_wconf 92' lang='lat' dir='ltr'>pro</span> <span class='ocrx_word' id='word_1_150' title='bbox 569 1194 728 1232; x_wconf 90' lang='lat' dir='ltr'>tempore</span> <span class='ocrx_word' id='word_1_151' title='bbox 759 1187 953 1231; x_wconf 81' lang='lat' dir='ltr'>extiterint,</span> <span class='ocrx_word' id='word_1_152' title='bbox 992 1202 1014 1223; x_wconf 91' lang='lat' dir='ltr'>a</span> <span class='ocrx_word' id='word_1_153' title='bbox 1043 1194 1202 1232; x_wconf 88' lang='lat' dir='ltr'>tempore</span> <span class='ocrx_word' id='word_1_154' title='bbox 1233 1195 1270 1223; x_wconf 92' lang='lat' dir='ltr'>et</span> <span class='ocrx_word' id='word_1_155' title='bbox 1300 1203 1364 1233; x_wconf 90' lang='lat' dir='ltr'>per</span> <span class='ocrx_word' id='word_1_156' title='bbox 1394 1195 1535 1234; x_wconf 92' lang='lat' dir='ltr'>tempus</span> <span class='ocrx_word' id='word_1_157' title='bbox 1565 1193 1667 1235; x_wconf 83' lang='lat' dir='ltr'>cujus</span> <span class='ocrx_word' id='word_1_158' title='bbox 1697 1193 1867 1226; x_wconf 80' lang='lat' dir='ltr'>contrarii</span> 
     </span>
     <span class='ocr_line' id='line_1_19' title="bbox 474 1236 1866 1277; baseline 0.002 -11"><span class='ocrx_word' id='word_1_159' title='bbox 474 1236 644 1268; x_wconf 90' lang='lat' dir='ltr'>memoria</span> <span class='ocrx_word' id='word_1_160' title='bbox 674 1236 857 1267; x_wconf 90' lang='lat' dir='ltr'>hominum</span> <span class='ocrx_word' id='word_1_161' title='bbox 889 1247 959 1267; x_wconf 89' lang='lat' dir='ltr'>non</span> <span class='ocrx_word' id='word_1_162' title='bbox 990 1236 1120 1275; x_wconf 85' lang='lat' dir='ltr'>existit,</span> <span class='ocrx_word' id='word_1_163' title='bbox 1153 1246 1194 1268; x_wconf 90' lang='lat' dir='ltr'>ac</span> <span class='ocrx_word' id='word_1_164' title='bbox 1218 1237 1335 1268; x_wconf 91' lang='lat' dir='ltr'>dictus</span> <span class='ocrx_word' id='word_1_165' title='bbox 1358 1237 1530 1268; x_wconf 88' lang='lat' dir='ltr'>Dominus</span> <span class='ocrx_word' id='word_1_166' title='bbox 1553 1238 1715 1277; x_wconf 80' lang='lat' dir='ltr'>Thomas,</span> <span class='ocrx_word' id='word_1_167' title='bbox 1739 1237 1866 1269; x_wconf 86' lang='lat' dir='ltr'>Exoni-</span> 
     </span>
     <span class='ocr_line' id='line_1_20' title="bbox 474 1280 1868 1322; baseline 0.002 -11"><span class='ocrx_word' id='word_1_168' title='bbox 474 1280 569 1311; x_wconf 87' lang='lat' dir='ltr'>ensis</span> <span class='ocrx_word' id='word_1_169' title='bbox 585 1280 788 1321; x_wconf 84' lang='lat' dir='ltr'>Episcopus,</span> <span class='ocrx_word' id='word_1_170' title='bbox 806 1281 978 1312; x_wconf 88' lang='lat' dir='ltr'>Dominus</span> <span class='ocrx_word' id='word_1_171' title='bbox 999 1291 1109 1320; x_wconf 91' lang='lat' dir='ltr'>meus,</span> <span class='ocrx_word' id='word_1_172' title='bbox 1125 1283 1202 1312; x_wconf 90' lang='lat' dir='ltr'>toto</span> <span class='ocrx_word' id='word_1_173' title='bbox 1224 1283 1382 1322; x_wconf 88' lang='lat' dir='ltr'>tempore</span> <span class='ocrx_word' id='word_1_174' title='bbox 1399 1291 1462 1313; x_wconf 89' lang='lat' dir='ltr'>suo</span> <span class='ocrx_word' id='word_1_175' title='bbox 1480 1282 1600 1313; x_wconf 88' lang='lat' dir='ltr'>extitit</span> <span class='ocrx_word' id='word_1_176' title='bbox 1615 1284 1652 1313; x_wconf 89' lang='lat' dir='ltr'>et</span> <span class='ocrx_word' id='word_1_177' title='bbox 1671 1281 1868 1322; x_wconf 76' lang='lat' dir='ltr'>permansit</span> 
     </span>
     <span class='ocr_line' id='line_1_21' title="bbox 474 1324 1867 1367; baseline 0.002 -12"><span class='ocrx_word' id='word_1_178' title='bbox 474 1324 512 1355; x_wconf 91' lang='lat' dir='ltr'>in</span> <span class='ocrx_word' id='word_1_179' title='bbox 537 1324 757 1365; x_wconf 87' lang='lat' dir='ltr'>possessione</span> <span class='ocrx_word' id='word_1_180' title='bbox 787 1325 843 1356; x_wconf 87' lang='lat' dir='ltr'>vel</span> <span class='ocrx_word' id='word_1_181' title='bbox 866 1325 966 1366; x_wconf 87' lang='lat' dir='ltr'>quasi</span> <span class='ocrx_word' id='word_1_182' title='bbox 1002 1325 1091 1366; x_wconf 81' lang='lat' dir='ltr'>juris</span> <span class='ocrx_word' id='word_1_183' title='bbox 1129 1325 1345 1365; x_wconf 88' lang='lat' dir='ltr'>excercendi,</span> <span class='ocrx_word' id='word_1_184' title='bbox 1383 1325 1547 1366; x_wconf 74' lang='lat' dir='ltr'>faciendi,</span> <span class='ocrx_word' id='word_1_185' title='bbox 1585 1328 1623 1358; x_wconf 91' lang='lat' dir='ltr'>et</span> <span class='ocrx_word' id='word_1_186' title='bbox 1659 1325 1867 1367; x_wconf 85' lang='lat' dir='ltr'>expediendi</span> 
     </span>
     <span class='ocr_line' id='line_1_22' title="bbox 474 1369 1867 1411; baseline 0.002 -11"><span class='ocrx_word' id='word_1_187' title='bbox 474 1369 594 1400; x_wconf 90' lang='lat' dir='ltr'>omnia</span> <span class='ocrx_word' id='word_1_188' title='bbox 630 1371 667 1400; x_wconf 92' lang='lat' dir='ltr'>et</span> <span class='ocrx_word' id='word_1_189' title='bbox 709 1369 848 1409; x_wconf 85' lang='lat' dir='ltr'>singula</span> <span class='ocrx_word' id='word_1_190' title='bbox 885 1370 1057 1409; x_wconf 87' lang='lat' dir='ltr'>premissa</span> <span class='ocrx_word' id='word_1_191' title='bbox 1099 1370 1203 1401; x_wconf 92' lang='lat' dir='ltr'>modo</span> <span class='ocrx_word' id='word_1_192' title='bbox 1238 1380 1306 1411; x_wconf 94' lang='lat' dir='ltr'>quo</span> <span class='ocrx_word' id='word_1_193' title='bbox 1341 1370 1529 1411; x_wconf 84' lang='lat' dir='ltr'>prefertur,</span> <span class='ocrx_word' id='word_1_194' title='bbox 1565 1371 1678 1403; x_wconf 86' lang='lat' dir='ltr'>eciam</span> <span class='ocrx_word' id='word_1_195' title='bbox 1715 1370 1867 1403; x_wconf 71' lang='lat' dir='ltr'>duranto</span> 
     </span>
     <span class='ocr_line' id='line_1_23' title="bbox 474 1413 1867 1456; baseline 0.002 -12"><span class='ocrx_word' id='word_1_196' title='bbox 474 1413 690 1445; x_wconf 88' lang='lat' dir='ltr'>Visitacione</span> <span class='ocrx_word' id='word_1_197' title='bbox 719 1414 977 1454; x_wconf 89' lang='lat' dir='ltr'>Metropolitica</span> <span class='ocrx_word' id='word_1_198' title='bbox 1003 1414 1222 1455; x_wconf 81' lang='lat' dir='ltr'>supradicta3</span> <span class='ocrx_word' id='word_1_199' title='bbox 1252 1415 1492 1456; x_wconf 89' lang='lat' dir='ltr'>premissaque</span> <span class='ocrx_word' id='word_1_200' title='bbox 1519 1415 1639 1446; x_wconf 88' lang='lat' dir='ltr'>omnia</span> <span class='ocrx_word' id='word_1_201' title='bbox 1660 1417 1697 1447; x_wconf 89' lang='lat' dir='ltr'>et</span> <span class='ocrx_word' id='word_1_202' title='bbox 1727 1414 1867 1456; x_wconf 71' lang='lat' dir='ltr'>singula</span> 
     </span>
     <span class='ocr_line' id='line_1_24' title="bbox 475 1458 1866 1500; baseline 0.001 -11"><span class='ocrx_word' id='word_1_203' title='bbox 475 1460 728 1489; x_wconf 86' lang='lat' dir='ltr'>excercuerunt</span> <span class='ocrx_word' id='word_1_204' title='bbox 740 1460 776 1489; x_wconf 91' lang='lat' dir='ltr'>et</span> <span class='ocrx_word' id='word_1_205' title='bbox 786 1458 958 1497; x_wconf 87' lang='lat' dir='ltr'>fecerunt,</span> <span class='ocrx_word' id='word_1_206' title='bbox 967 1459 1144 1490; x_wconf 81' lang='lat' dir='ltr'>excercuit</span> <span class='ocrx_word' id='word_1_207' title='bbox 1156 1461 1193 1490; x_wconf 89' lang='lat' dir='ltr'>et</span> <span class='ocrx_word' id='word_1_208' title='bbox 1203 1458 1300 1498; x_wconf 86' lang='lat' dir='ltr'>fecit,</span> <span class='ocrx_word' id='word_1_209' title='bbox 1308 1469 1558 1500; x_wconf 90' lang='lat' dir='ltr'>excercereque</span> <span class='ocrx_word' id='word_1_210' title='bbox 1570 1461 1608 1491; x_wconf 89' lang='lat' dir='ltr'>et</span> <span class='ocrx_word' id='word_1_211' title='bbox 1619 1459 1737 1491; x_wconf 84' lang='lat' dir='ltr'>facere</span> <span class='ocrx_word' id='word_1_212' title='bbox 1749 1469 1866 1492; x_wconf 83' lang='lat' dir='ltr'>excer-</span> 
     </span>
     <span class='ocr_line' id='line_1_25' title="bbox 475 1502 1868 1545; baseline 0.002 -12"><span class='ocrx_word' id='word_1_213' title='bbox 475 1502 546 1534; x_wconf 89' lang='lat' dir='ltr'>ceri</span> <span class='ocrx_word' id='word_1_214' title='bbox 562 1513 625 1542; x_wconf 89' lang='lat' dir='ltr'>per</span> <span class='ocrx_word' id='word_1_215' title='bbox 641 1503 728 1534; x_wconf 90' lang='lat' dir='ltr'>alios</span> <span class='ocrx_word' id='word_1_216' title='bbox 741 1505 1009 1541; x_wconf 86' lang='lat' dir='ltr'>consueverunt,</span> <span class='ocrx_word' id='word_1_217' title='bbox 1023 1505 1059 1534; x_wconf 89' lang='lat' dir='ltr'>et</span> <span class='ocrx_word' id='word_1_218' title='bbox 1072 1503 1254 1534; x_wconf 88' lang='lat' dir='ltr'>consuevit</span> <span class='ocrx_word' id='word_1_219' title='bbox 1264 1503 1411 1544; x_wconf 86' lang='lat' dir='ltr'>quilibet</span> <span class='ocrx_word' id='word_1_220' title='bbox 1421 1504 1623 1543; x_wconf 87' lang='lat' dir='ltr'>eorundem,</span> <span class='ocrx_word' id='word_1_221' title='bbox 1632 1514 1696 1544; x_wconf 88' lang='lat' dir='ltr'>per</span> <span class='ocrx_word' id='word_1_222' title='bbox 1707 1506 1868 1545; x_wconf 80' lang='lat' dir='ltr'>tempora</span> 
     </span>
     <span class='ocr_line' id='line_1_26' title="bbox 473 1547 1867 1590; baseline 0.001 -12"><span class='ocrx_word' id='word_1_223' title='bbox 473 1547 657 1587; x_wconf 86' lang='lat' dir='ltr'>prelibata,</span> <span class='ocrx_word' id='word_1_224' title='bbox 674 1547 785 1578; x_wconf 89' lang='lat' dir='ltr'>eciam</span> <span class='ocrx_word' id='word_1_225' title='bbox 803 1547 953 1578; x_wconf 88' lang='lat' dir='ltr'>durante</span> <span class='ocrx_word' id='word_1_226' title='bbox 970 1547 1186 1579; x_wconf 88' lang='lat' dir='ltr'>Visitacione</span> <span class='ocrx_word' id='word_1_227' title='bbox 1203 1547 1463 1588; x_wconf 89' lang='lat' dir='ltr'>Metropolitica</span> <span class='ocrx_word' id='word_1_228' title='bbox 1478 1548 1810 1590; x_wconf 83' lang='lat' dir='ltr'>hujusmodi,usque</span> <span class='ocrx_word' id='word_1_229' title='bbox 1820 1548 1867 1580; x_wconf 81' lang='lat' dir='ltr'>ad</span> 
     </span>
     <span class='ocr_line' id='line_1_27' title="bbox 474 1591 1868 1634; baseline 0.001 -12"><span class='ocrx_word' id='word_1_230' title='bbox 474 1594 615 1631; x_wconf 88' lang='lat' dir='ltr'>tempus</span> <span class='ocrx_word' id='word_1_231' title='bbox 627 1591 873 1632; x_wconf 85' lang='lat' dir='ltr'>gravaminum</span> <span class='ocrx_word' id='word_1_232' title='bbox 885 1602 949 1632; x_wconf 87' lang='lat' dir='ltr'>per</span> <span class='ocrx_word' id='word_1_233' title='bbox 964 1591 1231 1632; x_wconf 84' lang='lat' dir='ltr'>infrascriptum</span> <span class='ocrx_word' id='word_1_234' title='bbox 1247 1592 1539 1624; x_wconf 86' lang='lat' dir='ltr'>Gantuariensem</span> <span class='ocrx_word' id='word_1_235' title='bbox 1555 1592 1868 1634; x_wconf 81' lang='lat' dir='ltr'>Archiepiscopum</span> 
     </span>
     <span class='ocr_line' id='line_1_28' title="bbox 474 1636 1868 1678; baseline 0.002 -12"><span class='ocrx_word' id='word_1_236' title='bbox 474 1636 589 1667; x_wconf 87' lang='lat' dir='ltr'>eidem</span> <span class='ocrx_word' id='word_1_237' title='bbox 621 1636 781 1675; x_wconf 88' lang='lat' dir='ltr'>Domino,</span> <span class='ocrx_word' id='word_1_238' title='bbox 806 1636 996 1667; x_wconf 87' lang='lat' dir='ltr'>Exoniensi</span> <span class='ocrx_word' id='word_1_239' title='bbox 1020 1636 1203 1676; x_wconf 88' lang='lat' dir='ltr'>Episcopo,</span> <span class='ocrx_word' id='word_1_240' title='bbox 1226 1646 1411 1677; x_wconf 87' lang='lat' dir='ltr'>perperam</span> <span class='ocrx_word' id='word_1_241' title='bbox 1442 1636 1632 1676; x_wconf 86' lang='lat' dir='ltr'>illatorum,</span> <span class='ocrx_word' id='word_1_242' title='bbox 1655 1637 1800 1678; x_wconf 83' lang='lat' dir='ltr'>pacifice</span> <span class='ocrx_word' id='word_1_243' title='bbox 1829 1638 1868 1669; x_wconf 85' lang='lat' dir='ltr'>et</span> 
     </span>
     <span class='ocr_line' id='line_1_29' title="bbox 475 1680 1868 1723; baseline 0.001 -12"><span class='ocrx_word' id='word_1_244' title='bbox 475 1680 614 1720; x_wconf 88' lang='lat' dir='ltr'>quiete;</span> <span class='ocrx_word' id='word_1_245' title='bbox 638 1690 704 1721; x_wconf 90' lang='lat' dir='ltr'>que</span> <span class='ocrx_word' id='word_1_246' title='bbox 729 1680 848 1711; x_wconf 90' lang='lat' dir='ltr'>omnia</span> <span class='ocrx_word' id='word_1_247' title='bbox 869 1680 1016 1712; x_wconf 86' lang='lat' dir='ltr'>fuerunt</span> <span class='ocrx_word' id='word_1_248' title='bbox 1039 1690 1061 1711; x_wconf 90' lang='lat' dir='ltr'>a</span> <span class='ocrx_word' id='word_1_249' title='bbox 1083 1682 1242 1721; x_wconf 89' lang='lat' dir='ltr'>tempore</span> <span class='ocrx_word' id='word_1_250' title='bbox 1265 1683 1302 1712; x_wconf 89' lang='lat' dir='ltr'>et</span> <span class='ocrx_word' id='word_1_251' title='bbox 1325 1691 1389 1722; x_wconf 88' lang='lat' dir='ltr'>per</span> <span class='ocrx_word' id='word_1_252' title='bbox 1411 1683 1552 1722; x_wconf 88' lang='lat' dir='ltr'>tempus</span> <span class='ocrx_word' id='word_1_253' title='bbox 1575 1681 1677 1723; x_wconf 85' lang='lat' dir='ltr'>cujus</span> <span class='ocrx_word' id='word_1_254' title='bbox 1699 1681 1868 1713; x_wconf 83' lang='lat' dir='ltr'>contrarii</span> 
     </span>
     <span class='ocr_line' id='line_1_30' title="bbox 475 1724 1866 1767; baseline 0.002 -12"><span class='ocrx_word' id='word_1_255' title='bbox 475 1724 645 1756; x_wconf 85' lang='lat' dir='ltr'>memoria</span> <span class='ocrx_word' id='word_1_256' title='bbox 675 1725 859 1756; x_wconf 88' lang='lat' dir='ltr'>hominum</span> <span class='ocrx_word' id='word_1_257' title='bbox 889 1735 961 1756; x_wconf 92' lang='lat' dir='ltr'>non</span> <span class='ocrx_word' id='word_1_258' title='bbox 992 1724 1122 1764; x_wconf 86' lang='lat' dir='ltr'>existit,</span> <span class='ocrx_word' id='word_1_259' title='bbox 1155 1727 1192 1756; x_wconf 91' lang='lat' dir='ltr'>et</span> <span class='ocrx_word' id='word_1_260' title='bbox 1223 1727 1307 1756; x_wconf 90' lang='lat' dir='ltr'>sunt</span> <span class='ocrx_word' id='word_1_261' title='bbox 1336 1725 1374 1756; x_wconf 87' lang='lat' dir='ltr'>in</span> <span class='ocrx_word' id='word_1_262' title='bbox 1403 1726 1571 1766; x_wconf 85' lang='lat' dir='ltr'>presenti,</span> <span class='ocrx_word' id='word_1_263' title='bbox 1594 1725 1682 1758; x_wconf 85' lang='lat' dir='ltr'>adeo</span> <span class='ocrx_word' id='word_1_264' title='bbox 1714 1725 1866 1767; x_wconf 78' lang='lat' dir='ltr'>publica,</span> 
     </span>
     <span class='ocr_line' id='line_1_31' title="bbox 475 1769 1867 1810; baseline 0.002 -11"><span class='ocrx_word' id='word_1_265' title='bbox 475 1769 675 1808; x_wconf 79' lang='lat' dir='ltr'>manifesta,</span> <span class='ocrx_word' id='word_1_266' title='bbox 704 1771 740 1800; x_wconf 92' lang='lat' dir='ltr'>et</span> <span class='ocrx_word' id='word_1_267' title='bbox 765 1769 905 1800; x_wconf 88' lang='lat' dir='ltr'>notoria</span> <span class='ocrx_word' id='word_1_268' title='bbox 935 1769 1028 1810; x_wconf 89' lang='lat' dir='ltr'>quod</span> <span class='ocrx_word' id='word_1_269' title='bbox 1058 1769 1156 1800; x_wconf 86' lang='lat' dir='ltr'>nulla</span> <span class='ocrx_word' id='word_1_270' title='bbox 1186 1771 1335 1810; x_wconf 89' lang='lat' dir='ltr'>possunt</span> <span class='ocrx_word' id='word_1_271' title='bbox 1365 1770 1662 1810; x_wconf 88' lang='lat' dir='ltr'>tergiversacione</span> <span class='ocrx_word' id='word_1_272' title='bbox 1692 1770 1800 1802; x_wconf 85' lang='lat' dir='ltr'>celari</span> <span class='ocrx_word' id='word_1_273' title='bbox 1828 1769 1867 1802; x_wconf 87' lang='lat' dir='ltr'>in</span> 
     </span>
     <span class='ocr_line' id='line_1_32' title="bbox 477 1813 1911 1854; baseline 0.001 -10"><span class='ocrx_word' id='word_1_274' title='bbox 477 1813 630 1845; x_wconf 89' lang='lat' dir='ltr'>Civitate</span> <span class='ocrx_word' id='word_1_275' title='bbox 646 1815 683 1844; x_wconf 90' lang='lat' dir='ltr'>et</span> <span class='ocrx_word' id='word_1_276' title='bbox 699 1813 838 1845; x_wconf 87' lang='lat' dir='ltr'>Diocesi</span> <span class='ocrx_word' id='word_1_277' title='bbox 854 1813 1056 1854; x_wconf 88' lang='lat' dir='ltr'>prelibatis;</span> <span class='ocrx_word' id='word_1_278' title='bbox 1073 1814 1234 1854; x_wconf 92' lang='lat' dir='ltr'>quodque</span> <span class='ocrx_word' id='word_1_279' title='bbox 1246 1823 1289 1845; x_wconf 89' lang='lat' dir='ltr'>ex</span> <span class='ocrx_word' id='word_1_280' title='bbox 1298 1816 1399 1854; x_wconf 88' lang='lat' dir='ltr'>parte</span> <span class='ocrx_word' id='word_1_281' title='bbox 1412 1814 1498 1846; x_wconf 84' lang='lat' dir='ltr'>dicti</span> <span class='ocrx_word' id='word_1_282' title='bbox 1508 1814 1729 1846; x_wconf 85' lang='lat' dir='ltr'>Venerabilis</span> <span class='ocrx_word' id='word_1_283' title='bbox 1741 1813 1868 1854; x_wconf 84' lang='lat' dir='ltr'>Patris,</span> <span class='ocrx_word' id='word_1_284' title='bbox 1910 1847 1911 1850; x_wconf 65' lang='grc'>,</span> 
     </span>
     <span class='ocr_line' id='line_1_33' title="bbox 477 1857 1868 1899; baseline 0.002 -11"><span class='ocrx_word' id='word_1_285' title='bbox 477 1857 619 1889; x_wconf 90' lang='lat' dir='ltr'>Domini</span> <span class='ocrx_word' id='word_1_286' title='bbox 647 1858 788 1897; x_wconf 88' lang='lat' dir='ltr'>Thome,</span> <span class='ocrx_word' id='word_1_287' title='bbox 818 1858 1027 1889; x_wconf 87' lang='lat' dir='ltr'>Exoniensis</span> <span class='ocrx_word' id='word_1_288' title='bbox 1053 1858 1226 1898; x_wconf 86' lang='lat' dir='ltr'>Episcopi,</span> <span class='ocrx_word' id='word_1_289' title='bbox 1253 1858 1384 1899; x_wconf 85' lang='lat' dir='ltr'>integri</span> <span class='ocrx_word' id='word_1_290' title='bbox 1417 1860 1541 1898; x_wconf 87' lang='lat' dir='ltr'>status,</span> <span class='ocrx_word' id='word_1_291' title='bbox 1572 1859 1663 1891; x_wconf 90' lang='lat' dir='ltr'>bone</span> <span class='ocrx_word' id='word_1_292' title='bbox 1693 1858 1800 1899; x_wconf 85' lang='lat' dir='ltr'>fame,</span> <span class='ocrx_word' id='word_1_293' title='bbox 1830 1860 1868 1891; x_wconf 86' lang='lat' dir='ltr'>et</span> 
     </span>
     <span class='ocr_line' id='line_1_34' title="bbox 476 1902 1868 1943; baseline 0.002 -11"><span class='ocrx_word' id='word_1_294' title='bbox 476 1902 649 1942; x_wconf 88' lang='lat' dir='ltr'>opinionis</span> <span class='ocrx_word' id='word_1_295' title='bbox 672 1902 780 1941; x_wconf 88' lang='lat' dir='ltr'>illese,</span> <span class='ocrx_word' id='word_1_296' title='bbox 804 1904 910 1943; x_wconf 88' lang='lat' dir='ltr'>atque</span> <span class='ocrx_word' id='word_1_297' title='bbox 932 1902 970 1933; x_wconf 90' lang='lat' dir='ltr'>in</span> <span class='ocrx_word' id='word_1_298' title='bbox 993 1903 1211 1942; x_wconf 87' lang='lat' dir='ltr'>possessione</span> <span class='ocrx_word' id='word_1_299' title='bbox 1233 1903 1485 1943; x_wconf 87' lang='lat' dir='ltr'>premissorum</span> <span class='ocrx_word' id='word_1_300' title='bbox 1508 1903 1645 1935; x_wconf 88' lang='lat' dir='ltr'>notorie</span> <span class='ocrx_word' id='word_1_301' title='bbox 1661 1902 1868 1942; x_wconf 78' lang='lat' dir='ltr'>existentis3</span> 
     </span>
    </p>
   </div>
   <div class='ocr_carea' id='block_1_9' title="bbox 476 1946 1927 1988">
    <p class='ocr_par' dir='ltr' id='par_1_9' title="bbox 476 1946 1927 1988">
     <span class='ocr_line' id='line_1_35' title="bbox 476 1946 1927 1988; baseline 0.001 -11"><span class='ocrx_word' id='word_1_302' title='bbox 476 1947 678 1985; x_wconf 88' lang='lat' dir='ltr'>metuentis,</span> <span class='ocrx_word' id='word_1_303' title='bbox 702 1949 833 1985; x_wconf 90' lang='lat' dir='ltr'>tamen,</span> <span class='ocrx_word' id='word_1_304' title='bbox 858 1957 901 1978; x_wconf 90' lang='lat' dir='ltr'>ex</span> <span class='ocrx_word' id='word_1_305' title='bbox 924 1947 1134 1987; x_wconf 87' lang='lat' dir='ltr'>quibusdam</span> <span class='ocrx_word' id='word_1_306' title='bbox 1158 1947 1274 1978; x_wconf 84' lang='lat' dir='ltr'>causis</span> <span class='ocrx_word' id='word_1_307' title='bbox 1296 1947 1536 1988; x_wconf 88' lang='lat' dir='ltr'>probabilibus</span> <span class='ocrx_word' id='word_1_308' title='bbox 1558 1949 1595 1979; x_wconf 92' lang='lat' dir='ltr'>et</span> <span class='ocrx_word' id='word_1_309' title='bbox 1617 1946 1869 1979; x_wconf 79' lang='lat' dir='ltr'>verisimilibus</span> <span class='ocrx_word' id='word_1_310' title='bbox 1926 1967 1927 1970; x_wconf 65' lang='lat'><em>=</em></span> 
     </span>
    </p>
   </div>
   <div class='ocr_carea' id='block_1_10' title="bbox 477 1991 1923 2297">
    <p class='ocr_par' dir='ltr' id='par_1_10' title="bbox 477 1991 1923 2297">
     <span class='ocr_line' id='line_1_36' title="bbox 478 1991 1868 2032; baseline 0.002 -11"><span class='ocrx_word' id='word_1_311' title='bbox 478 1991 700 2032; x_wconf 82' lang='lat' dir='ltr'>conjecturis,</span> <span class='ocrx_word' id='word_1_312' title='bbox 718 1991 785 2022; x_wconf 88' lang='lat' dir='ltr'>sibi</span> <span class='ocrx_word' id='word_1_313' title='bbox 801 1991 894 2022; x_wconf 90' lang='lat' dir='ltr'>circa</span> <span class='ocrx_word' id='word_1_314' title='bbox 910 1992 1054 2030; x_wconf 85' lang='lat' dir='ltr'>statum,</span> <span class='ocrx_word' id='word_1_315' title='bbox 1070 1991 1138 2032; x_wconf 85' lang='lat' dir='ltr'>jus,</span> <span class='ocrx_word' id='word_1_316' title='bbox 1155 1993 1192 2022; x_wconf 88' lang='lat' dir='ltr'>et</span> <span class='ocrx_word' id='word_1_317' title='bbox 1207 1991 1463 2031; x_wconf 88' lang='lat' dir='ltr'>possessionem</span> <span class='ocrx_word' id='word_1_318' title='bbox 1486 2001 1551 2023; x_wconf 85' lang='lat' dir='ltr'>sua</span> <span class='ocrx_word' id='word_1_319' title='bbox 1572 1991 1746 2032; x_wconf 81' lang='lat' dir='ltr'>premissa</span> <span class='ocrx_word' id='word_1_320' title='bbox 1760 2001 1868 2032; x_wconf 80' lang='lat' dir='ltr'>grave</span> 
     </span>
     <span class='ocr_line' id='line_1_37' title="bbox 477 2035 1868 2076; baseline 0.001 -10"><span class='ocrx_word' id='word_1_321' title='bbox 477 2045 580 2076; x_wconf 90' lang='lat' dir='ltr'>posse</span> <span class='ocrx_word' id='word_1_322' title='bbox 606 2035 643 2066; x_wconf 90' lang='lat' dir='ltr'>in</span> <span class='ocrx_word' id='word_1_323' title='bbox 667 2035 829 2066; x_wconf 84' lang='lat' dir='ltr'>futurum</span> <span class='ocrx_word' id='word_1_324' title='bbox 855 2035 1089 2076; x_wconf 87' lang='lat' dir='ltr'>prejudicium</span> <span class='ocrx_word' id='word_1_325' title='bbox 1117 2036 1300 2075; x_wconf 85' lang='lat' dir='ltr'>generari;</span> <span class='ocrx_word' id='word_1_326' title='bbox 1323 2046 1368 2067; x_wconf 89' lang='lat' dir='ltr'>ne</span> <span class='ocrx_word' id='word_1_327' title='bbox 1395 2036 1473 2076; x_wconf 90' lang='lat' dir='ltr'>quis</span> <span class='ocrx_word' id='word_1_328' title='bbox 1499 2035 1622 2076; x_wconf 87' lang='lat' dir='ltr'>quavis</span> <span class='ocrx_word' id='word_1_329' title='bbox 1644 2035 1868 2076; x_wconf 80' lang='lat' dir='ltr'>auctoritate,</span> 
     </span>
     <span class='ocr_line' id='line_1_38' title="bbox 478 2079 1869 2120; baseline 0.001 -10"><span class='ocrx_word' id='word_1_330' title='bbox 478 2089 696 2120; x_wconf 89' lang='lat' dir='ltr'>quocumque</span> <span class='ocrx_word' id='word_1_331' title='bbox 709 2079 846 2120; x_wconf 89' lang='lat' dir='ltr'>quesito</span> <span class='ocrx_word' id='word_1_332' title='bbox 857 2079 963 2110; x_wconf 90' lang='lat' dir='ltr'>titulo</span> <span class='ocrx_word' id='word_1_333' title='bbox 972 2079 1028 2111; x_wconf 88' lang='lat' dir='ltr'>vel</span> <span class='ocrx_word' id='word_1_334' title='bbox 1038 2080 1162 2119; x_wconf 84' lang='lat' dir='ltr'>colore,</span> <span class='ocrx_word' id='word_1_335' title='bbox 1175 2080 1213 2110; x_wconf 92' lang='lat' dir='ltr'>in</span> <span class='ocrx_word' id='word_1_336' title='bbox 1225 2079 1335 2120; x_wconf 87' lang='lat' dir='ltr'>ipsius</span> <span class='ocrx_word' id='word_1_337' title='bbox 1351 2080 1571 2112; x_wconf 84' lang='lat' dir='ltr'>Venerabilis</span> <span class='ocrx_word' id='word_1_338' title='bbox 1586 2079 1713 2120; x_wconf 88' lang='lat' dir='ltr'>Patris,</span> <span class='ocrx_word' id='word_1_339' title='bbox 1726 2079 1869 2112; x_wconf 86' lang='lat' dir='ltr'>Domini</span> 
     </span>
     <span class='ocr_line' id='line_1_39' title="bbox 479 2123 1870 2165; baseline 0.001 -11"><span class='ocrx_word' id='word_1_340' title='bbox 479 2124 622 2163; x_wconf 86' lang='lat' dir='ltr'>Thome,</span> <span class='ocrx_word' id='word_1_341' title='bbox 651 2124 857 2155; x_wconf 87' lang='lat' dir='ltr'>Exoniensis</span> <span class='ocrx_word' id='word_1_342' title='bbox 881 2123 1054 2164; x_wconf 89' lang='lat' dir='ltr'>Episcopi,</span> <span class='ocrx_word' id='word_1_343' title='bbox 1078 2124 1313 2165; x_wconf 82' lang='lat' dir='ltr'>prejudicium</span> <span class='ocrx_word' id='word_1_344' title='bbox 1336 2124 1430 2156; x_wconf 88' lang='lat' dir='ltr'>circa</span> <span class='ocrx_word' id='word_1_345' title='bbox 1455 2124 1707 2165; x_wconf 84' lang='lat' dir='ltr'>premissorum</span> <span class='ocrx_word' id='word_1_346' title='bbox 1727 2124 1870 2165; x_wconf 77' lang='lat' dir='ltr'>aliquod</span> 
     </span>
     <span class='ocr_line' id='line_1_40' title="bbox 479 2167 1923 2215; baseline 0.001 -16"><span class='ocrx_word' id='word_1_347' title='bbox 479 2168 666 2209; x_wconf 89' lang='lat' dir='ltr'>quicquam</span> <span class='ocrx_word' id='word_1_348' title='bbox 693 2170 934 2208; x_wconf 86' lang='lat' dir='ltr'>attemptaret,</span> <span class='ocrx_word' id='word_1_349' title='bbox 960 2178 1023 2199; x_wconf 87' lang='lat' dir='ltr'>seu</span> <span class='ocrx_word' id='word_1_350' title='bbox 1046 2167 1181 2200; x_wconf 85' lang='lat' dir='ltr'>faceret</span> <span class='ocrx_word' id='word_1_351' title='bbox 1207 2168 1407 2208; x_wconf 87' lang='lat' dir='ltr'>aliqualiter</span> <span class='ocrx_word' id='word_1_352' title='bbox 1429 2168 1655 2209; x_wconf 83' lang='lat' dir='ltr'>attemptari;</span> <span class='ocrx_word' id='word_1_353' title='bbox 1679 2168 1725 2200; x_wconf 86' lang='lat' dir='ltr'>ad</span> <span class='ocrx_word' id='word_1_354' title='bbox 1749 2167 1869 2201; x_wconf 78' lang='lat' dir='ltr'>Sacro·</span> <span class='ocrx_word' id='word_1_355' title='bbox 1922 2210 1923 2215; x_wconf 17' lang='grc'>1</span> 
     </span>
     <span class='ocr_line' id='line_1_41' title="bbox 481 2212 1870 2254; baseline 0 -10"><span class='ocrx_word' id='word_1_356' title='bbox 481 2214 640 2244; x_wconf 88' lang='lat' dir='ltr'>sanctam</span> <span class='ocrx_word' id='word_1_357' title='bbox 660 2212 785 2244; x_wconf 88' lang='lat' dir='ltr'>Sedem</span> <span class='ocrx_word' id='word_1_358' title='bbox 802 2212 1052 2252; x_wconf 89' lang='lat' dir='ltr'>Apostolicam,</span> <span class='ocrx_word' id='word_1_359' title='bbox 1068 2212 1196 2253; x_wconf 86' lang='lat' dir='ltr'>palam,</span> <span class='ocrx_word' id='word_1_360' title='bbox 1213 2213 1361 2253; x_wconf 89' lang='lat' dir='ltr'>publice,</span> <span class='ocrx_word' id='word_1_361' title='bbox 1378 2215 1415 2244; x_wconf 90' lang='lat' dir='ltr'>et</span> <span class='ocrx_word' id='word_1_362' title='bbox 1437 2212 1596 2253; x_wconf 85' lang='lat' dir='ltr'>legitime</span> <span class='ocrx_word' id='word_1_363' title='bbox 1611 2212 1731 2245; x_wconf 88' lang='lat' dir='ltr'>extitit</span> <span class='ocrx_word' id='word_1_364' title='bbox 1745 2222 1870 2254; x_wconf 84' lang='lat' dir='ltr'>provo-</span> 
     </span>
     <span class='ocr_line' id='line_1_42' title="bbox 480 2256 1870 2297; baseline 0.001 -10"><span class='ocrx_word' id='word_1_365' title='bbox 480 2259 609 2288; x_wconf 90' lang='lat' dir='ltr'>catum.</span> <span class='ocrx_word' id='word_1_366' title='bbox 658 2256 825 2297; x_wconf 81' lang='lat' dir='ltr'>Quodque</span> <span class='ocrx_word' id='word_1_367' title='bbox 848 2257 942 2287; x_wconf 90' lang='lat' dir='ltr'>idem</span> <span class='ocrx_word' id='word_1_368' title='bbox 975 2256 1197 2288; x_wconf 87' lang='lat' dir='ltr'>Venerabilis</span> <span class='ocrx_word' id='word_1_369' title='bbox 1221 2257 1336 2296; x_wconf 87' lang='lat' dir='ltr'>Pater,</span> <span class='ocrx_word' id='word_1_370' title='bbox 1362 2257 1533 2288; x_wconf 89' lang='lat' dir='ltr'>Dominus</span> <span class='ocrx_word' id='word_1_371' title='bbox 1556 2257 1718 2296; x_wconf 82' lang='lat' dir='ltr'>Thomas,</span> <span class='ocrx_word' id='word_1_372' title='bbox 1743 2257 1870 2289; x_wconf 84' lang='lat' dir='ltr'>Exoni-</span> 
     </span>
    </p>
   </div>
   <div class='ocr_carea' id='block_1_11' title="bbox 481 2301 1872 2342">
    <p class='ocr_par' dir='ltr' id='par_1_11' title="bbox 481 2293 1930 2342">
     <span class='ocr_line' id='line_1_43' title="bbox 481 2301 1872 2342; baseline 0.001 -10"><span class='ocrx_word' id='word_1_373' title='bbox 481 2302 575 2333; x_wconf 89' lang='lat' dir='ltr'>ensis</span> <span class='ocrx_word' id='word_1_374' title='bbox 601 2301 803 2341; x_wconf 86' lang='lat' dir='ltr'>Episcopus,</span> <span class='ocrx_word' id='word_1_375' title='bbox 836 2303 959 2332; x_wconf 89' lang='lat' dir='ltr'>contra</span> <span class='ocrx_word' id='word_1_376' title='bbox 986 2301 1155 2342; x_wconf 89' lang='lat' dir='ltr'>quosdam</span> <span class='ocrx_word' id='word_1_377' title='bbox 1186 2301 1442 2341; x_wconf 85' lang='lat' dir='ltr'>malefactores,</span> <span class='ocrx_word' id='word_1_378' title='bbox 1469 2311 1612 2333; x_wconf 88' lang='lat' dir='ltr'>suarum</span> <span class='ocrx_word' id='word_1_379' title='bbox 1640 2301 1804 2333; x_wconf 85' lang='lat' dir='ltr'>Civitatis</span> <span class='ocrx_word' id='word_1_380' title='bbox 1833 2302 1872 2334; x_wconf 83' lang='lat' dir='ltr'>et</span> 
     </span>
    </p>
   </div>
   <div class='ocr_carea' id='block_1_12' title="bbox 481 2345 1916 3006">
    <p class='ocr_par' dir='ltr' id='par_1_12' title="bbox 481 2345 1916 3006">
     <span class='ocr_line' id='line_1_44' title="bbox 482 2345 1871 2387; baseline 0 -10"><span class='ocrx_word' id='word_1_381' title='bbox 482 2346 648 2384; x_wconf 86' lang='lat' dir='ltr'>Diocesis,</span> <span class='ocrx_word' id='word_1_382' title='bbox 665 2355 812 2386; x_wconf 90' lang='lat' dir='ltr'>quorum</span> <span class='ocrx_word' id='word_1_383' title='bbox 828 2346 973 2376; x_wconf 87' lang='lat' dir='ltr'>nomina</span> <span class='ocrx_word' id='word_1_384' title='bbox 987 2347 1024 2376; x_wconf 89' lang='lat' dir='ltr'>et</span> <span class='ocrx_word' id='word_1_385' title='bbox 1039 2355 1207 2386; x_wconf 88' lang='lat' dir='ltr'>personas</span> <span class='ocrx_word' id='word_1_386' title='bbox 1222 2346 1356 2386; x_wconf 87' lang='lat' dir='ltr'>pariter</span> <span class='ocrx_word' id='word_1_387' title='bbox 1378 2346 1566 2386; x_wconf 81' lang='lat' dir='ltr'>ignoravit,</span> <span class='ocrx_word' id='word_1_388' title='bbox 1582 2345 1642 2387; x_wconf 92' lang='lat' dir='ltr'>qui</span> <span class='ocrx_word' id='word_1_389' title='bbox 1657 2355 1747 2378; x_wconf 85' lang='lat' dir='ltr'>ausu</span> <span class='ocrx_word' id='word_1_390' title='bbox 1761 2347 1871 2378; x_wconf 74' lang='lat' dir='ltr'>teme·</span> 
     </span>
     <span class='ocr_line' id='line_1_45' title="bbox 481 2390 1910 2431; baseline 0.001 -11"><span class='ocrx_word' id='word_1_391' title='bbox 481 2390 575 2421; x_wconf 88' lang='lat' dir='ltr'>rario</span> <span class='ocrx_word' id='word_1_392' title='bbox 601 2392 638 2421; x_wconf 90' lang='lat' dir='ltr'>et</span> <span class='ocrx_word' id='word_1_393' title='bbox 668 2391 788 2421; x_wconf 89' lang='lat' dir='ltr'>mente</span> <span class='ocrx_word' id='word_1_394' title='bbox 819 2390 1000 2430; x_wconf 85' lang='lat' dir='ltr'>sacrilega,</span> <span class='ocrx_word' id='word_1_395' title='bbox 1032 2400 1111 2421; x_wconf 89' lang='lat' dir='ltr'>cum</span> <span class='ocrx_word' id='word_1_396' title='bbox 1143 2390 1270 2421; x_wconf 89' lang='lat' dir='ltr'>turmis</span> <span class='ocrx_word' id='word_1_397' title='bbox 1297 2390 1335 2421; x_wconf 90' lang='lat' dir='ltr'>in</span> <span class='ocrx_word' id='word_1_398' title='bbox 1359 2390 1588 2422; x_wconf 86' lang='lat' dir='ltr'>multitudine</span> <span class='ocrx_word' id='word_1_399' title='bbox 1614 2390 1764 2431; x_wconf 79' lang='lat' dir='ltr'>copiosa,</span> <span class='ocrx_word' id='word_1_400' title='bbox 1789 2399 1871 2422; x_wconf 86' lang='lat' dir='ltr'>cum</span> <span class='ocrx_word' id='word_1_401' title='bbox 1907 2414 1910 2415; x_wconf 22' lang='grc' dir='ltr'><em>ν</em></span> 
     </span>
     <span class='ocr_line' id='line_1_46' title="bbox 481 2433 1872 2475; baseline 0.001 -10"><span class='ocrx_word' id='word_1_402' title='bbox 481 2435 699 2466; x_wconf 86' lang='lat' dir='ltr'>diversorum</span> <span class='ocrx_word' id='word_1_403' title='bbox 716 2444 894 2465; x_wconf 85' lang='lat' dir='ltr'>armorum</span> <span class='ocrx_word' id='word_1_404' title='bbox 910 2434 1097 2474; x_wconf 85' lang='lat' dir='ltr'>generibus</span> <span class='ocrx_word' id='word_1_405' title='bbox 1112 2434 1251 2473; x_wconf 88' lang='lat' dir='ltr'>armati,</span> <span class='ocrx_word' id='word_1_406' title='bbox 1264 2434 1310 2466; x_wconf 89' lang='lat' dir='ltr'>ad</span> <span class='ocrx_word' id='word_1_407' title='bbox 1322 2433 1515 2466; x_wconf 86' lang='lat' dir='ltr'>Ecclesiam</span> <span class='ocrx_word' id='word_1_408' title='bbox 1527 2444 1627 2466; x_wconf 86' lang='lat' dir='ltr'>suam</span> <span class='ocrx_word' id='word_1_409' title='bbox 1640 2433 1872 2475; x_wconf 81' lang='lat' dir='ltr'>Collegiatam</span> 
     </span>
     <span class='ocr_line' id='line_1_47' title="bbox 484 2477 1915 2520; baseline 0 -10"><span class='ocrx_word' id='word_1_410' title='bbox 484 2478 612 2510; x_wconf 84' lang='lat' dir='ltr'>Sancte</span> <span class='ocrx_word' id='word_1_411' title='bbox 638 2478 771 2517; x_wconf 89' lang='lat' dir='ltr'>Crucis,</span> <span class='ocrx_word' id='word_1_412' title='bbox 798 2478 1002 2517; x_wconf 75' lang='lat' dir='ltr'>Crfflitonie,</span> <span class='ocrx_word' id='word_1_413' title='bbox 1031 2478 1068 2508; x_wconf 91' lang='lat' dir='ltr'>in</span> <span class='ocrx_word' id='word_1_414' title='bbox 1097 2478 1202 2510; x_wconf 81' lang='lat' dir='ltr'>Festo</span> <span class='ocrx_word' id='word_1_415' title='bbox 1228 2478 1478 2519; x_wconf 87' lang='lat' dir='ltr'>Apostolorum</span> <span class='ocrx_word' id='word_1_416' title='bbox 1505 2478 1659 2520; x_wconf 83' lang='lat' dir='ltr'>Philippi</span> <span class='ocrx_word' id='word_1_417' title='bbox 1685 2480 1723 2510; x_wconf 87' lang='lat' dir='ltr'>et</span> <span class='ocrx_word' id='word_1_418' title='bbox 1748 2477 1872 2511; x_wconf 71' lang='lat' dir='ltr'>onbi</span> <span class='ocrx_word' id='word_1_419' title='bbox 1914 2498 1915 2502; x_wconf 66' lang='lat'><em>=</em></span> 
     </span>
     <span class='ocr_line' id='line_1_48' title="bbox 481 2522 1869 2563; baseline 0.001 -10"><span class='ocrx_word' id='word_1_420' title='bbox 481 2523 640 2563; x_wconf 87' lang='lat' dir='ltr'>proximo</span> <span class='ocrx_word' id='word_1_421' title='bbox 654 2523 834 2563; x_wconf 90' lang='lat' dir='ltr'>preterito,</span> <span class='ocrx_word' id='word_1_422' title='bbox 852 2524 1085 2562; x_wconf 85' lang='lat' dir='ltr'>accesserunt,</span> <span class='ocrx_word' id='word_1_423' title='bbox 1097 2525 1133 2554; x_wconf 92' lang='lat' dir='ltr'>et</span> <span class='ocrx_word' id='word_1_424' title='bbox 1148 2532 1246 2554; x_wconf 90' lang='lat' dir='ltr'>more</span> <span class='ocrx_word' id='word_1_425' title='bbox 1258 2523 1378 2554; x_wconf 87' lang='lat' dir='ltr'>hostili</span> <span class='ocrx_word' id='word_1_426' title='bbox 1389 2523 1538 2554; x_wconf 87' lang='lat' dir='ltr'>eandem</span> <span class='ocrx_word' id='word_1_427' title='bbox 1551 2522 1744 2555; x_wconf 75' lang='lat' dir='ltr'>Ecclesiam</span> <span class='ocrx_word' id='word_1_428' title='bbox 1759 2522 1869 2554; x_wconf 79' lang='lat' dir='ltr'>intra-</span> 
     </span>
     <span class='ocr_line' id='line_1_49' title="bbox 482 2566 1872 2607; baseline 0.001 -9"><span class='ocrx_word' id='word_1_429' title='bbox 482 2569 576 2606; x_wconf 88' lang='lat' dir='ltr'>runt,</span> <span class='ocrx_word' id='word_1_430' title='bbox 593 2576 634 2598; x_wconf 88' lang='lat' dir='ltr'>ac</span> <span class='ocrx_word' id='word_1_431' title='bbox 650 2567 687 2598; x_wconf 91' lang='lat' dir='ltr'>in</span> <span class='ocrx_word' id='word_1_432' title='bbox 703 2567 877 2607; x_wconf 90' lang='lat' dir='ltr'>quendam</span> <span class='ocrx_word' id='word_1_433' title='bbox 894 2566 1092 2598; x_wconf 86' lang='lat' dir='ltr'>Johannem</span> <span class='ocrx_word' id='word_1_434' title='bbox 1116 2567 1220 2606; x_wconf 88' lang='lat' dir='ltr'>Cade,</span> <span class='ocrx_word' id='word_1_435' title='bbox 1245 2567 1282 2598; x_wconf 87' lang='lat' dir='ltr'>in</span> <span class='ocrx_word' id='word_1_436' title='bbox 1298 2567 1420 2598; x_wconf 85' lang='lat' dir='ltr'>eadem</span> <span class='ocrx_word' id='word_1_437' title='bbox 1438 2567 1594 2599; x_wconf 89' lang='lat' dir='ltr'>Ecclesia</span> <span class='ocrx_word' id='word_1_438' title='bbox 1609 2567 1819 2599; x_wconf 71' lang='lat' dir='ltr'>existentem</span> <span class='ocrx_word' id='word_1_439' title='bbox 1834 2568 1872 2599; x_wconf 72' lang='lat' dir='ltr'>et</span> 
     </span>
     <span class='ocr_line' id='line_1_50' title="bbox 483 2611 1913 2653; baseline 0.001 -11"><span class='ocrx_word' id='word_1_440' title='bbox 483 2611 627 2643; x_wconf 88' lang='lat' dir='ltr'>Missam</span> <span class='ocrx_word' id='word_1_441' title='bbox 656 2621 755 2642; x_wconf 86' lang='lat' dir='ltr'>suam</span> <span class='ocrx_word' id='word_1_442' title='bbox 783 2611 870 2642; x_wconf 92' lang='lat' dir='ltr'>inibi</span> <span class='ocrx_word' id='word_1_443' title='bbox 898 2611 1111 2650; x_wconf 89' lang='lat' dir='ltr'>audientem,</span> <span class='ocrx_word' id='word_1_444' title='bbox 1142 2621 1269 2643; x_wconf 88' lang='lat' dir='ltr'>manus</span> <span class='ocrx_word' id='word_1_445' title='bbox 1295 2611 1494 2652; x_wconf 81' lang='lat' dir='ltr'>injecerunt</span> <span class='ocrx_word' id='word_1_446' title='bbox 1524 2613 1658 2643; x_wconf 91' lang='lat' dir='ltr'>temere</span> <span class='ocrx_word' id='word_1_447' title='bbox 1687 2611 1871 2651; x_wconf 75' lang='lat' dir='ltr'>violentas,</span> <span class='ocrx_word' id='word_1_448' title='bbox 1910 2616 1913 2653; x_wconf 68' lang='lat'><em>]</em></span> 
     </span>
     <span class='ocr_line' id='line_1_51' title="bbox 483 2655 1914 2696; baseline 0 -9"><span class='ocrx_word' id='word_1_449' title='bbox 483 2656 665 2696; x_wconf 87' lang='lat' dir='ltr'>eidemque</span> <span class='ocrx_word' id='word_1_450' title='bbox 681 2655 796 2686; x_wconf 90' lang='lat' dir='ltr'>minas</span> <span class='ocrx_word' id='word_1_451' title='bbox 811 2655 936 2686; x_wconf 88' lang='lat' dir='ltr'>mortis</span> <span class='ocrx_word' id='word_1_452' title='bbox 959 2655 1167 2694; x_wconf 88' lang='lat' dir='ltr'>intulerunt,</span> <span class='ocrx_word' id='word_1_453' title='bbox 1191 2657 1228 2687; x_wconf 92' lang='lat' dir='ltr'>et</span> <span class='ocrx_word' id='word_1_454' title='bbox 1250 2655 1491 2686; x_wconf 85' lang='lat' dir='ltr'>inhumaniter</span> <span class='ocrx_word' id='word_1_455' title='bbox 1512 2656 1795 2696; x_wconf 67' lang='lat' dir='ltr'>pertractaruntg</span> <span class='ocrx_word' id='word_1_456' title='bbox 1817 2663 1870 2695; x_wconf 74' lang='lat' dir='ltr'>ao,</span> <span class='ocrx_word' id='word_1_457' title='bbox 1911 2659 1914 2662; x_wconf 80' lang='grc'><strong>”</strong></span> 
     </span>
     <span class='ocr_line' id='line_1_52' title="bbox 482 2698 1872 2741; baseline 0.001 -11"><span class='ocrx_word' id='word_1_458' title='bbox 482 2699 684 2741; x_wconf 85' lang='lat' dir='ltr'>hujusmodi</span> <span class='ocrx_word' id='word_1_459' title='bbox 711 2699 892 2734; x_wconf 85' lang='lat' dir='ltr'>maleficiis</span> <span class='ocrx_word' id='word_1_460' title='bbox 917 2709 987 2730; x_wconf 90' lang='lat' dir='ltr'>non</span> <span class='ocrx_word' id='word_1_461' title='bbox 1014 2699 1182 2738; x_wconf 88' lang='lat' dir='ltr'>contenti,</span> <span class='ocrx_word' id='word_1_462' title='bbox 1211 2701 1266 2731; x_wconf 91' lang='lat' dir='ltr'>set</span> <span class='ocrx_word' id='word_1_463' title='bbox 1292 2700 1410 2731; x_wconf 87' lang='lat' dir='ltr'>animo</span> <span class='ocrx_word' id='word_1_464' title='bbox 1434 2700 1599 2731; x_wconf 86' lang='lat' dir='ltr'>indurato</span> <span class='ocrx_word' id='word_1_465' title='bbox 1625 2701 1664 2731; x_wconf 89' lang='lat' dir='ltr'>et</span> <span class='ocrx_word' id='word_1_466' title='bbox 1688 2698 1872 2740; x_wconf 63' lang='lat' dir='ltr'>pertinaci,</span> 
     </span>
     <span class='ocr_line' id='line_1_53' title="bbox 483 2742 1873 2784; baseline 0.001 -9"><span class='ocrx_word' id='word_1_467' title='bbox 483 2743 680 2775; x_wconf 87' lang='lat' dir='ltr'>Presidenti</span> <span class='ocrx_word' id='word_1_468' title='bbox 698 2743 905 2775; x_wconf 88' lang='lat' dir='ltr'>Consistorii</span> <span class='ocrx_word' id='word_1_469' title='bbox 920 2743 1030 2784; x_wconf 90' lang='lat' dir='ltr'>ipsius</span> <span class='ocrx_word' id='word_1_470' title='bbox 1047 2743 1242 2775; x_wconf 83' lang='lat' dir='ltr'>Reverendi</span> <span class='ocrx_word' id='word_1_471' title='bbox 1266 2743 1392 2782; x_wconf 89' lang='lat' dir='ltr'>Patris,</span> <span class='ocrx_word' id='word_1_472' title='bbox 1417 2743 1580 2784; x_wconf 87' lang='lat' dir='ltr'>Episcopi</span> <span class='ocrx_word' id='word_1_473' title='bbox 1597 2742 1814 2783; x_wconf 84' lang='lat' dir='ltr'>Exoniensis,</span> <span class='ocrx_word' id='word_1_474' title='bbox 1829 2751 1873 2776; x_wconf 73' lang='lat' dir='ltr'>ao</span> 
     </span>
     <span class='ocr_line' id='line_1_54' title="bbox 483 2786 1873 2829; baseline 0.001 -10"><span class='ocrx_word' id='word_1_475' title='bbox 483 2787 610 2820; x_wconf 88' lang='lat' dir='ltr'>ceteris</span> <span class='ocrx_word' id='word_1_476' title='bbox 626 2788 784 2829; x_wconf 82' lang='lat' dir='ltr'>ejusdem</span> <span class='ocrx_word' id='word_1_477' title='bbox 801 2787 1008 2819; x_wconf 88' lang='lat' dir='ltr'>Consistorii</span> <span class='ocrx_word' id='word_1_478' title='bbox 1026 2788 1198 2819; x_wconf 88' lang='lat' dir='ltr'>Ministris</span> <span class='ocrx_word' id='word_1_479' title='bbox 1213 2788 1328 2819; x_wconf 88' lang='lat' dir='ltr'>minas</span> <span class='ocrx_word' id='word_1_480' title='bbox 1344 2788 1468 2819; x_wconf 89' lang='lat' dir='ltr'>mortis</span> <span class='ocrx_word' id='word_1_481' title='bbox 1480 2790 1517 2819; x_wconf 91' lang='lat' dir='ltr'>et</span> <span class='ocrx_word' id='word_1_482' title='bbox 1529 2788 1706 2820; x_wconf 85' lang='lat' dir='ltr'>cruciatus</span> <span class='ocrx_word' id='word_1_483' title='bbox 1717 2786 1873 2829; x_wconf 72' lang='lat' dir='ltr'>corpori·</span> 
     </span>
     <span class='ocr_line' id='line_1_55' title="bbox 482 2831 1916 2873; baseline 0 -10"><span class='ocrx_word' id='word_1_484' title='bbox 482 2833 644 2873; x_wconf 88' lang='lat' dir='ltr'>nequiter</span> <span class='ocrx_word' id='word_1_485' title='bbox 658 2832 866 2871; x_wconf 89' lang='lat' dir='ltr'>intulerunt,</span> <span class='ocrx_word' id='word_1_486' title='bbox 882 2832 1066 2873; x_wconf 89' lang='lat' dir='ltr'>ipsumque</span> <span class='ocrx_word' id='word_1_487' title='bbox 1083 2832 1326 2864; x_wconf 85' lang='lat' dir='ltr'>Reverendum</span> <span class='ocrx_word' id='word_1_488' title='bbox 1351 2833 1493 2865; x_wconf 85' lang='lat' dir='ltr'>Patrem</span> <span class='ocrx_word' id='word_1_489' title='bbox 1517 2834 1554 2864; x_wconf 91' lang='lat' dir='ltr'>et</span> <span class='ocrx_word' id='word_1_490' title='bbox 1577 2831 1758 2864; x_wconf 81' lang='lat' dir='ltr'>Ministros</span> <span class='ocrx_word' id='word_1_491' title='bbox 1780 2839 1872 2872; x_wconf 71' lang='lat' dir='ltr'>suen,</span> <span class='ocrx_word' id='word_1_492' title='bbox 1911 2834 1916 2857; x_wconf 88' lang='lat'>-&#39;</span> 
     </span>
     <span class='ocr_line' id='line_1_56' title="bbox 483 2875 1915 2923; baseline 0 -15"><span class='ocrx_word' id='word_1_493' title='bbox 483 2876 773 2908; x_wconf 87' lang='lat' dir='ltr'>Jurisdiccionem</span> <span class='ocrx_word' id='word_1_494' title='bbox 797 2886 896 2907; x_wconf 86' lang='lat' dir='ltr'>suam</span> <span class='ocrx_word' id='word_1_495' title='bbox 920 2876 957 2906; x_wconf 91' lang='lat' dir='ltr'>in</span> <span class='ocrx_word' id='word_1_496' title='bbox 982 2876 1135 2908; x_wconf 81' lang='lat' dir='ltr'>Oivitate</span> <span class='ocrx_word' id='word_1_497' title='bbox 1159 2876 1292 2908; x_wconf 87' lang='lat' dir='ltr'>Exonie</span> <span class='ocrx_word' id='word_1_498' title='bbox 1314 2877 1483 2917; x_wconf 87' lang='lat' dir='ltr'>predicta,</span> <span class='ocrx_word' id='word_1_499' title='bbox 1507 2878 1544 2908; x_wconf 89' lang='lat' dir='ltr'>et</span> <span class='ocrx_word' id='word_1_500' title='bbox 1567 2876 1646 2908; x_wconf 85' lang='lat' dir='ltr'>aliis</span> <span class='ocrx_word' id='word_1_501' title='bbox 1661 2875 1762 2908; x_wconf 86' lang='lat' dir='ltr'>Locis</span> <span class='ocrx_word' id='word_1_502' title='bbox 1777 2875 1872 2909; x_wconf 69' lang='lat' dir='ltr'>dioto</span> <span class='ocrx_word' id='word_1_503' title='bbox 1911 2917 1915 2923; x_wconf 93' lang='lat'><em>.</em></span> 
     </span>
     <span class='ocr_line' id='line_1_57' title="bbox 483 2920 1914 2960; baseline 0 -8"><span class='ocrx_word' id='word_1_504' title='bbox 483 2931 545 2952; x_wconf 88' lang='lat' dir='ltr'>sue</span> <span class='ocrx_word' id='word_1_505' title='bbox 562 2921 718 2952; x_wconf 90' lang='lat' dir='ltr'>Diocesis</span> <span class='ocrx_word' id='word_1_506' title='bbox 734 2920 800 2952; x_wconf 89' lang='lat' dir='ltr'>sibi</span> <span class='ocrx_word' id='word_1_507' title='bbox 809 2920 969 2959; x_wconf 86' lang='lat' dir='ltr'>subditis,</span> <span class='ocrx_word' id='word_1_508' title='bbox 983 2920 1101 2952; x_wconf 89' lang='lat' dir='ltr'>debite</span> <span class='ocrx_word' id='word_1_509' title='bbox 1113 2930 1305 2960; x_wconf 87' lang='lat' dir='ltr'>excercere,</span> <span class='ocrx_word' id='word_1_510' title='bbox 1318 2931 1359 2952; x_wconf 88' lang='lat' dir='ltr'>ac</span> <span class='ocrx_word' id='word_1_511' title='bbox 1372 2920 1627 2952; x_wconf 83' lang='lat' dir='ltr'>Consistorium</span> <span class='ocrx_word' id='word_1_512' title='bbox 1638 2930 1741 2952; x_wconf 88' lang='lat' dir='ltr'>suum</span> <span class='ocrx_word' id='word_1_513' title='bbox 1748 2922 1872 2952; x_wconf 69' lang='lat' dir='ltr'>tenero</span> <span class='ocrx_word' id='word_1_514' title='bbox 1911 2955 1914 2958; x_wconf 19' lang='grc' dir='ltr'><em>Α</em></span> 
     </span>
     <span class='ocr_line' id='line_1_58' title="bbox 483 2963 1912 3006; baseline 0.001 -10"><span class='ocrx_word' id='word_1_515' title='bbox 483 2967 521 2996; x_wconf 89' lang='lat' dir='ltr'>et</span> <span class='ocrx_word' id='word_1_516' title='bbox 536 2965 713 2996; x_wconf 85' lang='lat' dir='ltr'>celebrare</span> <span class='ocrx_word' id='word_1_517' title='bbox 729 2965 897 3004; x_wconf 85' lang='lat' dir='ltr'>volentes,</span> <span class='ocrx_word' id='word_1_518' title='bbox 914 2964 951 2996; x_wconf 88' lang='lat' dir='ltr'>in</span> <span class='ocrx_word' id='word_1_519' title='bbox 966 2966 1003 2996; x_wconf 89' lang='lat' dir='ltr'>et</span> <span class='ocrx_word' id='word_1_520' title='bbox 1019 2974 1125 3005; x_wconf 87' lang='lat' dir='ltr'>super</span> <span class='ocrx_word' id='word_1_521' title='bbox 1139 2965 1208 2996; x_wconf 89' lang='lat' dir='ltr'>hiis</span> <span class='ocrx_word' id='word_1_522' title='bbox 1223 2975 1290 3006; x_wconf 91' lang='lat' dir='ltr'>que</span> <span class='ocrx_word' id='word_1_523' title='bbox 1313 2965 1359 2997; x_wconf 85' lang='lat' dir='ltr'>ad</span> <span class='ocrx_word' id='word_1_524' title='bbox 1381 2965 1497 3006; x_wconf 86' lang='lat' dir='ltr'>ipsum</span> <span class='ocrx_word' id='word_1_525' title='bbox 1519 2964 1656 2998; x_wconf 86' lang='lat' dir='ltr'>notorie</span> <span class='ocrx_word' id='word_1_526' title='bbox 1677 2963 1870 3006; x_wconf 69' lang='lat' dir='ltr'>pertinent,</span> <span class='ocrx_word' id='word_1_527' title='bbox 1908 2976 1912 2998; x_wconf 91' lang='grc'>.·</span> 
     </span>
    </p>
   </div>
   <div class='ocr_carea' id='block_1_13' title="bbox 1870 0 1988 3256">
    <p class='ocr_par' dir='ltr' id='par_1_13' title="bbox 1870 0 1988 3256">
     <span class='ocr_line' id='line_1_59' title="bbox 1870 0 1988 3256; baseline 0 0"><span class='ocrx_word' id='word_1_528' title='bbox 1870 0 1988 3256; x_wconf 95' lang='lat' dir='ltr'> </span> 
     </span>
    </p>
   </div>
  </div>
 </body>
</html>
