1988 3256
510 360 801 397 REGISTRUM
825 359 1287 397 coMMnNn—ANNO
1315 348 1374 396 6⁰.
1617 349 1713 395 363

169 462 274 558 ἓῆᾶῐ
281 465 423 559 nigri}
437 466 478 504 of
506 465 656 517 Scilly·
644 495 656 514 ,
686 465 913 505 Commissio
941 465 1100 504 Fratris
1128 464 1297 504 Ricardc‘
1318 465 1472 512 Auncel,
1494 465 1651 503 Priores
1669 465 1715 503 de

197 538 214 556 ο
364 534 391 558 u
422 534 517 570 y,—

280 574 381 612 Item,
398 575 523 606 eisdem
539 574 593 606 die
605 578 641 606 et
655 574 740 613 loco,
758 573 926 606 Dominus
943 574 1021 606 fecit
1041 573 1319 606 Commissionem
1336 573 1448 605 Fratri
1465 573 1607 605 Ricardo
1619 574 1713 605 Aun-

324 618 383 657 cel,
403 618 507 649 Priori
523 618 695 650 Prioratus
711 618 753 650 de
777 618 884 659 Sully,
901 618 942 649 ad
966 618 1174 649 audiendum
1197 618 1232 648 in
1256 618 1328 649 foro
1343 618 1455 649 anime
1479 617 1714 649 Confessiones

323 661 476 693 omnium
498 665 535 693 et
556 662 764 703 singulorum
789 629 873 692 sibiy
875 643 1027 693 confiteri
1051 661 1250 723 vlolencium,
1274 664 1345 692 tam
1369 661 1411 693 de
1442 661 1559 693 Insula
1590 661 1714 693 Sancte

324 705 427 736 Maris
442 715 544 746 quam
561 706 603 736 de
620 705 736 737 Insula
758 705 874 736 Sancti
898 702 1078 742 Nicholai,1
1093 705 1198 736 eciam
1220 705 1254 736 in
1271 704 1416 736 casubus
1431 715 1451 735 a
1472 704 1550 746 jure
1567 704 1620 736 vel
1637 715 1712 736 con

324 750 505 780 suetudine
521 760 628 780 reserx
631 749 722 787 atis3
745 748 985 780 violacionibus
1000 749 1136 780 durium
1153 751 1190 780 et
1204 748 1417 779 Libertatum
1433 748 1578 779 Ecclesie
1592 748 1711 780 Cathe-

322 792 424 824 dralis
446 793 576 824 Exonie
598 773 780 824 dumta'xat
802 792 960 833 exceptis.
1008 792 1081 823 Ac'
1071 802 1209 833 insuper
1224 791 1429 833 deputavit
1420 802 1533 833 lpsum
1558 792 1711 824 Fratrem

322 836 503 867 Ricardum
526 836 709 868 Officialem
732 840 768 867 et
790 836 1081 877 Sequestratorem
1113 835 1312 867 Generalem
1335 836 1370 866 in
1394 835 1519 867 Insnlis
1543 836 1711 876 predictis,

320 890 397 911 cum
422 883 591 921 potestate
613 879 810 920 corrigendi,
834 879 1008 919 puniendi,
1032 882 1095 910 etc.
1116 879 1302 918 3faciendi‚
1327 878 1442 918 eciam,
1459 883 1494 910 et
1516 861 1713 911 excercendi

321 923 433 954 omnia
456 927 492 955 et
513 923 647 964 singula
669 933 748 973 que
758 923 799 954 ad
823 922 980 955 Officium
1004 922 1202 964 hujusmodi
1227 923 1409 963 pertinent.
1459 922 1597 954 Proviso
1619 923 1711 965 quod

321 967 449 999 semel
439 977 474 998 m
491 977 579 998 anno
594 962 809 998 raciocinium
826 967 947 998 reddat
964 967 1110 997 Domino
1127 966 1169 997 de
1185 966 1352 1007 perceptis
1367 966 1504 998 ibidem.

277 1021 490 1072 Sheepstor
508 1021 685 1072 Chapel3
715 1021 870 1059 Licence
889 1027 926 1059 to
945 1021 1134 1067 celebrate,
1140 1044 1193 1049 —

278 1076 377 1115 Item,
393 1076 520 1108 eisdem
535 1076 589 1107 die
604 1079 640 1108 et
654 1076 737 1115 loco,
762 1076 928 1107 Dominus
950 1076 1112 1107 concessit
1135 1074 1281 1106 Domino
1303 1074 1452 1107 Johanni
1475 1075 1560 1116 Day,
1577 1075 1712 1107 Vicario

322 1119 468 1151 Ecclesie
484 1119 686 1151 Parochialis
702 1120 744 1150 de
761 1118 985 1160 Bykkeleghe,
1001 1118 1189 1151 Licenciam
1201 1119 1293 1160 quod
1309 1119 1415 1159 possit
1430 1119 1538 1150 facere
1554 1119 1713 1151 celebrari

321 1163 444 1194 Divina
459 1163 494 1194 in
512 1163 646 1204 Capella
662 1163 704 1194 de
720 1162 966 1205 Schytlestorre
982 1173 1041 1204 per
1056 1162 1239 1204 Religiosos
1254 1162 1304 1193 vel
1317 1162 1508 1199 Seculares3
1528 1173 1585 1204 per
1602 1173 1711 1195 unum

321 1216 448 1238 annum
464 1207 674 1239 duraturam.

277 1261 460 1300 Mor-thoe
479 1259 670 1314 [Morth0,
692 1258 820 1314 MS.];
852 1260 1002 1300 Master
1021 1261 1128 1299 John
1149 1260 1376 1311 Sweynsey,
1399 1261 1516 1307 R„—

279 1316 419 1348 Licence
431 1315 466 1347 oi
481 1317 742 1354 non-residence,
757 1315 776 1331 ‘¹
786 1315 1072 1356 contemplacione
1087 1315 1241 1356 Episcopi
1253 1315 1462 1347 Menevensis
1478 1325 1486 1354 3
1503 1316 1594 1356 quod
1608 1316 1714 1357 possit

322 1362 412 1391 stare
427 1359 461 1390 in
478 1359 646 1400 obsequiis
659 1359 764 1400 ipsius
780 1359 900 1399 Patris,
914 1362 988 1399 etc.,
1004 1359 1168 1400 quamdiu
1186 1358 1332 1390 Domino
1344 1359 1538 1390 concedenti
1549 1359 1713 1400 placuerit

324 1403 491 1444 (Bishop’s
506 1403 656 1443 Tawton,
676 1405 716 1435 12
733 1403 830 1443 Oct.)-

279 1457 664 1508 Sampford-Peverel
682 1470 693 1506 3
723 1458 876 1496 Lz'cence
895 1464 933 1495 to
951 1457 1197 1504 celebrate,—

278 1512 378 1551 Item,
389 1512 479 1553 apud
489 1512 682 1553 Nymetone
692 1512 847 1553 Episcopi
857 1511 1165 1552 (Bishopsnympton
1171 1510 1192 1551 ),
1205 1510 1276 1552 xiiij
1291 1511 1355 1550 die,
1368 1511 1534 1542 Dominus
1547 1512 1712 1543 concessit

324 1555 511 1587 Licenciam
528 1555 673 1586 Domino
689 1555 856 1586 Willelmo
872 1555 1052 1597 Aystorpe,
1071 1554 1182 1594 Militi,
1199 1555 1290 1596 quod
1307 1555 1413 1595 possit
1427 1554 1535 1586 facere
1550 1555 1709 1587 celebrari

324 1599 457 1638 Divina,
474 1603 547 1638 etc„
563 1599 597 1630 in
621 1599 757 1640 Capella
778 1599 848 1630 sive
864 1599 1019 1631 Oratorio
1035 1598 1176 1630 Manerii
1198 1598 1252 1629 sui
1274 1598 1316 1629 de
1339 1598 1539 1639 Sampforde
1563 1599 1708 1639 Peverel,

323 1642 358 1674 in
374 1653 435 1674 sua
450 1646 486 1674 et
502 1643 615 1674 uxoris
638 1653 698 1674 sue
714 1642 883 1684 presencia
897 1651 904 1679 ;
929 1652 989 1683 per
1013 1652 1118 1673 unum
1135 1652 1263 1673 annum
1279 1641 1488 1673 duraturam.

168 1694 246 1727 [V⁰¹·
283 1697 469 1748 Glasney,
491 1697 560 1736 the
581 1697 798 1747 Collegiate
828 1696 990 1737 Church
1009 1697 1051 1735 of
1065 1710 1077 1745 3
1096 1696 1348 1735 Conditional
1369 1696 1533 1736 Licence
1552 1698 1594 1736 of
1616 1710 1711 1736 non-

170 1729 225 1761 ¹¹'¹
335 1752 536 1790 residence
555 1752 723 1802 granted
745 1759 787 1790 to
809 1751 877 1790 the
897 1751 1132 1798 Provost,—

281 1805 435 1846 Thomas,
451 1809 524 1846 etc.‚
549 1806 709 1847 Magistro
731 1806 859 1838 Thome
875 1806 917 1836 de
936 1806 1190 1846 Walkyngtone,
1215 1805 1237 1837 J
1241 1806 1310 1838 uris
1334 1805 1492 1837 canonici
1516 1805 1709 1846 Professori,

323 1849 568 1890 Canonicoque,
585 1850 817 1890 Prebendario,
829 1860 867 1881 ac
879 1849 1053 1890 Preposito
1064 1849 1100 1880 in
1114 1849 1260 1880 Ecclesia
1273 1853 1388 1881 nostra
1399 1849 1582 1890 collegiata
1593 1850 1711 1882 Sancti

266 1928 275 1935 ,
321 1892 458 1933 Thome,
476 1893 633 1932 Martii-is,
651 1893 826 1935 Glasneye,
848 1893 1005 1932 salutem,
1021 1893 1359 1924 etc.—Attendentes
1383 1893 1588 1933 presenciam
1612 1897 1710 1926 tuam

323 1936 418 1968 nobis
430 1941 465 1968 et
482 1937 627 1969 Ecclesie
642 1940 756 1968 nostre
769 1936 950 1969 Exoniensi
965 1936 1036 1967 fore
1051 1936 1281 1976 necessariam,
1291 1936 1374 1967 adeo
1384 1937 1476 1978 quod
1489 1937 1603 1968 eadem
1621 1947 1709 1968 com-

323 1980 421 2011 mode
436 1991 546 2012 carere
569 1991 636 2012 nou
653 1981 802 2012 valemus
819 1991 827 2019 ;
850 1980 929 2011 hinc
944 1983 997 2011 est
1019 1980 1123 2021 quod,
1141 1980 1304 2020 quamdiu
1321 1980 1355 2011 in
1373 1980 1497 2011 nostris
1512 1983 1548 2012 et
1564 1981 1710 2012 Ecclesie

322 2028 436 2055 nostre
453 2024 652 2055 Exoniensis
669 2024 888 2055 familiaribus
904 2023 1072 2064 obsequiis
1087 2023 1231 2063 insistas,
1245 2023 1297 2054 vel
1314 2024 1348 2054 in
1366 2023 1468 2056 Curia
1483 2023 1634 2055 Romana
1649 2035 1708 2056 seu

321 2067 386 2098 alia
398 2077 611 2109 quacumque
626 2078 686 2108 pro
701 2067 776 2109 jure
790 2066 1032 2099 Beneficiorum
1048 2071 1186 2098 tuorum
1203 2067 1472 2108 supradictorum
1487 2069 1708 2108 prosequaris,

321 2121 381 2142 seu
397 2121 499 2152 super
515 2111 640 2142 eisdem
657 2111 752 2142 litem
769 2111 919 2152 paciaris,
935 2110 977 2142 ab
1000 2110 1197 2152 hujusmodi
1214 2110 1387 2142 Beneficiis
1410 2111 1480 2142 tuis
1496 2115 1530 2142 te
1546 2111 1636 2143 licite
1651 2112 1707 2143 ab·

322 2157 467 2193 sentare,
484 2165 522 2185 ac
536 2154 673 2186 interim
689 2154 819 2196 integre
834 2154 1102 2193 distribuciones,
1118 2157 1188 2185 tam
1200 2164 1397 2185 communes
1409 2164 1510 2195 quam
1524 2155 1708 2196 singulares

323 2201 358 2229 et
367 2197 551 2230 cotidianas
561 2198 758 2230 dividendas
770 2207 984 2239 quocumque
995 2198 1131 2228 nomine
1142 2202 1430 2238 nuncuparentur,
1442 2208 1569 2229 necnon
1581 2202 1708 2230 ceteros

321 2241 474 2272 redditus
489 2244 526 2272 et
540 2245 723 2283 proventus
744 2251 976 2283 quoscumque
1001 2241 1035 2272 in
1060 2241 1332 2282 quibuscumque
1354 2241 1456 2272 rebus
1471 2242 1658 2274 consistant
1673 2246 1709 2274 et

323 2285 613 2326 qualitercumque
629 2285 820 2325 obveniant,
837 2285 927 2316 licite
943 2285 1110 2326 percipere
1125 2287 1160 2315 et
1175 2285 1328 2325 optinere
1340 2285 1459 2324 valens,
1469 2295 1507 2316 ac
1522 2285 1550 2316 si
1562 2285 1707 2317 residen-

321 2328 406 2359 ciam
427 2329 463 2359 in
487 2328 633 2360 Ecclesia
658 2329 806 2369 predicta
827 2328 1034 2369 personalem
1056 2328 1181 2359 faceres
1212 2338 1251 2359 ac
1274 2328 1404 2359 Divinis
1428 2328 1618 2368 interesses,
1643 2330 1708 2361 tibi

323 2371 510 2403 Licenciam
527 2371 741 2403 concedimus
756 2371 943 2413 specialem,
959 2375 996 2403 et
1011 2375 1123 2403 tecum
1139 2381 1240 2411 super
1254 2371 1392 2410 eisdem,
1409 2381 1477 2403 non
1492 2372 1708 2405 obstantibus

324 2415 594 2456 quibuscumque
609 2416 758 2447 Statutis
773 2416 842 2446 sive
859 2414 1138 2447 Ordinacionibus
1149 2415 1239 2446 dicte
1255 2415 1401 2446 Ecclesia
1414 2425 1472 2455 per
1481 2419 1613 2447 nostros
1630 2417 1706 2448 Pre-

322 2459 508 2490 decessores
522 2458 633 2498 editis,
650 2462 766 2490 tenore
782 2458 998 2490 Presencium
1009 2469 1049 2489 ex
1061 2461 1152 2489 certa
1167 2461 1282 2489 nostra
1296 2458 1438 2490 sciencia
1450 2458 1683 2500 dispensamus
1698 2470 1707 2498 ;

322 2502 482 2543 quodque
498 2502 674 2534 Canonicis
691 2502 855 2533 universis
871 2505 906 2533 et
921 2501 1062 2542 singulis
1078 2501 1114 2532 in
1130 2501 1277 2533 Ecclesia
1299 2505 1416 2533 nostra
1434 2502 1617 2543 collegiata
1633 2514 1705 2544 pre-

322 2544 422 2584 dicta,
439 2545 473 2576 in
490 2546 636 2586 presenti
650 2549 686 2577 et
708 2546 743 2577 in
766 2545 923 2577 futurum
947 2545 1184 2584 residentibus,
1207 2545 1331 2576 nostris
1354 2546 1567 2586 presentibus
1585 2546 1706 2579 Literis

321 2588 442 2619 damus
465 2588 500 2619 in
530 2589 695 2629 preceptis
720 2589 812 2630 quod
837 2588 909 2628 tibi,
942 2591 983 2619 ut
1008 2588 1107 2619 alteri
1136 2588 1355 2629 personaliter
1381 2589 1415 2619 in
1441 2589 1532 2620 dicta
1562 2590 1706 2622 Ecclesia

323 2631 484 2663 residenti
506 2636 542 2663 et
564 2632 695 2663 Divinis
726 2633 851 2664 Officiis
880 2631 1105 2671 interessenti,
1136 2632 1179 2663 de
1209 2631 1378 2672 premissis
1409 2632 1706 2665 distribucionibus

323 2675 486 2706 universis
501 2678 537 2706 et
552 2675 702 2716 singulis,
715 2675 1014 2716 proventubusque
1029 2675 1103 2706 aliis
1118 2675 1160 2705 de
1172 2674 1295 2716 quibus
1311 2675 1512 2716 premissum
1528 2680 1581 2707 est
1593 2677 1706 2709 debite

322 2718 546 2759 respondeant
561 2721 597 2750 et
610 2719 740 2760 integre
755 2719 963 2750 satisfaciant
981 2718 1023 2749 de
1045 2718 1181 2758 eisdem,
1198 2718 1351 2749 absencia
1374 2723 1434 2750 tua
1456 2729 1523 2750 non
1539 2719 1705 2760 obstante,

323 2764 364 2793 ut
386 2761 597 2802 premittitur
618 2766 762 2794 causata.
768 2762 923 2794 —Dated
945 2764 983 2793 at
1006 2762 1178 2800 Crediton,
1198 2763 1238 2793 16
1255 2761 1407 2794 October.
1452 2762 1548 2802 [This
1563 2763 1687 2796 letter
1678 2775 1707 2796 is

322 2804 458 2836 written
472 2815 516 2836 on
531 2815 551 2836 a
566 2805 629 2846 slip
644 2805 680 2836 of
695 2805 830 2845 vellum,
843 2805 953 2836 which
969 2804 1029 2836 has
1041 2805 1124 2836 been
1141 2804 1281 2836 bound'
1271 2815 1307 2836 m
1325 2805 1475 2837 between
1490 2806 1588 2838 folios
1603 2808 1623 2839 3
1639 2809 1707 2851 and

323 2849 343 2879 4
358 2847 395 2879 of
415 2847 475 2880 the
490 2848 643 2888 Register
658 2848 694 2880 of
715 2849 822 2888 Royal
838 2849 970 2880 Letters
985 2848 1051 2879 and
1067 2848 1182 2880 Writs.
1187 2846 1202 2889 ]

171 2923 184 2943 ¹
201 2923 286 2955 Now
301 2922 491 2963 commonly
506 2922 629 2954 known
644 2933 680 2954 as
695 2923 825 2955 Tresco.
871 2923 905 2954 It
1015 2922 1147 2954 called‘
1150 2922 1289 2954 ‘Tresco
1306 2923 1434 2964 Abbey.
1438 2923 1457 2935 ’'
1501 2923 1573 2955 The
1590 2925 1709 2967 Priory

216 2966 368 2998 contains
390 2965 450 2998 the
471 2966 641 2998 residence
663 2965 698 2998 of
718 2966 778 2998 the
801 2966 903 2998 Lord·
1016 2965 1052 2996 of
1081 2966 1130 2998 St.
1161 2965 1319 2998 Nicholas
1348 2976 1416 2999 was
1444 2966 1638 3008 dependent
1666 2979 1710 3001 on

218 3009 408 3051 Proprietor
430 3008 465 3040 of
487 3008 546 3041 the
573 3008 717 3050 Islands,
743 3009 905 3051 absurdly
1017 3008 1196 3041 Tavistock
1218 3008 1347 3051 Abbey.
