1988 3256
483 347 772 382 REGISTRUM
807 344 1270 381 COMMUNE—ANNO
1311 336 1366 379 3⁰.
1604 337 1699 381 303

156 451 233 479 Α-Ὀ·
315 452 462 485 Ecclesia
478 452 594 485 Sancti
610 453 707 485 Pauli
724 452 986 492 Londoniamm,
1004 451 1194 493 penultimo
1209 451 1264 483 die
1279 451 1438 483 instantis
1462 453 1586 484 mensis
1610 450 1699 493 Maii,

157 485 258 546 1κῖζῖῗῖ
314 507 391 529 cum
407 496 663 529 continuacione
679 499 714 528 et
729 496 963 538 prorogacione
975 496 1107 528 dierum
1121 501 1203 527 tunc
1218 495 1446 537 sequencium,
1458 506 1559 538 super
1574 497 1699 538 eisdem

214 541 221 547 '
258 539 266 547 '
314 541 458 582 negociis
483 544 519 572 et
544 551 582 572 ea
606 541 896 579 concernentibus,
923 543 1007 571 tunc
1033 539 1138 571 eciam
1167 539 1247 580 ipsis
1272 539 1404 580 plenius
1426 541 1701 581 exponendis,.et

308 585 408 626 juxta
434 584 708 616 informacionem
734 584 857 625 prefati
881 584 1043 625 Hugonis‚
1069 583 1298 615 commissarii
1322 583 1439 622 nostri,
1463 584 1620 625 primitus
1643 585 1699 616 ob-

311 629 498 667 tinendam,
515 638 583 659 una
605 638 683 659 cum
707 628 799 660 dicto
823 628 968 659 Domino
987 627 1242 668 Archiepiscopo
1264 637 1302 658 ac
1326 627 1552 668 Suffraganeis
1568 628 1648 667 suis,
1666 632 1701 660 et

311 672 408 705 Olero
430 672 539 704 tocius
563 671 736 703 Provincie
757 682 828 712 sue,
844 671 1033 711 tractaturi,
1049 681 1232 712 eorumque
1255 681 1375 702 sanum
1399 671 1575 703 consilium
1599 683 1701 714 snper

309 716 374 748 hiis
399 715 586 757 impensuri
605 725 613 754 ;
645 715 836 757 facturique
857 718 894 747 et
915 714 1084 756 recept-uri
1114 718 1216 756 prout
1238 715 1280 746 ad
1303 724 1583 758 unumquemque
1613 716 1700 757 ipso—

310 770 387 791 rum
413 759 449 790 in
474 759 536 790 hac
561 761 656 800 parte
685 759 821 797 attinet,
848 761 884 790 et
908 758 1120 798 negociorum
1147 758 1346 800 hujusmodi
1369 758 1516 800 qualitas
1538 759 1643 800 exigit
1665 763 1701 792 et

309 803 459 845 mquirit.
506 802 710 835 Intimantes
733 802 859 834 eisdem
874 803 966 843 qnod
988 803 1078 833 idem
1102 802 1269 834 Dominus
1283 802 1561 844 Archiepiscopus
1583 807 1702 836 contra

309 847 466 879 absentes
495 850 530 878 et
560 846 787 878 contumacias
817 845 900 887 (sio),
928 846 1027 877 dictis
1057 846 1111 877 die
1141 849 1177 877 et
1206 846 1277 877 loco
1309 847 1476 887 procedet,
1507 850 1543 879 et
1572 848 1700 880 nullius

309 890 460 934 absentis
473 890 724 922 excusacionem
740 890 910 929 admittet,
927 890 991 921 nisi
1007 893 1175 931 quatenus
1190 892 1322 921 artatur
1337 891 1379 921 de
1393 889 1479 932 jure,
1490 893 1532 922 ut
1545 892 1701 933 superius

310 934 513 966 continetur.
559 933 639 973 Vos,
672 933 786 974 eciam,
818 934 963 965 Domine
1000 933 1253 971 Arehidiaeone,
1282 933 1317 965 in
1354 937 1523 975 quantum
1561 936 1604 967 ad
1642 946 1700 967 vos

310 978 468 1020 pertinet,
484 977 584 1008 simili
600 977 700 1008 modo
716 977 934 1019 compareatis
950 977 1177 1018 personaliter,
1194 977 1236 1008 ad
1258 977 1450 1009 faciendum
1474 978 1510 1010 in
1532 979 1700 1019 omnibus,

309 1025 346 1054 et
361 1032 421 1063 per
435 1021 559 1061 omnia,
576 1024 618 1053 ut
632 1021 786 1062 superius
802 1021 1000 1053 declaratur.
1049 1021 1094 1052 Et
1115 1021 1199 1062 quid
1222 1021 1257 1052 in
1274 1021 1442 1062 premissis
1459 1021 1615 1061 feceritis,
1635 1034 1702 1055 una

309 1076 387 1098 cum
414 1065 515 1097 modo
548 1069 585 1096 et
611 1065 723 1096 forma*
744 1065 954 1097 Oitaeionum
982 1067 1017 1096 et
1046 1064 1308 1096 Intimacionum
1340 1069 1538 1105 vestrarum,
1569 1067 1699 1098 dictum

310 1112 464 1141 nostrum
497 1108 782 1149 Commissarium,
813 1108 847 1140 in
878 1108 968 1140 dicta
1006 1108 1153 1140 Ecclesia
1190 1111 1304 1140 nostra
1342 1109 1534 1148 Exoniensi,
1567 1110 1700 1151 prefato

310 1153 365 1185 die
391 1153 487 1184 Lune
511 1152 664 1193 proximo
689 1155 767 1194 post
795 1152 934 1184 Festum
962 1152 1078 1183 Sancti
1102 1152 1273 1184 Dunstani
1300 1153 1452 1193 predicti,
1481 1153 1641 1186 distincte
1664 1158 1700 1186 et

310 1199 424 1238 aperte
446 1195 636 1228 certificetis
659 1207 718 1237 per
741 1196 870 1227 Literas
885 1199 1022 1235 vestras,
1040 1199 1114 1236 ete,
1138 1196 1320 1228 citatorum
1343 1195 1542 1238 hujusmodi
1565 1198 1701 1230 nomina

311 1244 347 1272 et
368 1239 566 1281 cognomina
588 1239 734 1280 plenarie
749 1239 1129 1272 continentem—Date}
1155 1240 1304 1280 London‚
1322 1241 1342 1271 4
1359 1239 1447 1282 May.

269 1283 537 1324 Gerttsscatorium
565 1282 723 1315 Mandati
740 1283 993 1324 precedentis,—

267 1328 366 1360 xxixo
380 1327 435 1358 die
450 1326 574 1358 mensis
586 1327 665 1358 Maii
675 1326 818 1368 predicti
833 1327 975 1368 receptis
990 1326 1112 1358 Literis
1127 1326 1368 1359 certificatoriis
1381 1327 1533 1368 Magistri
1549 1329 1701 1369 Hugonis

313 1371 489 1413 Hiclynge‚
522 1371 732 1402 Precentoris
759 1370 905 1402 Ecclesie
936 1370 1119 1411 collegiate
1151 1371 1361 1412 Cryditonie,
1390 1371 1425 1402 in
1453 1372 1514 1403 hec
1541 1373 1653 1412 verba,
1666 1392 1700 1397 -

311 1414 512 1453 Venerabili,
532 1417 606 1454 etc„
623 1414 724 1455 Hugo
749 1414 922 1456 Hiclynge,
948 1414 1136 1453 Precentor,
1151 1417 1226 1451 etc..
1243 1414 1480 1455 obedienciam,
1496 1417 1700 1449 etc—Man-

311 1459 430 1490 datum
449 1457 642 1490 Reverendo
665 1457 882 1490 Paternitatis
898 1461 1009 1494 vestre
1031 1458 1150 1499 recepi,
1166 1458 1201 1489 in
1218 1458 1280 1490 hec
1302 1459 1617 1498 verba,——Thomas,
1634 1464 1697 1492 etc.

313 1501 465 1543 —Cujus
487 1501 697 1540 auctoritate,
724 1504 799 1540 ete„
819 1511 948 1533 necnon
964 1501 1092 1533 virtute
1114 1505 1150 1534 et
1164 1501 1277 1542 vigore
1299 1502 1489 1534 Literarum
1513 1507 1701 1537 vestrarum

310 1546 450 1586 singulis
467 1544 717 1577 Archidiaconis
734 1545 878 1577 Ecclesie
894 1549 1004 1577 vestre
1024 1545 1231 1585 Exoniensis,
1245 1556 1403 1577 eorumve
1419 1546 1625 1580 Officialibus
1640 1559 1699 1581 seu

312 1589 606 1626 Locatenentibus‚
633 1588 848 1627 directarum,
871 1591 907 1620 et
937 1599 996 1630 per
1026 1599 1080 1620 me
1103 1589 1229 1620 eisdem
1254 1589 1468 1629 Offici‘alibus,
1499 1601 1558 1622 seu
1582 1602 1699 1624 eorum

310 1632 605 1672 Locatenentibus,
621 1632 906 1679 transmissarum,
922 1642 1040 1664 omnes
1062 1635 1098 1664 et
1119 1632 1268 1674 singulos
1286 1633 1447 1673 Abbates,
1465 1636 1539 1674 etc„
1557 1635 1697 1675 Priores,

308 1680 344 1708 et
359 1680 485 1708 ceteros
508 1676 732 1707 Ecclesiarum
757 1674 918 1714 Prelatos,
934 1679 1108 1717 exemptos
1130 1679 1166 1708 et
1188 1687 1256 1708 non
1279 1679 1462 1718 exemptos,
1480 1678 1699 1720 Decanosque

308 1720 372 1761 [et]
388 1719 579 1761 Prepositos
603 1719 812 1752 Cathedralis
834 1722 872 1752 et
895 1719 1155 1759 collegiatarum
1180 1720 1412 1761 Ecclesiarum,
1430 1731 1557 1753 necnon
1581 1723 1697 1755 Archi-

308 1764 464 1795 diaconos
479 1773 596 1794 omnes
611 1766 647 1794 et
661 1763 821 1804 singulos,
837 1774 875 1794 ac
891 1763 1037 1804 Collegia
1053 1766 1088 1796 et
1104 1764 1301 1796 Conventus
1317 1764 1482 1796 Locorum
1499 1765 1697 1807 hujusmodi

310 1807 447 1848 (singuli
464 1817 524 1848 per
537 1806 710 1848 singulos),
726 1810 763 1838 et
779 1807 915 1839 Clerum
937 1807 1106 1849 reliquum
1123 1808 1156 1839 in
1175 1810 1287 1839 vestra
1303 1808 1433 1839 Diocesi
1450 1809 1600 1849 predicta
1624 1810 1695 1842 ubi-

308 1851 392 1883 libet
413 1850 651 1890 constitutum,
668 1851 711 1882 ad
733 1850 996 1891 comparendum
1019 1861 1130 1883 coram
1153 1851 1244 1883 dicto
1267 1851 1413 1883 Domino
1430 1853 1695 1895 Archiepiscopo,

308 1895 362 1926 die
377 1897 413 1926 et
427 1894 499 1926 loco
514 1894 670 1935 superius
692 1895 903 1935 expressatis,
919 1897 956 1926 et
977 1894 1168 1926 faciendum
1191 1895 1227 1926 in
1250 1895 1416 1933 omnibus,
1434 1899 1470 1927 et
1494 1906 1552 1937 per
1574 1898 1696 1937 omnia,

307 1938 399 1980 quod
414 1938 648 1979 supradictum
664 1937 865 1970 Mandatum
880 1937 985 1979 ipsius
1004 1938 1208 1970 Venerabilis
1224 1939 1346 1977 Patris,
1364 1939 1610 1982 Archiepiscopi
1625 1952 1696 1982 pre-

309 1981 403 2022 dicti,
420 1981 456 2013 in
472 1981 629 2013 omnibus
644 1984 680 2012 et
694 1981 845 2022 singulis,
861 1981 932 2013 fieri
948 1982 1053 2022 exigit
1067 1986 1103 2014 et
1118 1982 1261 2024 requirit
1275 1982 1310 2014 in
1331 1982 1392 2014 hac
1409 1987 1515 2024 parte,
1539 1988 1580 2016 ut
1603 1995 1696 2017 mau-

307 2026 419 2065 datur,
443 2024 665 2066 peremptorie
687 2024 783 2056 citari
799 2025 863 2056 feci
878 2028 914 2056 et
929 2026 1134 2066 premuniri;
1161 2026 1321 2057 Mandato
1345 2026 1563 2059 paternitatis
1587 2032 1696 2060 vestre

307 2069 459 2111 predicto
481 2068 517 2099 in
540 2068 680 2110 singulis
703 2068 879 2100 humiliter
900 2069 947 2100 sic
970 2069 1126 2109 parendo.
1173 2069 1327 2108 Nomina,
1346 2080 1432 2110 vere,
1450 2074 1485 2102 et
1500 2072 1696 2112 cognomina

307 2113 458 2154 ipsorum
479 2111 664 2151 Abbatum,
688 2115 762 2152 etc,
778 2122 909 2144 necnon
932 2112 1014 2144 dicti
1038 2113 1128 2145 Cleri
1151 2113 1422 2152 Procuratorum,
1446 2124 1556 2146 coram
1581 2126 1644 2156 me,
1661 2116 1696 2148 in

309 2156 454 2188 Ecclesia
470 2159 580 2187 vestra
597 2155 789 2188 Cathedrali
805 2156 934 2187 Exonie
950 2156 1110 2196 predicta,
1127 2157 1320 2198 supradicto
1343 2157 1398 2188 die
1417 2157 1510 2189 Lune
1525 2159 1695 2192 ordinato-

307 2210 386 2231 rum
400 2202 436 2231 et
451 2199 725 2239 constitutorum,
738 2199 774 2231 in
791 2199 919 2231 Cedula
935 2199 1150 2231 Pte-sentibus
1165 2210 1295 2231 annexa
1310 2201 1408 2241 plene
1423 2202 1696 2235 continentur.—

307 2243 419 2275 Dated
449 2245 486 2274 at
513 2242 646 2281 Exeter,
671 2243 714 2274 24
743 2243 898 2283 May,—“
909 2243 974 2274 sub
999 2243 1108 2284 sigillo
1143 2243 1345 2275 Presidentis
1370 2244 1567 2277 Consistorii
1591 2247 1695 2278 vestri

307 2286 515 2326 Exoniensis,
534 2296 602 2327 quo
617 2288 696 2317 utor
709 2286 745 2317 in
769 2286 884 2319 Officio
906 2287 1310 2327 constitutus.”-Tenor,
1334 2297 1422 2328 vero,
1446 2289 1535 2320 dicte
1560 2290 1695 2330 Cedule,

306 2331 348 2362 de
364 2340 432 2371 qua
446 2330 601 2370 superius
617 2329 656 2361 fit
671 2330 812 2369 mencio,
831 2329 910 2361 talis
925 2333 1031 2370 est,—

266 2373 416 2405 -Tenor
432 2373 550 2406 Oedule
567 2372 799 2413 Certificatorio
821 2383 1004 2413 annae,—

266 2417 432 2448 Dominus
452 2418 597 2457 Rogerus
615 2417 714 2457 Leye,
733 2416 826 2448 Prior
841 2416 1013 2448 Prioratus
1030 2416 1272 2448 Launcestonie
1288 2427 1297 2456 ;

266 2460 432 2492 Dominus
448 2460 635 2492 Willelmns
651 2460 846 2499 Carnellow,
862 2460 958 2492 Prior
974 2460 1145 2492 Prioratus
1162 2461 1337 2492 Bodminie
1354 2472 1363 2496 z

266 2503 432 2535 Dominus
458 2504 608 2544 Rogerus
637 2503 744 2543 Kella,
780 2503 924 2535 Ecclesie
951 2503 1135 2544 collegiatae
1163 2504 1258 2535 Beati
1280 2505 1420 2545 Thome,

308 2547 466 2586 Martiris,
485 2547 650 2588 Glasneye
673 2547 889 2588 Prepositus3
1516 2550 1694 2584 cornubie.

265 2590 432 2622 Dominus
449 2590 636 2622 Willelmus
647 2590 689 2621 de
701 2590 732 2621 la
745 2590 831 2631 Hay,
849 2590 943 2622 Prior
956 2590 1127 2622 Prioratus
1140 2590 1181 2621 de
1191 2590 1455 2633 Tywardraythe
1469 2603 1478 2631 ;

267 2633 432 2665 Dominus
441 2633 630 2665 willelmus
641 2634 683 2664 de
691 2633 873 2675 Treskelly,
885 2633 980 2665 Prior
989 2633 1161 2665 Prioratus
1171 2634 1286 2666 Sancti
1297 2635 1456 2667 Germani
1469 2647 1478 2674 ;

267 2677 434 2708 Dominus
445 2677 467 2708 J
469 2676 616 2708 ohannes
630 2676 764 2716 Volant,
782 2677 877 2709 Prior
892 2677 1007 2709 Sancti
1020 2677 1190 2708 Michaelis
1205 2677 1247 2708 de
1264 2678 1390 2711 Monte.

266 2720 434 2751 Dominus
449 2719 642 2761 Stephanus
657 2720 866 2761 Langmione,
882 2720 996 2752 Abbas
1013 2720 1207 2752 Monasterii
1223 2721 1444 2762 Tavystochie
1457 2732 1464 2760 ;

268 2764 386 2795 Frater
401 2764 422 2795 J
425 2763 572 2795 ohannes
590 2763 792 2803 Berkadone,
812 2763 923 2795 Abbas
939 2764 1135 2795 Monasterii
1150 2764 1192 2795 de
1208 2765 1310 2796 Torre
1324 2776 1332 2803 ς

267 2807 385 2838 Frater
403 2806 601 2847 Radulphus
617 2807 769 2846 Persone,
788 2807 882 2838 Prior
899 2807 1073 2839 Prioratus
1089 2807 1303 2848 Plymptonie
1321 2819 1328 2846 ;
1698 2839 1702 2842 ,

268 2850 387 2882 Frater
400 2850 422 2882 J
425 2849 573 2882 ohannes
587 2850 620 2881 16
636 2850 771 2889 Rovers,
789 2850 885 2882 Prior
902 2851 1072 2882 Prioratus
1087 2850 1246 2882 Tottonie
1263 2861 1271 2890 ;
1524 2853 1694 2887 Tottonie‚

267 2893 386 2926 Frater
401 2893 576 2925 Gilbertus
592 2893 725 2933 Beliow,
743 2893 840 2925 Prior
856 2893 1027 2925 Prioratus
1043 2894 1085 2925 de
1102 2893 1262 2935 Modbery
1276 2904 1285 2933 ;

269 2937 388 2968 Frater
402 2936 571 2969 Robertus
585 2936 713 2976 Simon,
730 2936 844 2968 Abbas
859 2936 1054 2969 Monasterii
1070 2936 1261 2969 Bukfestrie
1275 2948 1285 2974 ;

269 2980 388 3014 Frater
402 2979 549 3013 Thomas
564 2979 798 3023 Wappeleghe,
814 2980 928 3012 Abbas
942 2980 1138 3013 Monasterii
1154 2980 1196 3013 de
1211 2981 1389 3015 Boclonde.
