1988 3256
167 460 202 487 A.
206 459 245 486 D.

169 493 245 521 1373.

166 527 232 554 Vol.

171 561 213 588 11.

550 353 720 388 ROYAL
756 352 969 388 LETTERS
1003 353 1109 387 Am)
1145 352 1320 390 wm'rs,
1616 342 1706 386 191

319 463 391 493 tam
407 470 468 502 pro
483 460 678 492 defensione
694 459 840 492 Ecclesia
855 460 978 492 Sancte
993 461 1029 491 et
1043 458 1151 500 Regni
1166 457 1273 490 nostri
1288 457 1419 499 Anglie,
1434 468 1473 490 ac
1487 458 1631 490 aliorum
1645 460 1710 489 ter-

320 515 435 537 rarum
450 507 652 543 nostrarum,
670 514 772 545 quam
788 514 849 545 pro
864 503 1119 545 recuperacione
1134 502 1156 534 J
1158 502 1271 533 urium
1287 505 1480 534 nostrarum
1500 502 1535 533 in
1555 502 1713 533 Partibus

323 548 461 581 Francie
476 558 542 589 que
558 548 714 587 Karolus,
730 547 939 579 adversarius
963 549 1076 578 noster
1099 546 1247 585 Francie,
1264 549 1299 577 et
1314 546 1378 577 sibi
1398 546 1597 578 adherentes
1617 546 1714 577 nobis

322 592 480 625 detinent
503 591 616 623 minus
638 573 740 632 just’e,
764 591 855 623 ultra
877 594 913 622 et
939 601 1042 632 supra
1066 600 1158 621 mare
1181 589 1398 631 providemus
1425 590 1618 628 destinare3
1641 600 1712 629 nos,

322 638 495 678 sperantes
511 635 704 667 oracionum
726 635 882 676 suffragia
897 638 932 666 et
947 635 1012 666 alia
1033 633 1167 675 pietatis
1189 644 1288 675 opera
1308 633 1405 665 nobis
1419 637 1455 665 et
1470 633 1570 665 dictis
1591 633 1713 668 Fideli-

323 681 388 712 bus
410 679 543 719 nostris,
567 679 603 710 in
626 679 765 720 agendis
787 678 961 719 predictis,
983 678 1055 709 fore
1079 677 1266 718 plurimum
1293 680 1468 718 oportuna,
1497 688 1556 708 vos
1583 680 1714 708 attente

325 733 482 764 rogamus
498 722 660 764 quatinus
683 733 743 763 pro
763 722 861 754 nobis
884 725 920 754 et
941 725 1037 754 statu
1060 721 1143 753 dicti
1166 721 1274 762 Regni
1296 721 1403 752 nostri
1419 720 1549 761 Anglie,
1566 731 1604 752 ac
1626 720 1715 752 felici

326 766 564 808 expedicione'
555 776 704 808 ipsorum
722 766 890 798 Fidelium
905 768 1109 805 nostrorum,
1121 775 1236 806 preces
1253 764 1391 796 devotas
1407 764 1578 796 effundere
1594 764 1714 803 velitis,

327 814 367 843 ut
383 810 549 852 possimus
561 810 759 842 adversariis
774 810 898 841 nostris
913 810 948 841 in
965 812 1153 841 vestrarum
1165 808 1332 840 ereecione
1345 819 1508 840 manuum
1525 819 1613 849 prev.
1607 808 1716 846 .;11ere

325 857 371 894 et,
396 857 437 885 ut
458 854 502 885 ad
525 854 846 895 multiplicacionem
876 863 1013 895 precum
1041 853 1161 885 Gracia
1184 852 1324 884 Celestis
1355 852 1551 892 exhuberet,
1575 851 1715 891 faciatis,

327 898 486 940 petimus,
503 908 563 947 per
578 901 707 929 vestras
723 898 905 929 Civitatem
921 900 957 928 et
969 896 1135 928 Diocesim
1155 896 1271 927 Missas
1286 896 1456 936 celebrari,
1472 877 1717 937 predicaciones

329 946 365 974 et
379 941 606 983 processiones
621 941 702 981 fieri,
720 945 755 973 et
770 941 835 972 alia
850 941 903 982 pie
918 940 1117 982 placacionis
1131 940 1238 971 officia
1253 940 1408 978 exerceri,
1426 943 1466 971 ut
1487 940 1580 971 Deus
1601 940 1716 972 Omni·

328 989 457 1028 potens,
473 985 587 1027 justus
602 985 624 1017 J
627 985 726 1025 udex
743 985 833 1017 inter
848 995 908 1016 nos
929 988 965 1016 et
985 984 1093 1015 dictos
1113 984 1318 1015 adversarios
1340 986 1474 1015 nostros
1489 983 1664 1025 dijudicet,
1683 986 1719 1014 et

329 1029 427 1062 nobis
449 1029 484 1061 in
503 1028 642 1070 justicia
664 1029 832 1070 prevalere
848 1029 1035 1067 concedat3
1057 1028 1106 1059 ita
1128 1028 1220 1069 quod
1243 1028 1286 1059 ad
1309 1028 1371 1059 Sui
1393 1028 1491 1059 cedat
1515 1027 1624 1059 laudis
1647 1038 1719 1068 pre-

329 1074 474 1113 conium,
491 1073 588 1104 nobis
602 1073 646 1104 ad
663 1073 834 1112 meritum,
851 1075 886 1104 et
903 1071 1029 1104 Christi
1046 1071 1218 1103 Fidelibus
1234 1071 1448 1103 commodum
1465 1074 1501 1103 et
1516 1071 1677 1113 quietem.
1680 1089 1722 1094 —-

329 1117 440 1150 Dated
456 1120 493 1148 at
507 1116 754 1155 Westminster,
772 1117 812 1148 16
828 1116 929 1148 June.

177 1173 231 1200 fol.
244 1174 269 1199 ⁵-
289 1172 679 1209 43.-AnannAconmr
695 1180 737 1203 or
753 1172 894 1203 Exs‘rim
906 1170 1100 1211 (4).-Cum
1111 1181 1172 1202 nos
1188 1180 1296 1211 nuper
1310 1170 1345 1201 in
1357 1170 1459 1202 Curia
1473 1173 1598 1210 nostra,
1612 1181 1722 1202 coram

334 1216 439 1255 nobis,
464 1226 523 1256 per
546 1216 652 1246 Breve
675 1219 831 1246 nostrum
857 1215 1166 1255 recuperaverimus
1189 1214 1481 1245 Presentacionem
1505 1218 1656 1246 nostram
1680 1214 1723 1245 ad

333 1259 653 1292 Archidiaconatum
680 1259 915 1298 Exoniensem,
947 1269 1055 1299 nuper
1081 1261 1267 1296 vacantem,
1298 1261 1333 1289 et
1359 1258 1402 1289 ad
1431 1261 1581 1289 nostram
1614 1258 1724 1289 Dona-

333 1303 464 1335 cionem
491 1305 700 1344 spectantem
721 1303 852 1334 racione
879 1301 1118 1343 temporalium
1141 1301 1362 1342 Episcopatus
1390 1302 1533 1342 predicti
1558 1302 1594 1332 in
1621 1312 1724 1333 manu

333 1350 449 1379 nostra
466 1357 573 1387 nuper
588 1346 820 1384 existencium,
836 1355 953 1377 versus
973 1356 1032 1377 vos
1055 1348 1091 1376 et
1114 1345 1252 1376 Petrum
1276 1346 1318 1376 de
1342 1345 1495 1384 Everino,
1513 1345 1724 1377 Cardinalem

335 1390 451 1422 Titulo
467 1390 588 1422 Sancte
605 1390 710 1421 Marie
721 1389 755 1421 in
769 1389 911 1428 Vialata,
927 1400 987 1430 per
1000 1388 1310 1420 Consideracionem
1324 1388 1477 1429 ejusdem
1491 1389 1592 1420 Curie
1602 1392 1725 1428 nostre,

337 1436 440 1475 prout
462 1444 521 1474 per
543 1434 733 1465 Recordum
755 1435 791 1464 et
813 1433 1011 1465 Processum
1033 1432 1112 1463 inde
1134 1442 1247 1463 eoram
1270 1432 1367 1463 nobis
1389 1433 1573 1464 residencia
1596 1433 1727 1473 plenius

337 1477 464 1519 poterit
478 1487 659 1518 apparere3
683 1487 721 1508 ac
735 1477 806 1518 jam
828 1476 1094 1508 intellexerimus
1114 1476 1215 1517 quod,
1232 1475 1312 1507 lieet
1326 1486 1387 1507 nos
1407 1476 1537 1508 dictum
1559 1476 1726 1508 Archidia-

336 1524 495 1553 conatum
511 1521 634 1552 dilecto
649 1521 768 1552 clerico
784 1523 908 1560 nostro,
924 1520 1054 1551 Thome
1068 1519 1110 1551 de
1127 1520 1258 1560 Swa'oy,
1277 1520 1518 1551 contulerimus
1534 1520 1637 1561 Regio
1652 1520 1728 1561 J'ure

336 1568 463 1604 nostro,
480 1567 516 1596 et
532 1564 625 1596 vobis
640 1564 912 1595 mandaverimus
934 1564 1027 1604 quod
1041 1563 1153 1604 ipsum
1169 1563 1334 1594 'rhomam
1350 1564 1393 1594 ad
1409 1563 1728 1595 Archidiaconatum

336 1608 527 1650 predictum
543 1608 779 1647 admitteretis,
796 1610 832 1639 et
854 1608 885 1639 ei
906 1607 1110 1648 corporalem
1134 1607 1375 1648 possessionem
1396 1607 1475 1638 inde
1497 1607 1649 1638 faceretis
1672 1607 1728 1638 ha-

338 1653 440 1690 bere3
467 1661 594 1692 vosque
615 1651 729 1693 ipsum
751 1652 793 1682 ad
817 1650 1136 1683 Archidiaconatum
1160 1651 1266 1690 illum,
1291 1653 1449 1691 pretextu
1473 1650 1555 1682 dicti
1579 1651 1729 1682 Mandati

340 1695 448 1728 nostri
462 1695 674 1735 admiseritis,
692 1701 727 1727 et
741 1695 806 1727 sibi
828 1694 1030 1736 corporalem
1055 1694 1296 1735 possessionem
1317 1694 1396 1725 inde
1417 1694 1540 1726 habere
1559 1694 1705 1726 feceritis
1722 1704 1731 1733 ;

339 1750 408 1779 vos,
425 1742 550 1778 tamen,
566 1739 700 1771 dictum
717 1738 1036 1770 Archidiaconatum
1059 1741 1095 1769 et
1117 1738 1265 1779 proficua
1287 1738 1366 1769 inde
1389 1738 1424 1769 in
1447 1747 1568 1769 manus
1592 1741 1730 1777 vestras,

339 1783 467 1824 absque
481 1782 568 1824 juris
583 1793 749 1824 processu,
762 1782 951 1814 voluntarie
965 1781 1213 1823 sequestrastis,
1230 1784 1265 1813 et
1280 1781 1345 1813 sub
1360 1784 1431 1813 tam
1447 1784 1521 1813 arta
1536 1782 1730 1823 Sequestra-

340 1827 444 1859 cionis
459 1826 614 1858 custodia
633 1826 745 1858 facitis
766 1826 910 1858 detineri
933 1826 1026 1867 quod
1048 1825 1139 1856 idem
1162 1825 1302 1857 clericus
1318 1828 1434 1857 noster
1450 1825 1638 1876 proficuum
1653 1826 1732 1856 inde

341 1873 514 1911 reportare
530 1881 596 1901 non
613 1873 736 1911 potest,
753 1870 786 1901 in
804 1869 912 1902 nostri
927 1872 1162 1910 contemptum
1175 1873 1210 1900 et
1226 1868 1461 1910 prejudicium,
1474 1872 1510 1900 et
1524 1869 1610 1910 J‘uris
1626 1869 1734 1900 nostri

342 1917 379 1946 et
404 1914 522 1956 judicii
549 1914 778 1955 predictorum
802 1913 1054 1945 enervacionem
1080 1915 1116 1944 et
1146 1912 1246 1954 Regie
1270 1913 1398 1945 Corone
1425 1916 1538 1944 nostre
1554 1913 1732 1944 exhereda-

342 1958 472 1990 cionem
495 1957 735 1996 manifestam3
758 1967 828 1996 nos,
851 1957 928 1999 jura
950 1960 1065 1988 nostra
1088 1956 1191 1996 Regia
1213 1960 1248 1987 et
1270 1956 1396 1997 judicia
1418 1957 1452 1987 in
1477 1956 1588 1989 Curiis
1611 1957 1734 1988 nostris

343 2002 408 2033 rite
429 2001 572 2040 reddita,
591 2004 692 2042 prout
708 2001 841 2032 vinculo
863 2000 1049 2042 juramenti
1071 2000 1302 2041 astringimur,
1327 2000 1456 2031 illibata
1479 2011 1683 2040 conservare,
1699 2003 1735 2032 et

343 2045 643 2084 contravenientes,
655 2043 758 2086 juxta
775 2043 863 2085 juris
879 2044 1085 2087 qxigenciam
1101 2047 1136 2075 et
1151 2054 1291 2075 suorum
1307 2043 1479 2083 demerita,
1497 2044 1623 2085 absque
1639 2044 1734 2075 dissi-

345 2088 534 2120 mulacione
555 2088 709 2129 castigari
733 2088 884 2120 volentes
907 2091 942 2119 et
963 2087 1085 2129 puniri,
1109 2087 1204 2119 vobis
1224 2088 1435 2127 mandamus,
1459 2087 1601 2119 firmiter
1622 2087 1734 2129 injun-

346 2134 473 2173 gentes,
490 2132 591 2173 quod,
607 2131 636 2163 si
650 2132 700 2163 ita
715 2135 776 2171 est,
793 2134 877 2163 tunc
893 2131 1117 2172 Sequestrum
1134 2131 1335 2172 predictum,
1351 2131 1478 2172 absque
1494 2131 1638 2172 alicujus
1655 2132 1735 2162 dila-

345 2175 450 2207 cionis
465 2175 614 2216 diffugio,
626 2175 768 2207 relaxari
783 2175 924 2215 faciatis,
937 2178 974 2207 et
987 2175 1100 2216 ipsum
1116 2174 1274 2206 clericum
1287 2182 1442 2206 nostrum
1458 2175 1500 2206 de
1515 2175 1606 2206 dicto
1619 2175 1736 2207 Archi-

346 2219 526 2251 diaconatu
549 2222 586 2250 et
607 2218 756 2260 proficuo
772 2218 937 2260 ejusdem,
955 2221 1057 2259 prout
1079 2218 1123 2249 ad
1145 2218 1257 2259 ipsum
1280 2219 1438 2259 pertinet,
1455 2218 1582 2259 absque
1596 2219 1736 2269 impedi-

346 2266 464 2294 mento
486 2262 612 2312 aliquo,
633 2262 809 2312 disponere
831 2261 1049 2303 permittatis,
1072 2261 1275 2303 cuicumque
1297 2262 1424 2299 lesioni‚
1444 2262 1661 2302 enervacioni‚
1678 2273 1736 2293 seu

347 2306 586 2348 inpugnacioni
599 2305 686 2347 juris
701 2305 809 2337 nostri
825 2309 860 2337 et
874 2305 993 2346 judicii
1008 2305 1246 2346 predictorum,
1263 2315 1464 2347 quacunque
1479 2306 1681 2337 auctoritate
1697 2307 1739 2336 de

349 2353 460 2382 cetero
475 2349 648 2389 faciendis,
663 2349 800 2390 penitus
816 2348 1028 2387 desistentes,
1045 2348 1110 2379 sub
1125 2348 1272 2389 periculo
1288 2349 1380 2389 quod
1395 2349 1571 2381 incumbit.
1635 2350 1691 2388 Et,
1711 2349 1740 2380 si

348 2404 447 2425 eausa
462 2393 670 2425 racionabilis
687 2392 858 2424 subfuerit
874 2402 978 2433 quare
993 2392 1028 2423 id
1047 2391 1156 2423 facere
1170 2402 1238 2423 non
1254 2392 1416 2431 debeatis,
1436 2396 1519 2424 tunc
1534 2403 1595 2424 nos
1611 2393 1714 2424 inde
1704 2404 1739 2424 in

351 2436 555 2469 Cancellaria
577 2439 701 2473 nostra,
724 2436 789 2468 sub
810 2436 918 2477 sigillo
940 2438 1062 2475 vestm,
1090 2435 1250 2467 distincte
1272 2438 1308 2467 et
1333 2438 1457 2476 aperte,
1481 2436 1552 2467 sine
1579 2436 1740 2468 dilacione

350 2480 500 2512 reddatis
515 2480 852 2513 cerciores—'reama
868 2482 905 2512 at
918 2479 1165 2518 Westminster,
1183 2480 1224 2511 20
1240 2479 1262 2511 J
1266 2479 1443 2511 una—See
1458 2490 1512 2520 pp.
1532 2480 1582 2519 18,
1602 2481 1674 2512 184.

307 2534 596 2575 44.—-(5)—Cum
618 2545 680 2567 nos
702 2545 811 2576 nuper
836 2534 871 2566 in
899 2534 1001 2567 Curia
1025 2537 1149 2572 nostra,
1175 2543 1290 2570 coramv
1320 2533 1523 2565 Justiciariis
1550 2535 1676 2566 nostris
1699 2534 1742 2566 de

352 2579 474 2618 Banco,
507 2589 567 2620 per
596 2579 702 2610 Breve
732 2582 888 2610 nostrum
917 2577 1234 2619 recuperaverimus,
1265 2580 1328 2609 etc.
1359 2581 1397 2608 ut
1426 2587 1529 2618 supra
1551 2588 1649 2619 mque
1678 2578 1742 2610 sub

352 2622 500 2663 periculo
522 2622 614 2663 quod
636 2622 814 2661 incumbit,
837 2626 867 2654 et
887 2626 966 2653 tunc
981 2620 1124 2653 cic—vel
1147 2630 1281 2652 causam
1304 2620 1400 2652 nobis
1423 2620 1617 2662 significetis
1640 2632 1744 2663 quare

354 2666 555 2697 Mandatum
577 2669 745 2705 nostrum,
762 2665 844 2697 alias
859 2664 954 2696 vobis
975 2664 1054 2696 inde
1077 2664 1255 2704 directum,
1274 2664 1395 2705 exequi
1418 2665 1583 2705 noluistis,
1599 2666 1652 2697 vel
1676 2676 1743 2697 non

356 2709 693 2750 potuistis.—Tested
709 2713 745 2741 at
760 2709 1008 2748 Westminster,
1026 2709 1042 2739 1
1060 2707 1154 2749 July.

311 2762 596 2814 45.—(6)—9um
612 2774 674 2795 nos
688 2774 796 2805 nuper
811 2763 846 2795 in
864 2763 965 2795 Curia
980 2765 1104 2800 nostra,
1121 2766 1158 2793 ut
1172 2771 1275 2802 supra
1298 2771 1396 2803 usque
1417 2762 1572 2804 castigari
1595 2764 1746 2796 volentes

356 2809 393 2838 et
407 2807 530 2848 puniri,
547 2807 640 2838 vobis
663 2807 789 2848 pluries
812 2806 1092 2845 mandaverimus,
1116 2805 1260 2837 firmiter
1280 2805 1508 2847 injungentes,
1532 2808 1624 2849 quod
1646 2808 1676 2839 si
1698 2808 1747 2839 ita

358 2853 447 2882 esset
469 2850 547 2890 (eta,
563 2850 657 2882 doum
679 2855 710 2882 to
732 2850 824 2892 quod
845 2849 1038 2890 incumbit),
1063 2849 1114 2880 vel
1139 2859 1272 2880 eausam
1295 2849 1391 2880 nobis
1413 2849 1644 2891 significaretis
1668 2851 1746 2891 (etc,

359 2893 452 2926 dmon
482 2897 513 2925 to
538 2904 606 2925 non
632 2894 829 2935 potuistis);
860 2904 899 2925 ac
922 2903 989 2932 vos,
1018 2893 1140 2934 spretis
1167 2892 1336 2924 Mandat-,is
1359 2894 1483 2924 nostris
1510 2894 1679 2935 predictis,
1705 2897 1748 2926 *ut

360 2937 559 2979 accepimus,
575 2937 734 2979 premissa
756 2938 873 2976 facere,
890 2936 943 2968 vel
965 2936 1084 2968 saltem
1107 2946 1242 2968 causam
1258 2946 1361 2978 quare
1383 2947 1422 2968 ea
1447 2936 1555 2969 facere
1579 2938 1746 2978 noluistis,

363 2980 417 3015 vel
439 2990 508 3013 non
534 2980 704 3025 potuistis,
731 2981 828 3013 nobis
853 2979 1040 3027 significare
1065 2979 1229 3015 hactenus
1254 2989 1323 3014 non
1352 2981 1558 3022 curaveritis,
1585 2981 1621 3014 in
1643 2982 1751 3016 nostri
