1988 3256
135 434 212 462 ΑΛ).

135 469 211 496 1384.

134 501 200 528 Vol.
216 502 240 529 1.

450 330 743 366 REGISTRUM
783 330 1247 366 οοΜΜοΝΕ-ΑΝΝΟ
1288 322 1381 365 15⁰.
1589 324 1679 366 561

286 437 324 468 in
352 438 474 469 decem
500 437 599 469 libris
625 437 885 478 sterlingorum,
910 436 1086 468 solvendis
1111 436 1225 467 eidem
1251 437 1401 467 Domino
1427 437 1599 480 Episcopo
1627 438 1682 468 vel

289 482 556 514 Successoribus
583 482 665 520 suis,
698 482 762 512 Die
788 482 974 512 Dominica
1003 481 1164 521 proxima
1193 483 1381 521 postquam
1413 481 1601 521 contigerit
1634 482 1684 513 sic

287 527 422 558 dictum
438 527 629 557 Dominum
647 526 870 567 Episcopum,
889 526 944 556 vel
963 525 1188 556 successores
1205 535 1295 564 suOS,
1313 525 1350 555 in
1361 525 1455 556 dicta
1469 528 1682 565 tenementa,

289 571 421 609 domos,
447 573 483 602 et
511 571 689 611 Capellam
715 581 795 601 cum
811 570 1049 610 pertinenciis,
1072 570 1115 600 ob
1132 579 1256 600 causas
1271 570 1484 610 prescriptas
1500 570 1683 602 reintrare.

290 615 333 646 In
348 615 450 656 cujus
466 616 516 646 rei
533 615 775 646 testimonium
793 615 918 645 Partes
932 614 1090 655 predicte
1114 614 1182 645 hiis
1206 614 1334 644 Literis
1358 614 1551 645 indentatis
1568 615 1684 654 sigilla

289 664 355 690 sna·
368 660 571 691 alternatim
588 662 847 700 apposuerunt;
863 659 932 690 hiis
955 658 1319 697 testibus,—Walter0
1336 659 1516 698 Cloptone,
1535 659 1683 690 Ricardo

290 703 491 742 Sidenham,
508 704 529 735 J
531 704 669 735 ohanne
687 704 803 744 Hylle,
819 704 840 734 J
843 703 981 734 ohanne
993 703 1176 741 Wadham,
1189 703 1389 734 Alexandro
1404 703 1521 742 Merle,
1534 704 1682 734 Domino

289 748 462 779 Willelmo
491 749 625 787 Crosse,
654 749 802 780 Rectore
826 748 980 779 Ecclesie
1004 747 1219 778 Parochialis
1237 747 1356 778 Sancti
1374 747 1566 778 Clementis
1583 751 1683 779 extra

290 792 437 824 Barram
464 793 555 823 Novi
583 793 719 833 Templi
747 793 1019 831 Londoniarum‚
1045 792 1218 822 Willelmo
1243 792 1385 830 Pecche‚
1403 794 1438 822 et
1455 792 1683 823 aliis—Data

290 837 480 869 Londoniis
496 838 532 868 in
550 837 655 868 Festo
671 837 810 868 Natalis
826 837 977 874 Domini,
1002 837 1105 867 Anno
1123 836 1234 876 Regni
1252 836 1358 875 Regis
1375 836 1513 867 Ricardi
1533 836 1682 867 Secundi

288 884 368 922 post
396 881 635 923 Conquestum
663 882 822 922 septimo.
870 881 916 911 Et
940 891 1014 919 nos,
1043 881 1204 911 Decanus
1229 883 1265 911 et
1294 880 1495 920 Capitulum
1528 881 1682 912 Ecclesie

291 926 511 957 cathedralis
543 926 686 964 Exonie,
717 925 876 966 prefatas
906 925 1139 956 tradicionem
1170 928 1206 956 et
1237 925 1477 956 dimissionem
1508 928 1605 956 ratas
1645 929 1680 957 et

290 971 410 1002 firmas
425 970 606 1009 habentes,
622 970 822 1010 eisdemque
840 979 1048 1001 consensum
1068 972 1104 1000 et
1128 979 1310 1000 assensum
1328 971 1467 1000 nostros
1484 970 1680 1009 prebentes,

290 1015 444 1055 sigillum
477 1017 639 1046 nostrum
670 1024 855 1045 commune
887 1014 1110 1054 presentibus
1141 1014 1268 1044 Literis
1298 1014 1491 1044 indentatis
1519 1014 1682 1045 duximus

289 1059 546 1100 apponendum,
570 1059 607 1090 in
631 1059 736 1090 fidem
761 1061 796 1091 et
820 1059 1061 1089 testimonium
1082 1059 1533 1098 premissorum—Datum,
1551 1069 1619 1099 quo
1637 1059 1680 1089 ad

289 1104 550 1144 apposicionem
566 1104 671 1143 sigilli
688 1103 810 1142 nostri,
827 1103 864 1133 in
882 1103 993 1134 Domo
1015 1106 1137 1134 nostra
1154 1103 1348 1143 Capitulari
1367 1103 1498 1133 Exonie
1518 1101 1588 1143 (the
1605 1104 1680 1134 date

291 1148 321 1178 is
337 1147 499 1185 omitted).

243 1223 396 1261 Exeter
413 1223 631 1262 Cathedral
647 1236 658 1270 3
687 1223 931 1261 Mandatum
951 1223 1007 1260 ad
1022 1222 1326 1272 ‘reformandum
1357 1222 1495 1272 Officia
1522 1223 1681 1261 Divina

300 1276 348 1314 in
366 1277 542 1315 Ecclesia
564 1277 865 1323 Cathedrali,—-

246 1332 408 1371 Thomas,
425 1335 502 1372 etc.‚
520 1334 662 1364 Decano
686 1333 840 1363 Ecclesie
863 1334 984 1363 nostre
1008 1332 1226 1371 Exoniensis,
1251 1342 1322 1370 seu,
1346 1332 1383 1362 in
1407 1332 1484 1373 ejus
1507 1333 1680 1370 absencia,

291 1377 489 1408 Presidenti
506 1377 660 1417 Capituli
677 1377 836 1418 ejusdem
854 1376 1020 1414 Ecclesie,
1038 1376 1199 1415 salutem,
1216 1376 1557 1408 etc.—Subdit0rum
1581 1378 1682 1408 nobis

291 1421 504 1462 periculosas
520 1421 770 1462 negligencias,
794 1431 880 1462 quas
904 1421 1052 1451 ulterius
1076 1421 1240 1451 tollerare
1265 1430 1351 1451 sana
1375 1422 1592 1452 consciencia
1611 1432 1680 1452 non

290 1465 460 1504 valemus,
475 1476 520 1497 ne
536 1466 692 1506 ipsorum
717 1466 861 1505 sanguis
885 1465 927 1496 de
951 1465 1113 1496 manibus
1137 1465 1268 1495 nostris
1284 1466 1493 1505 requiratur,
1510 1476 1552 1496 ex
1570 1466 1682 1496 Officii

291 1510 403 1541 nostri
421 1510 540 1541 debito
550 1510 709 1550 cogimur
719 1510 911 1550 increpare.
959 1510 1066 1540 Gravi
1082 1519 1127 1540 ne
1144 1510 1272 1540 mirum
1285 1510 1553 1549 perturbacione
1567 1520 1681 1541 move-

290 1564 371 1584 mur
386 1555 478 1595 quod
493 1555 698 1593 residencia,
714 1554 816 1595 juxta
831 1554 941 1594 ipsius
966 1554 1120 1585 Ecclesie
1143 1556 1262 1584 nostre
1281 1554 1432 1592 Statuta,
1452 1554 1681 1585 Consuetudi-

291 1608 363 1637 nes,
380 1608 421 1629 ac
438 1599 689 1630 Ordinaciones
706 1599 900 1630 Canonicas
916 1598 1033 1629 debite
1049 1598 1222 1637 facienda,
1238 1608 1302 1638 per
1319 1598 1512 1629 Canonicos
1523 1599 1680 1639 ejusdem

292 1642 447 1674 Ecclesie
471 1643 546 1674 fieri
571 1643 683 1682 solita,
707 1643 957 1674 miserabiliter
987 1642 1217 1680 subtrahitur,
1243 1642 1472 1683 Officiumque
1504 1643 1681 1681 Divinum,

291 1687 457 1718 diurnum
473 1688 607 1727 pariter
622 1691 658 1719 et
674 1690 896 1726 nocturnum,
913 1687 949 1718 in
967 1687 1124 1717 Ecclesia
1146 1689 1268 1717 nostra
1290 1687 1450 1726 predicta
1473 1688 1551 1727 plus
1568 1688 1680 1726 solito,

290 1734 395 1771 prout
411 1742 454 1762 ex
471 1732 678 1771 Magnetum
694 1734 730 1763 et
745 1732 893 1762 aliorum
909 1731 1166 1771 fldedignorum
1183 1731 1355 1762 relacione
1372 1732 1580 1771 accepimus,
1598 1742 1680 1771 neg-

291 1775 436 1815 ligitur;
460 1777 547 1807 adeo
563 1777 655 1816 qnod
673 1776 778 1806 Horis
796 1775 1064 1806 Matutinalibus
1080 1776 1117 1806 in
1133 1775 1255 1806 eadem
1273 1775 1428 1806 Ecclesia
1445 1776 1601 1807 dicendis
1624 1777 1681 1806 vix

291 1820 361 1851 dno
377 1823 438 1851 aut
454 1822 527 1851 tres
543 1820 674 1851 Vicarii
690 1831 732 1851 ex
748 1830 819 1851 una
834 1822 945 1860 parte,
962 1822 998 1850 et
1014 1820 1163 1850 totidem
1180 1829 1222 1850 ex
1238 1819 1359 1858 altera,
1376 1820 1563 1860 aliquando
1573 1821 1680 1851 inter-

291 1867 385 1902 sunt,
401 1865 460 1905 qui
478 1864 638 1895 Officium
656 1865 875 1902 Matutinale‚
898 1866 1043 1904 propter
1065 1864 1221 1904 ipsorum
1237 1864 1462 1903 paucitatem,
1479 1865 1681 1896 nullatenus

291 1909 457 1948 perficere
472 1911 638 1949 poterant
652 1912 693 1940 ut
709 1909 887 1947 deberent,
912 1905 1138 1949 nonnullique
1163 1908 1329 1939 Canonici
1346 1918 1387 1939 ac
1403 1908 1544 1948 Vicarii,
1569 1911 1605 1940 et
1629 1919 1681 1940 ce-

290 1953 358 1984 teri
375 1953 528 1984 Ministri
543 1953 702 1994 ejusdem
728 1953 892 1991 Ecclesie‚
909 1953 993 1983 dum
1009 1953 1047 1983 in
1064 1952 1180 1983 Missis
1204 1955 1240 1983 et
1263 1952 1340 1984 aliis
1366 1953 1471 1984 Horis
1496 1953 1682 1985 Canonicis

290 1997 333 2031 in,
344 1997 422 2037 ipsa
437 1998 594 2029 Ecclesia
609 1998 827 2029 celebrandis
842 1998 1023 2035 interesse,
1041 2000 1076 2027 et
1093 1997 1218 2027 offerre
1235 1997 1309 2028 Deo
1333 1997 1542 2028 sacrificium
1567 1999 1681 2029 laudis

290 2041 516 2083 fructumque
531 2042 704 2073 labiorum
729 2052 881 2080 suorum,
898 2042 935 2072 in
951 2042 1105 2081 puritate
1130 2041 1345 2072 consciencie
1362 2051 1403 2072 ac
1418 2042 1528 2072 animi
1545 2043 1679 2073 devoci-

291 2095 357 2116 one
374 2086 553 2125 deberent,
569 2089 670 2118 extra
692 2086 846 2118 Chorum
867 2086 905 2117 in
922 2086 1023 2124 Navi,
1040 2095 1081 2116 ac
1104 2086 1317 2126 aliquociens
1335 2086 1373 2116 in
1397 2086 1579 2117 Cimiterio
1600 2087 1680 2126 ipsi-

291 2139 334 2160 us
347 2130 511 2168 Ecclesie‚
525 2131 612 2162 acin
622 2131 772 2162 circuitu
783 2130 889 2161 Chori
899 2130 1068 2171 ejusdem,
1080 2130 1203 2160 diebus
1213 2130 1450 2170 solempnibus
1463 2133 1498 2162 et
1511 2131 1599 2169 aliis,
1613 2131 1680 2162 dis—

292 2177 440 2205 currunt
454 2175 588 2215 pariter
603 2178 640 2206 et
654 2178 851 2215 vagantnr;
875 2178 1052 2212 extranea,
1076 2176 1113 2205 et
1135 2174 1339 2215 plerumque
1363 2185 1464 2214 vana,
1487 2176 1680 2215 prophana,

292 2219 329 2247 et
344 2217 541 2257 inhonesta,
557 2219 668 2250 eciam
691 2229 770 2250 cum
794 2219 893 2250 laicis
916 2221 952 2250 et
975 2218 1182 2249 mulieribus
1204 2218 1476 2250 intermiscendo
1500 2220 1681 2260 colloquia,

294 2262 395 2292 tarde
412 2263 457 2293 ad
481 2262 635 2294 Chorum
656 2263 906 2301 conveniendo,
923 2263 1116 2293 Ecclesiam
1143 2262 1268 2303 ipsam,
1291 2263 1421 2303 absque
1443 2274 1550 2294 causa
1572 2265 1680 2295 racio-

291 2305 410 2344 nabssi,
427 2309 510 2337 ante
526 2307 632 2338 finem
650 2307 761 2338 Officii
777 2307 946 2346 exeundo,
962 2306 1242 2347 aliquociensque
1259 2307 1343 2337 dum
1360 2307 1489 2338 Divina
1503 2308 1541 2338 in
1557 2309 1679 2339 eadem

293 2352 450 2388 aguntur
483 2361 520 2381 se
550 2351 693 2391 penitus
723 2351 951 2390 absentando,
982 2351 1019 2381 in
1051 2351 1178 2381 Divine
1211 2351 1409 2392 Majestatis
1440 2352 1609 2383 offensam
1641 2363 1682 2384 ac

295 2393 438 2425 Ordinis
459 2394 638 2426 Clericalis
664 2399 701 2426 et
725 2396 922 2426 astancium
947 2395 1178 2435 plurimorum
1203 2395 1406 2426 scandalum
1430 2396 1660 2427 manifestum
1673 2411 1681 2436 3

294 2438 489 2469 cotidianas
505 2439 775 2471 distribuciones
800 2449 841 2470 ac
863 2440 934 2470 alia
957 2439 1132 2479 stipendia
1153 2439 1190 2469 in
1211 2439 1335 2470 eadem
1358 2440 1514 2471 Ecclesia
1535 2441 1595 2479 eis,
1618 2451 1681 2481 pro

294 2482 474 2521 premissis
484 2483 678 2514 residencia
688 2486 725 2514 et
741 2483 871 2514 Officiis
887 2483 1023 2514 Divinis
1040 2483 1157 2514 debite
1174 2483 1260 2514 inibi
1276 2483 1458 2523 faciendis,
1475 2485 1519 2515 ab
1536 2486 1680 2526 antiquo

295 2526 499 2565 constituta,
515 2527 653 2566 integ-re
668 2527 918 2558 nichilominus
932 2527 1170 2559 vendicantes.
1217 2527 1299 2566 Nos,
1313 2528 1431 2566 igitur,
1449 2531 1502 2559 tot
1518 2535 1554 2559 et
1570 2531 1680 2561 tantis

294 2569 397 2601 malis
413 2580 454 2601 ac
470 2571 644 2610 periculis,
659 2582 726 2612 que
742 2572 867 2602 exinde
889 2574 1057 2611 poterunt
1073 2572 1312 2602 verisimiliter
1330 2573 1480 2611 evenire,
1498 2575 1680 2613 oportunis

292 2613 433 2645 obviare
459 2615 624 2646 remediis
645 2615 863 2654 affectantes,
888 2616 986 2647 vobis
1008 2616 1264 2647 committimus
1289 2619 1324 2646 et
1353 2617 1572 2657 mandamus,
1599 2621 1676 2657 etc.‚

292 2658 459 2697 quatinus
483 2659 657 2690 moneatis
677 2661 714 2690 et
735 2659 923 2691 efficaciter
944 2659 1120 2691 inducatis
1146 2670 1270 2691 omnes
1296 2663 1331 2691 et
1359 2661 1516 2701 singulos
1539 2662 1677 2702 prefate
1696 2690 1700 2693 Δ

294 2700 448 2732 Ecclesia
466 2702 670 2742 Canonicos,
687 2703 854 2742 Vicarios,
872 2704 1128 2742 AnnueUarios,
1155 2707 1190 2734 et
1207 2707 1342 2735 ceteros
1369 2705 1559 2744 Ministros‚
1584 2707 1676 2746 quod

293 2745 378 2775 dieti
401 2746 567 2778 Canonici
586 2747 817 2778 residenciam
841 2747 996 2778 debitam
1023 2747 1168 2786 faciant,
1188 2748 1323 2788 ipsique
1345 2750 1381 2778 et
1400 2749 1459 2779 alii
1483 2751 1675 2789 supradicti

293 2789 430 2821 Divinis
455 2790 595 2830 Officiis,
616 2791 722 2822 Horis
745 2792 880 2822 diurnis
901 2791 1013 2822 eciam
1033 2794 1069 2822 et
1090 2792 1282 2830 nocturnis,
1307 2792 1343 2822 in
1368 2793 1491 2823 eadem
1521 2793 1677 2825 Ecclesia

292 2833 520 2873 celebrandis,
536 2835 713 2874 intersint,
730 2838 769 2866 ut
785 2838 962 2873 tenentur,
977 2835 1079 2876 juxta
1103 2835 1297 2866 Canonicas
1319 2835 1528 2868 Sanociones
1544 2847 1585 2868 ac
1600 2848 1676 2879 pre-

293 2875 367 2908 fate
398 2878 552 2910 Ecclesie
581 2879 734 2918 Statuta,
758 2879 1047 2918 eonsuetudines,
1069 2881 1106 2910 et
1133 2879 1393 2919 Ordinaciones,
1418 2880 1454 2910 in
1480 2881 1546 2912 hac
1575 2885 1676 2922 parte

293 2920 464 2954 hactenus
488 2923 621 2954 usitata
647 2926 684 2954 et
707 2923 864 2963 legitime
891 2923 1094 2964 approbata,
1117 2923 1181 2955 sub
1205 2933 1297 2964 pena
1322 2924 1575 2957 subtraccionis
1598 2936 1675 2967 por-

256 2969 340 3013 2n
792 3004 813 3025 .,
