1988 3256
148 499 225 527 ΑΙ).

150 535 226 560 1382.

151 567 214 595 Vol.
226 568 250 596 1.

156 722 206 750 sol.
221 722 284 749 99b.

164 1381 206 1407 11.

161 1414 208 1441 fol.
223 1413 270 1444 6.]¹

460 401 751 435 REGISTRUM
792 400 1252 436 COMMUNE-ANNO
1294 391 1384 436 13⁰.
1607 387 1703 437 477

302 503 568 543 [invenerimus],
585 514 730 545 cumque
753 503 947 535 refeccionis
964 503 1197 536 cancellorum
1221 503 1430 545 hujusmodi,
1456 503 1704 544 Librorumque

303 547 509 579 invencionis
519 551 554 579 et
563 548 818 588 emendacionis,
829 558 867 579 ac
879 548 1127 589 capellanorum
1138 548 1372 579 conduccionis
1385 558 1444 579 seu
1457 547 1704 588 stipendiorum

305 591 521 632 prestacionis
536 602 648 624 annue
664 602 774 631 onera,
790 592 825 623 in
843 591 972 624 cedula
988 591 1052 622 hiis
1075 601 1208 622 annexa
1231 591 1429 623 distinccius
1451 591 1637 632 designata,
1661 591 1704 622 ad

307 635 466 667 Personas
483 635 740 675 Ecclesiasticus,
758 636 938 676 Regulares
953 638 989 666 et
1003 635 1107 666 eciam
1127 635 1299 667 Seculares
1316 636 1349 666 in
1375 635 1492 666 eadem
1509 638 1703 675 expressata

306 679 434 710 cedula
449 682 608 720 spectare,
626 690 748 720 easque
763 689 970 718 concernere,
987 679 1161 710 detectum
1178 679 1284 711 fuerit
1301 679 1467 710 Canonice
1480 682 1515 710 et
1527 678 1679 710 delatum
1695 689 1703 717 ;

310 723 492 763 cupientes,
516 723 631 764 igitur,
656 723 772 756 Divini
796 723 918 754 Cultus
945 725 1166 763 augmentum
1191 723 1224 753 in
1250 723 1419 763 premissis
1445 722 1586 762 singulis
1614 732 1703 753 com-

312 770 430 808 petens
445 771 480 798 et
497 767 567 798 Deo
583 767 745 808 placitum
762 767 902 798 celerius
918 777 986 808 quo
1003 766 1188 807 poterimus
1211 766 1398 798 remedium
1422 766 1591 805 adhibere,
1608 766 1703 797 vobis

307 810 563 850 committimus,
581 814 654 849 etc..
671 811 832 852 quatinus
849 821 965 841 omnes
981 813 1016 841 et
1031 810 1179 851 singulas
1192 810 1353 841 Personas
1365 809 1565 851 hujusmodi
1580 810 1702 849 citetis,

307 865 365 885 seu
383 854 479 885 citari
494 854 635 893 faciatis,
652 854 885 895 peremptorie,
903 854 993 895 quod
1010 856 1227 894 compareant
1242 864 1354 885 coram
1378 853 1484 892 nobis,
1501 864 1560 884 seu
1577 854 1704 885 nostris

309 898 343 929 in
368 897 429 929 hac
451 901 547 939 parte
571 898 826 938 Commissariis‚
854 898 888 929 in
918 897 1064 929 Ecclesia
1093 897 1276 929 Parochiali
1303 898 1345 929 de
1374 897 1624 938 Chuddeleghe,
1650 898 1704 929 die

310 941 457 980 sabbati,
475 942 632 973 videlicet
651 942 686 973 in
703 942 848 973 crastino
864 941 980 973 Sancti
995 941 1113 973 Jacobi
1130 941 1284 982 Apostoli
1300 942 1453 982 proximo
1466 951 1557 972 nunc
1574 941 1703 981 futuro,

311 996 444 1016 causam
471 996 530 1017 seu
554 996 678 1025 causas,
703 986 731 1017 si
753 996 856 1027 quam
880 995 938 1016 seu
960 995 1044 1026 quas
1071 995 1131 1026 pro
1158 995 1192 1016 se
1216 985 1362 1016 habeant
1384 985 1620 1017 racionabilem
1644 995 1703 1016 seu

310 1029 535 1068 racionabiles,
553 1040 656 1071 quare
671 1030 714 1061 ad
730 1040 830 1060 onera
845 1028 1043 1070 hujusmodi
1059 1029 1289 1070 supportanda
1302 1029 1456 1070 compelli
1473 1039 1541 1060 non
1558 1029 1705 1060 debeant

313 1073 479 1105 Canonice
494 1076 530 1104 et
545 1073 657 1113 artari,
674 1073 808 1104 divisim
824 1073 860 1104 in
876 1073 985 1104 forma
999 1072 1086 1113 juris
1110 1072 1324 1113 proposituri,
1342 1073 1554 1113 ulteriusque
1570 1073 1704 1112 facturi,

311 1120 374 1149 etc.
420 1117 466 1148 Et
489 1117 573 1158 quid
596 1117 630 1148 in
656 1117 825 1158 premissis
847 1116 1013 1148 duxeritis
1039 1116 1233 1148 faciendum
1260 1126 1330 1155 nos,
1357 1127 1416 1147 seu
1441 1117 1548 1147 dictos
1572 1119 1705 1148 nostros

313 1160 565 1192 Commissurios
581 1161 615 1192 in
628 1161 690 1192 hac
706 1164 800 1202 parte
811 1160 962 1201 legitime
974 1160 1197 1201 deputandos,
1210 1160 1281 1191 loco
1293 1163 1329 1191 et
1341 1161 1487 1191 termino
1500 1160 1704 1199 memoratis,

312 1203 502 1236 certificetis
517 1215 578 1245 per
601 1204 731 1236 Literas
753 1208 880 1235 vestras
905 1207 1070 1245 patentes,
1093 1203 1213 1235 harum
1237 1207 1272 1235 et
1293 1204 1383 1235 dicte
1401 1203 1526 1236 Cedule
1542 1207 1704 1243 tenorem,

311 1258 379 1279 una
395 1258 470 1279 cum
488 1248 681 1280 nominibus
697 1259 755 1289 per
768 1259 825 1279 vos
841 1248 963 1287 citatis,
980 1248 1140 1279 distincte
1164 1251 1198 1278 et
1221 1250 1337 1288 aperte
1359 1249 1583 1288 continentes,
1600 1248 1704 1279 vestri

312 1291 420 1332 sigillo
443 1291 561 1331 Officii,
578 1302 636 1323 seu
654 1292 767 1333 aliquo
783 1292 965 1331 autentico,
982 1291 1193 1332 consignatas
1211 1291 1372 1331 (without
1389 1291 1492 1332 date).

160 1346 236 1378 1V⁰¹·
273 1346 442 1396 Against
460 1348 609 1384 certain
629 1346 828 1384 hereticks
840 1359 851 1393 ;
873 1346 1110 1383 Mandatum
1129 1345 1417 1394 Archiepiscopi
1437 1344 1642 1399 [Willelmi
1656 1346 1706 1385 de

326 1398 571 1453 Courtenay]
591 1402 644 1439 ad
662 1401 975 1438 denunciandum
994 1400 1231 1438 Nicholaum
1250 1400 1464 1449 Herefo‘rde
1489 1408 1523 1438 et
1552 1401 1707 1449 Philip-

322 1468 419 1503 pum
438 1455 706 1505 Repynqdone,
728 1456 774 1492 de
787 1455 953 1493 heretica
966 1455 1167 1503 pravitate
1186 1461 1379 1502 suspectos,
1397 1462 1558 1503 propter
1577 1469 1706 1493 eorum

325 1510 604 1547 contumaciam
617 1510 662 1548 in
675 1523 751 1547 non
763 1510 1013 1558 comparendo
1027 1509 1375 1556 excommunicatos,
1393 1516 1427 1547 et
1439 1511 1494 1547 ad
1507 1510 1707 1548 citandum

325 1563 536 1609 eosdem,—

273 1618 432 1650 Directed
447 1620 484 1649 to
499 1618 559 1649 the
574 1617 698 1658 Bishop
714 1617 750 1648 of
765 1617 916 1656 London,
933 1617 1007 1648 who
1022 1620 1099 1648 sent
1115 1627 1134 1648 a
1148 1627 1233 1658 copy
1250 1621 1286 1649 to
1302 1617 1362 1649 the
1378 1617 1504 1659 Bishop
1520 1618 1555 1649 oi
1570 1618 1706 1658 Exeter,

317 1661 405 1692 from
430 1661 644 1700 Woodstock,
675 1662 694 1693 6
724 1661 811 1701 Aug.
825 1661 969 1693 t—Cum
999 1671 1060 1692 nos
1088 1661 1248 1702 Magistro
1273 1661 1435 1693 Nicholao
1460 1662 1646 1694 Hereiorde
1672 1668 1707 1694 et

318 1704 473 1746 Philippo
490 1705 728 1746 Repyngdone,
746 1705 912 1737 canonico
930 1705 1087 1745 Regulari
1106 1705 1299 1736 Mon-asterii
1322 1705 1424 1736 Beate
1450 1705 1552 1737 Marie
1570 1706 1706 1747 Leyces-

319 1748 394 1788 trie,
405 1748 505 1780 sacre
520 1749 700 1790 Theologie
713 1749 925 1788 Doctoribus,
942 1749 985 1779 de
1001 1748 1147 1780 heretica
1163 1749 1328 1790 pravitate
1341 1749 1560 1781 vehementer
1574 1760 1706 1791 suspec-

319 1792 374 1830 tis,
391 1796 467 1833 post
482 1793 643 1834 quasdam
659 1792 899 1833 responsiones,
916 1792 1029 1823 minus
1046 1792 1143 1833 plene
1158 1795 1193 1823 et
1215 1793 1483 1833 impertinentm,
1500 1794 1656 1834 heretice,
1672 1797 1708 1825 et

318 1846 454 1867 erronee
469 1847 528 1877 per
543 1837 676 1868 eosdem
693 1836 808 1875 factas,
825 1836 867 1867 ad
883 1836 1062 1867 nonnullas
1077 1836 1313 1868 conclusiones
1323 1836 1487 1868 hereticas
1503 1840 1539 1870 et
1554 1848 1707 1869 erroneas

317 1879 352 1911 in
368 1879 626 1921 quampluribus
640 1880 720 1911 locis
735 1880 826 1911 dicte
841 1883 954 1911 nostre
971 1879 1143 1911 Provincie
1159 1878 1390 1911 communiter
1406 1883 1441 1912 et
1456 1881 1655 1921 generaliter
1670 1892 1708 1914 ac

317 1923 450 1964 publice
466 1923 650 1964 predicatas
666 1926 702 1955 et
717 1924 842 1963 doctas,
858 1934 969 1955 coram
985 1923 1081 1954 nobis
1103 1923 1310 1964 judicialiter
1331 1925 1612 1965 comparentibus,
1634 1936 1707 1966 pre-

318 1966 489 1998 fixerimus
505 1970 613 1999 certos
628 1970 857 2008 competentes
872 1967 964 1999 diem
979 1970 1015 1999 et
1029 1967 1140 1999 locum
1158 1967 1200 1998 ad
1216 1967 1409 1999 faciendum
1425 1971 1458 1999 et
1476 1969 1704 2009 recipiendum

319 2011 543 2052 peremptorie
566 2011 600 2043 in
623 2021 660 2043 ea
683 2014 778 2053 parte
801 2011 892 2052 quod
914 2011 1020 2052 ipsius
1042 2011 1169 2052 negocii
1193 2011 1339 2051 qualitas
1358 2011 1525 2052 suaderet,
1541 2012 1698 2054 ipsosque

319 2057 457 2095 propter
472 2065 587 2086 eorum
603 2055 849 2086 contumaciam
865 2055 900 2086 in
919 2065 984 2086 non
1012 2055 1235 2095 comparendo
1257 2065 1368 2087 coram
1392 2055 1488 2087 nobis
1511 2056 1635 2087 eisdem
1653 2057 1709 2088 die

319 2101 355 2129 et
376 2098 448 2129 loco
469 2098 674 2139 judicialiter
695 2102 912 2138 contractam,
936 2099 1347 2136 excommunicaverimus,
1370 2098 1507 2139 justicia
1529 2100 1708 2141 exigente;

319 2141 414 2173 vobis
429 2142 676 2174 committimus
691 2145 727 2174 et
742 2143 942 2174 mandamus
957 2142 1120 2183 quatinus
1136 2142 1284 2183 prefatos
1305 2142 1506 2174 Nicholaum
1523 2149 1558 2175 et
1583 2144 1668 2175 Phili
1672 2155 1707 2185 p-

320 2195 400 2226 pum
418 2186 466 2216 sic
481 2196 540 2227 per
555 2196 615 2217 nos
638 2186 742 2217 fuisse
763 2189 798 2217 et
821 2196 891 2217 esse
914 2186 1228 2225 excommunicatos,
1252 2187 1286 2217 in
1312 2186 1467 2218 Ecclesiis
1489 2190 1526 2218 et
1548 2187 1644 2219 Locis
1660 2188 1708 2219 in-

320 2228 471 2269 signibus
487 2233 674 2261 vestrarum
689 2229 844 2261 Civitatis
860 2233 893 2261 et
907 2230 1063 2267 Diocesis,
1077 2240 1154 2260 cum
1171 2229 1287 2270 populi
1302 2230 1490 2261 multitudo
1505 2232 1709 2271 convenerit,

321 2272 515 2304 denunciari
530 2273 664 2314 publice
679 2273 828 2311 faciatis3
845 2273 988 2305 citantes
1000 2274 1133 2304 eosdem
1148 2273 1284 2315 citarive
1300 2274 1461 2305 facientes
1475 2275 1709 2316 peremptorie,

322 2315 351 2346 si
366 2316 500 2347 valeant
522 2317 739 2358 apprehendi,
765 2317 855 2358 quod
878 2320 1094 2358 compareant
1116 2327 1226 2348 coram
1250 2317 1346 2348 nobis
1369 2318 1480 2359 aliquo
1502 2319 1710 2359 competenti

323 2359 478 2399 termino,
495 2371 553 2401 per
568 2370 627 2392 vos
649 2363 710 2391 aut
734 2364 860 2392 vestros
882 2361 1108 2392 mandatarios
1131 2361 1323 2401 prefigendo
1346 2361 1481 2401 eisdem,
1506 2362 1711 2404 ubicumque

324 2413 385 2434 nos
412 2403 500 2435 infra
525 2404 734 2435 Provinciam
761 2407 911 2436 nostram
939 2403 1219 2436 Cantuariensem
1246 2407 1330 2436 tunc
1356 2415 1427 2436 esse
1454 2405 1637 2447 continget,
1668 2406 1711 2438 ad

322 2446 507 2478 videndum
523 2450 558 2478 et
573 2447 779 2479 audiendum
803 2458 861 2488 per
883 2458 944 2479 nos
966 2448 1099 2489 procedi
1122 2451 1236 2479 contra
1253 2448 1396 2488 eosdem,
1413 2451 1448 2481 et
1463 2459 1577 2480 eorum
1595 2460 1710 2491 quem-

322 2489 414 2529 libet,
437 2500 539 2531 super
560 2491 660 2522 dictis
691 2491 970 2523 conclusionibus
999 2491 1154 2522 hereticis
1183 2494 1218 2522 et
1247 2492 1402 2531 erroneis,
1433 2493 1532 2534 juxta
1566 2493 1710 2525 formam

324 2537 566 2565 retroactorum
583 2534 617 2566 in
635 2534 696 2566 hac
712 2539 806 2575 parte
828 2534 1020 2566 habitorum
1044 2538 1079 2566 et
1101 2535 1227 2575 negocii
1251 2535 1461 2576 qualitatem.
1507 2536 1710 2577 Injungatis,

323 2577 469 2618 insuper,
485 2578 688 2609 auctoritate
703 2582 827 2616 nostra,
845 2578 1001 2610 omnibus
1013 2581 1049 2610 et
1064 2578 1205 2619 siugulis
1217 2579 1441 2620 suffraganeis
1456 2581 1580 2612 nostris
1596 2583 1711 2612 nostre

324 2620 576 2652 cantuariensis
601 2621 774 2653 Provincie
798 2621 971 2663 Episcopis
1005 2625 1040 2653 et
1068 2622 1312 2661 Confratribus,
1340 2633 1399 2663 per
1430 2623 1559 2655 Literas
1584 2628 1711 2656 vestras

324 2668 478 2704 patentes
515 2664 635 2696 harum
674 2665 792 2696 seriem
830 2665 1052 2703 continentes,
1091 2666 1182 2706 quod
1219 2666 1369 2707 ipsorum
1414 2666 1538 2707 singuli
1577 2668 1710 2699 eosdem

325 2707 526 2739 Nicholaum
552 2711 588 2739 et
617 2708 811 2749 Philippum
840 2719 897 2748 per
923 2719 1001 2740 suas
1025 2709 1187 2740 Civitates
1210 2710 1246 2740 et
1272 2709 1427 2741 Dioceses
1457 2710 1582 2742 faciant
1611 2712 1711 2742 modo

324 2750 425 2782 simili
441 2751 636 2783 denunciari
652 2763 660 2790 3
684 2753 842 2793 quodque
858 2753 963 2783 citent
980 2752 1124 2792 eosdem,
1141 2756 1201 2783 aut
1217 2752 1313 2784 citari
1327 2753 1464 2791 faciant,
1476 2755 1718 2795 peremptorie,

324 2794 352 2824 si
379 2797 542 2834 poterunt
567 2795 783 2836 apprehendi,
807 2796 899 2836 quod
923 2800 1138 2836 compareant
1164 2806 1274 2828 coram
1303 2796 1399 2827 nobis
1426 2797 1538 2838 aliquo
1565 2798 1711 2829 termino

323 2838 538 2878 competenti,
553 2839 599 2870 eis
616 2849 674 2879 per
689 2839 796 2870 dictos
808 2839 1000 2871 Confratres
1012 2842 1144 2871 nostros
1158 2840 1210 2871 vel
1222 2849 1337 2870 eorum
1349 2840 1495 2881 aliquem
1509 2841 1710 2882 prefigendo,

324 2880 530 2922 ubicumque
544 2882 710 2913 fuerimus
732 2882 820 2913 infra
838 2883 1044 2914 Provinciam
1069 2886 1220 2914 nostram
1244 2883 1441 2923 predictam,
1457 2883 1501 2915 ad
1517 2884 1709 2917 iaciendum

173 2947 184 2967 ¹
202 2948 348 2980 Written
375 2959 418 2980 on
441 2960 461 2981 a
483 2953 576 2991 stray
598 2951 679 2982 folio
701 2951 768 2982 and
791 2951 906 2982 bound
1016 2951 1051 2983 of
1074 2951 1324 2985 Commissions.

215 2991 250 3023 in
273 2995 309 3024 at
330 2992 389 3025 the
410 2993 593 3037 beginning
615 2994 650 3026 of
672 2993 731 3026 the
754 2994 908 3037 Register
