1988 3256
107 487 184 517 ΑΛ).

108 523 182 550 1384.

110 555 171 583 Vol.
192 555 216 583 1.

107 2837 155 2864 fol.

108 2872 166 2898 lm.

423 386 711 421 8881818811
752 386 1206 422 couneus—Anno
1235 379 1327 426 15⁰.
1559 377 1653 425 547

263 493 384 524 mento
399 493 550 526 firmiter
564 503 602 526 88
617 493 793 534 astrinxit,
809 495 890 534 post
904 494 942 525 et
956 494 1080 525 contra
1094 492 1352 525 Inhibicionem
1363 495 1522 526 nostram
1531 494 1652 536 hujus-

262 537 369 576 modi,
382 537 450 569 sibi
465 538 583 570 debite
597 539 810 578 intimatam,
822 547 894 569 non
903 537 1018 569 solum
1028 537 1051 569 J
1051 547 1126 577 ura,
1135 538 1342 578 Libertates,
1352 541 1389 570 et
1399 539 1588 580 Privilegia
1598 549 1652 570 811-

261 581 432 622 pradicta,
456 583 523 614 sibi
544 585 640 623 nota,
664 583 834 622 minuere,
856 592 977 624 ymmo
999 582 1142 613 omnino
1165 582 1356 622 destruere,
1380 584 1575 623 satagebat,
1599 586 1654 615 set

263 626 385 666 eciam,
401 627 447 658 ad
462 636 505 659 ea
520 637 587 669 que
603 628 649 659 ad
663 637 728 659 nos
744 628 787 659 de
802 627 880 668 jure
897 627 1085 666 communi,
1102 626 1198 658 dicta
1211 629 1334 659 nostra
1349 628 1565 659 Visitacione
1588 628 1652 658 ini-

264 670 300 701 bi
315 671 473 702 nondum
496 672 645 713 expleta,
662 673 775 704 solum
798 673 836 703 et
857 671 895 702 in
918 671 1068 703 solidum
1090 671 1228 703 notorie
1250 672 1427 712 pertinere
1447 674 1652 711 noscuntur,

263 716 470 747 temerarias
484 726 611 748 manus
626 726 816 758 apponens,
832 716 932 747 vobis
947 718 1045 747 certa
1059 716 1170 756 ipsius
1193 716 1362 748 Mandata
1384 726 1490 757 super
1511 717 1652 757 quibus-

265 758 348 791 dam
378 761 528 792 notoriis
558 761 768 800 excessibus,
798 763 873 792 tam
903 761 941 791 in
972 760 1129 792 Ecclesia
1152 760 1347 801 Collegiata
1371 760 1499 792 Sancte
1531 761 1654 792 Crucis

265 803 458 836 Criditonie
470 807 507 836 et
523 805 561 836 in
570 806 664 837 Villa
675 806 844 847 ejusdem,
857 815 963 846 quam
972 805 1010 836 in
1021 804 1172 836 Civitate
1186 805 1319 836 Exonie
1328 806 1497 846 predicta,
1514 805 1654 837 noviter

262 849 485 889 perpetratis,
508 859 572 890 per
593 860 658 882 808
687 849 933 881 tantummodo
962 849 1056 880 dicte
1086 849 1313 880 Visitacionis
1342 852 1464 881 nostre
1493 852 1652 890 tempore

262 893 460 933 puniendis,
475 894 615 934 publice
630 894 833 935 exequenda
848 894 986 933 direxit,
1002 894 1040 924 in
1055 894 1168 925 nostri
1184 896 1427 935 contemptum
1443 897 1480 925 et
1497 894 1651 926 Ecclesie

262 939 394 977 nostre,
409 948 452 969 ac
466 938 694 971 Visitacionis
708 938 973 971 Jurisdiccionis
995 937 1134 979 prefate
1156 939 1335 970 notorium
1357 939 1652 979 impedimentum

262 991 304 1013 ac
318 981 486 1024 injuriam
499 983 743 1022 manifestam;
765 993 914 1024 quorum
928 984 1094 1023 pretextu
1108 982 1202 1014 idem
1218 983 1412 1023 Episcopus
1423 986 1499 1014 tam
1514 985 1653 1014 reatum

262 1026 410 1067 perjurii
431 1037 536 1068 (111818
552 1027 645 1059 dicte
662 1026 1046 1059 Excommunicacionis
1063 1027 1287 1058 Sentenciam
1309 1037 1373 1068 per
1395 1037 1460 1058 nos
1482 1027 1592 1059 latam
1615 1037 1653 1059 se

262 1070 453 1103 incurrisse
488 1072 621 1112 poterit
649 1082 721 1103 non
750 1072 929 1103 immerito
958 1071 1170 1110 formidare5
1200 1081 1275 1111 nos,
1306 1072 1417 1103 tantis
1447 1072 1585 1103 malicie
1616 1074 1653 1103 et

263 1115 384 1154 errori,
407 1115 467 1156 qui
496 1116 535 1147 in
564 1116 713 1148 aliorum
743 1116 942 1148 redundare
970 1117 1139 1156 poterunt
1167 1116 1403 1156 perniciosum
1442 1116 1652 1157 exemplum,

263 1158 422 1191 volentes
444 1162 618 1201 quatenus
639 1171 826 1202 possumus
849 1160 1001 1199 obviare,
1024 1170 1097 1199 vos,
1121 1170 1242 1191 omnes
1265 1162 1302 1191 et
1325 1161 1491 1201 singulos,
1515 1163 1552 1192 et
1575 1161 1654 1192 illos

264 1203 310 1234 ad
339 1213 487 1244 quorum
510 1205 679 1237 noticiam
709 1207 891 1246 presentes
923 1205 1060 1236 Literas
1082 1207 1223 1236 nostras
1245 1206 1429 1245 pervenire
1453 1206 1652 1246 contigerit,

263 1247 387 1288 primo,
404 1249 567 1289 secundo,
583 1251 620 1281 et
634 1251 745 1281 tercio
760 1260 802 1281 ac
812 1249 1058 1290 peremptorie,
1075 1249 1301 1280 Presencium
1317 1251 1440 1281 tenore
1458 1259 1653 1288 monemus,

263 1292 432 1333 vobisque
447 1293 598 1325 firmiter
611 1294 822 1333 inhibemus,
838 1304 879 1325 88
906 1303 970 1334 per
983 1303 1046 1325 vos
1071 1293 1338 1325 Archidiaconis
1361 1296 1424 1325 aut
1440 1293 1654 1325 Officialibus

263 1336 442 1376 predictis,
458 1338 610 1369 subditis
625 1338 763 1378 vestris,
777 1338 941 1370 similiter
954 1338 1116 1369 volumus
1139 1338 1301 1377 inhiberi,
1325 1348 1370 1369 ne
1393 1339 1471 1379 quis
1493 1341 1653 1370 vestrum

265 1382 328 1411 aut
350 1390 472 1412 eorum
496 1382 665 1414 Mandata
694 1383 781 1414 dicti
811 1382 986 1423 Episcopi,
1016 1382 1126 1421 vobis,
1150 1383 1191 1412 ut
1220 1382 1409 1422 prefertur,
1433 1383 1577 1422 directa,
1591 1392 1654 1414 seu

266 1424 507 1465 imposterum,
523 1427 682 1467 predicta
696 1429 818 1459 nostra
827 1427 1041 1459 Visitacione
1053 1426 1214 1465 durante,
1226 1427 1264 1457 in
1274 1427 1447 1458 similibus
1459 1427 1652 1467 dirigenda,

266 1479 343 1509 que,
375 1471 412 1500 et
442 1471 560 1502 omnia
589 1471 672 1502 inde
702 1474 833 1511 secuta,
864 1481 1012 1510 exnunc,
1043 1472 1165 1502 tenore
1189 1471 1414 1502 Presencium
1437 1481 1653 1510 revocamus,

266 1523 456 1553 cassamus,
480 1515 713 1556 annullamus,
730 1517 767 1547 et
782 1516 974 1554 irritamus,
990 1525 1031 1546 ac
1045 1515 1180 1546 viribus
1203 1525 1323 1546 carere
1346 1515 1577 1554 decernimus,
1590 1526 1654 1556 per

266 1566 303 1588 88
318 1558 374 1589 vel
389 1558 498 1590 alium
514 1560 638 1600 exequi
653 1560 880 1601 quovismodo
894 1562 1086 1600 presumat,
1103 1569 1165 1590 seu
1188 1560 1307 1590 tradat
1322 1559 1425 1591 alteri
1440 1561 1652 1600 exequenda,

264 1604 328 1633 aut
342 1602 498 1642 publicet
513 1613 577 1635 seu
591 1604 701 1636 faciat
715 1605 896 1645 publicari,
914 1604 979 1636 sub
1001 1614 1093 1644 pena
1117 1603 1383 1635 Sentenciarmn
1408 1604 1653 1635 Excommuni-

264 1646 417 1678 cacionis
448 1647 603 1689 Major-is,
633 1659 737 1689 quam
768 1649 806 1680 in
836 1651 994 1680 vestrum
1025 1650 1062 1680 et
1091 1648 1231 1679 illorum
1261 1649 1457 1689 singulares
1486 1658 1654 1689 personas

265 1691 482 1722 contrarium
498 1692 679 1732 facientes,
695 1703 832 1725 necnon
847 1696 885 1725 et
908 1693 1094 1724 Interdicti
1117 1702 1223 1733 quam
1246 1692 1284 1723 in
1307 1693 1502 1724 Ecclesiam
1526 1693 1652 1724 Cathe-

266 1734 400 1766 dralem
412 1738 449 1767 et
463 1736 654 1768 Civitatem
669 1738 856 1778 predictas,
867 1747 908 1769 ac
923 1737 1042 1768 omnia
1057 1739 1094 1768 et
1109 1737 1249 1777 singula
1265 1737 1440 1768 Ecclesias
1456 1740 1492 1768 et
1509 1737 1601 1768 Loca
1615 1737 1653 1768 in

265 1779 392 1819 quibus
416 1780 585 1812 Mandata
607 1781 693 1813 dicti
716 1782 879 1823 Episcopi
903 1781 1104 1822 supradicta
1126 1781 1315 1821 contigerit
1338 1781 1519 1821 publicari,
1543 1791 1652 1821 mora,

267 1823 356 1862 dolo,
373 1833 436 1855 seu
451 1825 554 1865 culpa
568 1826 696 1857 vestris
711 1829 774 1857 aut
790 1827 862 1857 suis
876 1826 914 1856 in
930 1836 972 1857 ea
986 1829 1087 1866 parte
1110 1826 1391 1865 precedentibus,
1415 1828 1451 1857 et
1476 1826 1653 1857 Canonica

266 1870 388 1899 nostra
411 1868 612 1910 hujusmodi
636 1870 833 1902 Monicione
861 1871 1042 1911 premissa,
1065 1870 1214 1901 ferimus
1236 1870 1274 1900 in
1298 1870 1365 1901 hiis
1390 1870 1548 1910 Scriptis.
1595 1870 1651 1909 Et,

265 1912 347 1952 quia
361 1922 525 1944 excessus
539 1915 696 1946 notorios
711 1915 907 1946 antedictos
922 1915 1038 1955 parati
1062 1924 1192 1953 sumus,
1216 1918 1320 1954 prout
1343 1914 1401 1955 jus
1423 1915 1533 1955 exigit
1548 1917 1585 1945 et
1607 1915 1654 1946 ad

265 1965 330 1987 nos
344 1958 509 1996 pertinet,
522 1958 695 1990 Canonice
708 1960 882 2000 corrigere
893 1962 929 1990 et
941 1959 1076 1999 punire,
1086 1958 1195 1997 vobis,
1209 1959 1444 1990 communiter
1452 1962 1489 1990 et
1501 1959 1651 1998 divisim,

264 2001 519 2033 committimus
542 2006 589 2042 et,
620 2003 657 2034 in
686 2004 820 2034 virtute
852 2003 980 2034 Sancte
1011 2003 1221 2034 Obediencie
1245 2003 1395 2034 firmiter
1423 2003 1651 2044 injungendo,

264 2045 473 2077 mandamus
485 2048 651 2087 quatinus
667 2048 710 2079 de
725 2048 926 2079 nominibus
942 2051 979 2079 et
995 2047 1261 2088 cognominibus
1277 2047 1558 2088 delinquencium
1574 2057 1651 2087 pre-

265 2088 440 2121 dictorum
457 2091 647 2131 diligenter
661 2094 698 2123 et
714 2093 849 2124 solicite
865 2092 1062 2133 inquiratis,
1079 2102 1120 2123 ac
1136 2091 1179 2122 de
1195 2092 1251 2122 die
1274 2092 1490 2132 recepcionis
1506 2092 1651 2122 Presen-

264 2133 368 2172 cium,
385 2136 422 2165 et
438 2135 522 2175 quid
537 2136 694 2168 feceritis
709 2137 747 2167 in
762 2137 953 2177 premissis,
970 2146 1034 2167 nos
1049 2137 1139 2167 citra
1156 2136 1300 2167 Festum
1323 2136 1450 2167 Sancte
1467 2136 1651 2168 Trinitatis

261 2178 420 2217 proximo
450 2179 622 2220 futurum,
652 2191 724 2212 una
760 2191 840 2212 cum
871 2181 1072 2212 nominibus
1102 2182 1138 2212 et
1161 2180 1427 2220 cognominibus
1450 2180 1651 2221 hujusmodi

262 2221 554 2263 delinquencium,
578 2225 780 2256 certificetis
804 2225 932 2256 Literis
952 2226 1080 2256 vestris
1100 2224 1303 2265 patentibus
1323 2225 1534 2255 habentibus
1557 2225 1650 2256 hunc

261 2266 432 2298 tenorem.
463 2267 607 2300 Proviso
613 2270 705 2310 quod
713 2270 790 2310 quis
799 2272 957 2300 vestrum
967 2279 1111 2310 presens
1120 2269 1326 2299 Mandatum
1334 2269 1448 2308 primo
1466 2269 1649 2309 receperit,

262 2312 402 2341 retenta
416 2311 497 2342 inde
514 2313 581 2343 sibi
597 2314 706 2353 copia,
723 2314 759 2344 id
771 2314 831 2344 alii
844 2324 914 2344 non
924 2314 1068 2345 habenti
1076 2313 1298 2344 transmittat
1306 2313 1467 2344 celeriter
1478 2323 1648 2354 exequen-

261 2352 533 2386 dum.·-Datum
563 2358 657 2397 apud
681 2358 880 2398 Honytonc,
904 2358 997 2388 dicte
1022 2357 1228 2388 Exoniensis
1259 2357 1424 2395 Diocesis,
1448 2357 1570 2398 xiiijmo
1593 2357 1649 2388 die

261 2398 394 2428 mensis
406 2398 500 2438 Maii,
516 2400 619 2431 Anno
635 2402 775 2432 Domini
793 2402 855 2432 M0.
873 2401 1005 2433 cccmo
1021 2402 1147 2431 lxxx¹¹¹⁰
1169 2404 1304 2441 quarto,
1320 2404 1357 2432 et
1380 2404 1499 2432 nostre
1523 2401 1648 2432 Trans-

261 2441 407 2473 lacionis
422 2444 631 2475 tercio—In
646 2445 747 2486 cujus
762 2446 814 2476 rei
836 2445 1077 2477 testimonium
1101 2445 1255 2485 sig-illum
1279 2448 1439 2476 nostrum
1462 2455 1648 2477 commune

262 2485 490 2519 Presentibus
505 2488 667 2520 duximus
683 2490 1116 2530 apponendum.-—Datum
1132 2490 1168 2519 in
1187 2490 1299 2520 Domo
1315 2492 1436 2520 nostra
1453 2489 1646 2530 Capitulari

261 2529 387 2561 ultimo
403 2531 459 2562 (118
475 2533 606 2564 mensis
623 2534 706 2564 Maii
721 2534 889 2574 predicto,
906 2535 1009 2564 Anno
1025 2534 1167 2564 Domini
1183 2534 1394 2574 supradicto.

266 2573 460 2612 Appellat-io
471 2576 610 2607 Domini
624 2578 824 2609 Excmiensis
840 2579 881 2608 ab
897 2578 1010 2609 eodem
1024 2578 1219 2616 yravamine
1237 2576 1294 2618 [in
1309 2588 1330 2607 a
1347 2578 1432 2608 later
1449 2576 1616 2618 ha‘nd]‚—

282 2618 350 2648 Dm
367 2618 528 2659 Nonum-2,
544 2621 837 2653 AuEN.--Coram
852 2622 961 2661 vobis,
974 2622 1154 2653 autentica
1163 2631 1321 2662 persona,
1332 2622 1364 2652 N
1367 2622 1479 2653 otario
1491 2622 1645 2662 Publico,

262 2664 298 2692 et
314 2662 464 2694 testibus
479 2664 665 2705 fidedignis
679 2666 737 2698 hic
750 2666 983 2706 presentibus,
999 2676 1074 2706 ego,
1092 2666 1286 2698 Willelmus
1302 2666 1458 2705 Coltone,
1469 2666 1511 2697 de
1523 2667 1644 2705 Ledes,

262 2706 419 2745 clericus,
436 2707 665 2741 Eboracensis
681 2711 846 2750 Dioeesis,
863 2711 1074 2742 Procurator
1100 2712 1136 2741 et
1153 2710 1397 2741 Procuratorio
1412 2711 1554 2741 nomine
1578 2710 1643 2742 Ve-
1700 2747 1704 2749 ‚

262 2750 438 2790 nerabilis,
460 2754 538 2791 etc.,
561 2753 701 2785 Domini
725 2755 867 2793 Thome,
892 2755 956 2786 Dei
978 2755 1097 2794 gracia
1119 2755 1325 2785 Exoniensis
1359 2755 1532 2795 Episcopi,
1557 2755 1644 2793 dico,

261 2794 384 2834 allego,
397 2798 434 2826 et
448 2796 485 2827 in
502 2796 569 2828 hiis
580 2797 726 2838 Scriptis
738 2809 893 2839 propono
905 2799 997 2839 quod
1011 2799 1104 2829 idem
1117 2798 1336 2829 Venerabilis
1348 2798 1463 2837 Pater,
1475 2799 1645 2830 Dominus

264 2838 425 2878 Thomas,
442 2839 649 2873 Exoniensis
672 2842 874 2883 Episcopus,
890 2843 960 2873 fuit
976 2846 1012 2874 et
1028 2845 1082 2874 est
1099 2843 1231 2873 dictum
1252 2842 1502 2882 Episcopatum
1519 2843 1644 2873 Exoni-

263 2892 394 2922 ensem,
417 2893 498 2915 cum
521 2886 683 2917 omnibus
707 2887 779 2918 suis
801 2887 938 2928 juribus
961 2890 998 2918 et
1020 2886 1248 2926 pertinenciis
1270 2886 1452 2925 universis,
1470 2887 1644 2918 Canonicc

262 2929 454 2967 assecutus,
461 2929 644 2971 ipsumque
655 2931 704 2962 sic
711 2934 911 2962 assecutum
918 2941 982 2971 per
988 2941 1058 2962 non
1068 2931 1206 2962 modica
1215 2933 1375 2971 tempora
1386 2931 1542 2970 possedit
1551 2931 1643 2971 paci-

262 2971 326 3002 fice
341 2973 378 3003 et
393 2972 511 3013 quiete
517 2988 527 3013 ;
543 2975 713 3017 quodque,
729 2978 803 3007 tam
820 2975 863 3007 de
878 2975 956 3018 jure
972 2985 1137 3007 commun
1148 2975 1266 3017 iquam
1276 2975 1387 3007 eciam
1397 2975 1440 3007 de
1451 2974 1643 3008 Consuetu-

242 3014 356 3064 2112
