1988 3256
340 364 435 409 434
551 375 651 409 THE
685 375 927 410 REGISTER
965 375 1025 409 OF
1061 375 1239 410 Blsnor
1274 374 1676 410 BRANTYNGHAM.

339 478 416 506 AD·
506 495 619 530 super
636 482 918 531 decapitacione
936 482 1148 521 Presbiteri
1166 483 1210 522 in
1227 482 1435 529 Gornubia,
1453 482 1575 521 tribus
1589 479 1885 520 Archidiaconis

339 547 404 575 v01-.
422 547 445 574 1.
506 537 762 584 directum,—

450 589 605 631 Thomas,
623 594 683 623 etc.
688 591 851 632 ,Exonie‚
868 592 1037 629 Tottonie,
1054 594 1091 623 et
1114 592 1373 633 Bainastapolie,
1395 592 1431 623 in
1455 591 1601 624 Ecclesia
1624 593 1739 623 nostra
1760 589 1884 622 Exoni-

494 635 565 666 ensi
596 616 855 674 Archidiaconis,
887 638 949 667 aut
978 646 1095 667 eorum
1121 636 1336 675 Officialibus,
1362 636 1517 675 salutem,
1543 638 1605 668 etc.
1614 635 1729 666 —Non
1755 634 1884 675 absque

494 679 602 710 cordis
633 679 746 710 dolore
778 683 814 710 et
844 679 1039 711 turbacione
1066 680 1270 721 gravissima,
1303 679 1434 711 sceleris
1464 679 1667 711 notor-ietate
1704 677 1884 710 manifeste
1899 688 1901 690 ·

493 722 672 754 didicimus
689 723 780 763 quod
803 723 943 764 quidam
964 723 1136 755 Johannes
1160 723 1345 763 Browdrer,
1360 734 1510 755 asserens
1533 733 1568 755 se
1591 722 1801 754 Servientem
1817 721 1882 752 Do-

494 766 578 797 mini
601 767 707 797 nostri
730 767 830 807 Regis
853 767 895 798 ad
918 777 1022 806 arma,
1047 777 1124 799 cum
1147 767 1318 799 nonnullis
1341 767 1414 799 aliis
1440 767 1546 808 ipsius
1572 765 1737 799 Johannis
1759 764 1794 796 in
1821 764 1884 797 hac

495 813 590 850 parte
606 810 835 851 complicibus,
855 820 1000 851 quorum
1017 811 1153 843 nomina
1168 814 1205 843 et
1221 821 1376 853 personas
1391 811 1434 842 ad
1452 821 1586 852 presens
1603 810 1738 851 penitus
1753 809 1883 849 ignora-

495 864 582 891 mus,
596 855 687 895 apud
699 854 823 886 Villam
840 854 882 886 de
898 854 1140 896 Trevarthyan,
1153 855 1242 886 infra
1259 854 1453 886 Parochiam
1471 854 1587 887 Sancti
1603 852 1760 886 Hillarii·
1751 863 1786 884 m
1803 852 1882 885 Cor-

494 897 598 929 nubia
622 898 797 937 situ-itam,
816 898 985 939 quendam
1011 898 1193 931 Dominum
1217 899 1405 930 Walterum
1428 898 1560 938 Saum-,e
1577 897 1612 929 in
1635 896 1882 929 Presbiteratus

495 941 621 972 Ordine
637 942 767 973 notorie
783 941 1020 981 constitutum,
1039 946 1214 984 vestesque
1236 947 1272 974 et
1294 937 1467 974 tonsuram
1483 941 1648 974 clericales
1672 940 1804 991 publice
1826 940 1882 972 de-

495 984 671 1024 ferentem,
687 985 813 1027 absque
829 996 928 1017 causa
942 986 1143 1025 racionabili,
1160 986 1249 1028 cepit
1264 986 1461 1026 violenter,
1451 996 1486 1017 in
1502 996 1580 1017 casu
1595 985 1660 1017 sibi
1682 995 1701 1016 a
1723 984 1800 1026 jure
1814 993 1883 1016 non

495 1029 667 1069 permisso,
683 1033 719 1061 et
733 1030 839 1060 sciens
855 1039 933 1061 eum
956 1040 1027 1061 esse
1049 1011 1217 1069 clerieum,
1242 1040 1428 1071 manusque
1450 1039 1527 1061 suas
1551 1029 1594 1060 ad
1617 1029 1755 1060 dorsum
1778 1027 1885 1069 ipsius

494 1072 725 1104 inhumaniter
740 1073 867 1114 ligavit,
885 1076 920 1105 et
935 1074 1151 1124 postmodum
1168 1074 1243 1115 ejus
1258 1074 1367 1115 capud
1383 1084 1460 1105 cum
1476 1073 1596 1114 gladio,
1613 1083 1697 1104 ausu
1714 1072 1881 1113 sacrilege,

494 1117 708 1157 amputavit·
700 1141 709 1155 ‚
733 1127 771 1148 ac
793 1118 931 1148 demum
955 1117 1066 1158 ipsum
1089 1119 1207 1159 capud,
1231 1128 1269 1149 ac
1291 1118 1319 1149 si
1341 1117 1463 1149 fuisset
1485 1116 1749 1158 nephandissimi
1771 1115 1883 1157 prodi·

494 1160 587 1199 toris,
611 1161 765 1201 quamvis
787 1171 888 1202 super
911 1161 1004 1192 nullo
1027 1161 1166 1192 crimine
1189 1162 1341 1193 irretitus
1363 1164 1415 1193 set
1437 1161 1523 1192 bone
1545 1160 1634 1192 fame
1657 1162 1692 1191 et
1716 1159 1882 1201 opinionis

494 1203 585 1235 illese
601 1204 786 1235 secundum
803 1205 1052 1245 reputacionem
1068 1205 1239 1246 vulgarem
1262 1205 1432 1244 extiterat,
1448 1214 1550 1245 supra
1573 1204 1705 1235 hastam
1726 1203 1770 1234 ad
1795 1203 1883 1236 Civi-

495 1250 601 1278 tatem
619 1248 868 1279 Londoniarum
886 1248 967 1279 fecit
983 1248 1114 1289 publice
1130 1252 1166 1280 et
1181 1249 1386 1280 horribiliter
1408 1248 1586 1289 deportari.
1632 1247 1732 1279 Unde
1748 1257 1816 1278 non
1831 1250 1884 1278 est

495 1291 638 1323 dubium
656 1292 786 1323 dictum
803 1290 826 1322 J
828 1291 993 1323 ohannem
1010 1293 1195 1332 Browdrer,
1212 1303 1289 1323 cum
1306 1292 1463 1323 omnibus
1479 1295 1513 1323 et
1528 1291 1669 1332 singulis
1684 1290 1754 1323 suis
1769 1290 1804 1322 in
1821 1290 1884 1322 bac

496 1338 591 1376 parte
621 1335 850 1376 complicibus,
877 1335 1081 1374 consiliariis,
1110 1339 1146 1367 et
1175 1336 1364 1367 fautoribus
1395 1336 1675 1377 quibuscumque,
1706 1344 1783 1366 cum
1814 1344 1882 1370 non

495 1381 631 1410 careant
641 1379 798 1420 scrupulo
809 1379 977 1410 societatis
990 1379 1120 1411 occulte
1135 1380 1195 1421 qui
1211 1380 1391 1411 manifesto
1406 1379 1546 1411 facinori
1555 1379 1689 1410 obviare
1699 1378 1833 1418 desunt,
1846 1378 1882 1410 in

497 1422 634 1464 Majoris
666 1423 1033 1454 Excommunicacionis
1055 1423 1278 1463 Sentenciam,
1302 1423 1374 1464 ipso
1397 1423 1496 1462 facto,
1520 1422 1781 1464 dampnabiliter
1801 1421 1882 1454 inci-

495 1466 592 1497 disse.
643 1467 706 1505 Ne,
724 1466 840 1506 igitur,
853 1467 1025 1498 temeritas
1041 1467 1196 1498 facinoris
1213 1471 1283 1498 tam
1299 1467 1470 1508 nephandi
1485 1466 1550 1498 sub
1565 1466 1700 1497 silencio
1716 1465 1884 1507 pallietur,

495 1514 547 1541 set
562 1510 605 1541 ab
621 1510 819 1551 hujusmodi
834 1510 972 1542 ausibus
984 1511 1151 1551 sacrilegis
1161 1511 1382 1542 cohibeantur
1397 1510 1554 1552 deinceps
1566 1520 1687 1542 manus
1698 1509 1885 1549 temerarie,

494 1553 673 1585 formidine
689 1554 840 1593 ulcionis,
858 1564 941 1595 quas
958 1555 1022 1585 Dei
1037 1555 1227 1586 reverencia
1249 1565 1315 1586 non
1332 1554 1494 1594 cohercet,
1511 1553 1688 1595 presertim
1711 1563 1790 1585 cum
1812 1563 1884 1594 pre-

495 1598 585 1629 dicta
597 1598 709 1629 omnia
725 1598 807 1629 adeo
823 1598 930 1637 nobis,
949 1601 983 1629 et
998 1598 1213 1630 subditorum
1230 1601 1423 1630 nostrorum
1441 1598 1653 1629 universitati
1669 1601 1738 1628 tam
1755 1597 1886 1628 notoria

493 1641 647 1672 existunt
663 1642 754 1682 quod
779 1642 872 1673 nulla.
894 1642 1169 1682 tergiversacione
1192 1642 1289 1674 celari
1313 1645 1475 1683 poterunt
1497 1652 1559 1673 nec
1580 1641 1780 1679 debebunt3
1801 1650 1884 1682 quo-

494 1685 580 1716 circa
595 1685 689 1716 vobis
705 1685 961 1725 committimus,
979 1688 1054 1725 etc„
1071 1686 1233 1727 quatinus
1249 1686 1439 1727 predictum
1455 1686 1477 1717 J
1480 1686 1657 1725 ohannem,
1668 1687 1703 1716 et
1718 1694 1834 1716 omnes
1849 1687 1886 1716 et

494 1729 642 1769 singulos
655 1739 732 1760 suos
742 1729 777 1760 in
795 1729 856 1760 hac
869 1733 963 1769 parte
973 1730 1158 1770 complices,
1173 1729 1384 1766 consiliarios,
1399 1733 1434 1761 et
1445 1729 1604 1768 fautores,
1621 1729 1655 1760 in
1668 1727 1805 1769 Majoris
1816 1727 1883 1760 Ex-

494 1772 809 1804 communieacionis
823 1773 1036 1804 Sentenciam
1050 1773 1256 1814 hujusmodi,
1270 1773 1497 1804 occasionibus
1510 1772 1688 1814 premissis,
1700 1771 1884 1812 [incidisse]

496 1816 530 1847 in
548 1816 705 1848 omnibus
717 1820 752 1847 et
767 1816 907 1855 singulis
924 1817 1081 1848 Ecclesiis
1100 1817 1188 1848 infra
1210 1817 1511 1848 Archidiaconatus
1529 1820 1657 1848 vestros
1669 1815 1814 1854 situatis,
1826 1815 1885 1847 ubi

497 1860 675 1901 expediens
691 1860 805 1900 fuerit,
821 1863 990 1901 quatenus
1006 1861 1049 1892 ad
1065 1864 1216 1892 vestrum
1239 1861 1389 1902 singulos
1411 1860 1545 1900 attinet,
1562 1871 1622 1902 per
1644 1860 1811 1898 Rectores,
1828 1858 1884 1891 Vi-

496 1904 610 1943 carios,
627 1914 664 1935 ac
680 1903 897 1943 Presbiteros,
914 1904 1014 1935 sacris
1030 1904 1168 1935 indutos
1185 1904 1405 1943 vestimentis,
1422 1904 1563 1945 singulis
1586 1903 1713 1935 Diebus
1734 1902 1886 1934 Domini-

497 1947 542 1978 cis
565 1950 600 1978 et
624 1948 778 1986 Festivis,
807 1947 896 1979 intra
921 1947 1099 1979 Missarum
1124 1948 1317 1989 solempnia,
1344 1949 1428 1979 dum
1459 1948 1567 1990 major
1595 1947 1749 1979 intererit
1770 1946 1888 1988 populi

498 1991 695 2030 multitude,
712 1991 854 2032 pulsatis
870 1991 1048 2032 campanis,
1065 1991 1212 2023 candelis
1227 1991 1372 2023 accensis
1387 1994 1423 2023 et
1438 1992 1479 2023 ad
1497 1992 1639 2023 humum
1657 1990 1886 2032 extinguendo

501 2035 668 2076 projectis,
686 2035 860 2076 Cruceque
876 2038 994 2074 erecta,
1008 2046 1045 2066 ac
1061 2036 1153 2066 omni
1167 2035 1405 2076 solempnitate
1420 2038 1455 2067 et
1469 2035 1590 2067 rubore
1605 2034 1775 2073 adhibitis,
1788 2033 1885 2066 facia-

498 2079 542 2110 tis
573 2078 705 2119 publice
735 2089 773 2109 ac
802 2078 1020 2119 solempniter
1046 2079 1199 2110 nunciari
1213 2089 1221 2118 ;
1259 2090 1278 2110 a
1309 2079 1569 2110 denunciacione
1599 2077 1797 2119 hujusmodi
1818 2088 1886 2110 non

500 2125 666 2153 cessantes
682 2132 858 2163 quousque
874 2122 1015 2163 predicti
1030 2122 1180 2163 sacrilegi
1202 2133 1302 2163 super
1325 2122 1495 2164 premissis
1517 2123 1631 2154 debite
1653 2121 1887 2154 Absolucionis

496 2165 694 2197 beneficium
711 2166 896 2197 meruerint
918 2166 1078 2207 optinere,
1095 2169 1130 2198 et
1152 2166 1242 2197 aliud
1266 2166 1345 2197 inde
1367 2177 1387 2197 a
1409 2166 1506 2198 nobis
1528 2166 1712 2198 habueritis
1734 2165 1770 2197 in
1793 2175 1886 2197 man-

501 2210 599 2241 datis.
646 2209 697 2240 De
720 2209 783 2248 die,
809 2220 898 2249 vero,
920 2210 1122 2250 recepcionis
1146 2209 1370 2249 presencium,
1394 2220 1523 2241 necnon
1547 2210 1589 2241 de
1605 2210 1705 2242 modo
1720 2211 1757 2242 et
1778 2209 1887 2241 forma

501 2253 709 2284 execucionis
733 2253 886 2284 Mandati
909 2253 1017 2284 nostri
1039 2253 1237 2294 hujusmodi
1259 2264 1319 2295 per
1343 2264 1400 2285 vos
1422 2253 1519 2293 facte,
1543 2264 1615 2293 nos,
1640 2253 1725 2285 citra
1747 2253 1887 2285 Festum

500 2297 632 2328 Natalis
649 2296 786 2328 Domini
803 2296 955 2338 proximo
971 2307 1061 2328 nunc
1076 2297 1244 2336 futurum,
1261 2297 1408 2329 dilucide
1423 2297 1613 2329 certificetis
1623 2297 1743 2330 vestris
1754 2296 1886 2336 biteris,

501 2341 727 2372 etc.—Dated
745 2340 894 2380 London,
913 2341 954 2372 12
971 2340 1125 2377 October.
1173 2341 1243 2381 [See
1255 2351 1336 2382 page
1354 2342 1425 2380 156,
1441 2341 1502 2373 No.
1521 2340 1639 2380 111.]-
1654 2340 1757 2380 Item,
1769 2340 1887 2372 eodem

501 2384 565 2423 die,
589 2384 760 2415 consimile
784 2384 984 2415 Mandatum
1007 2384 1176 2416 emanavit
1199 2385 1333 2416 Decano
1349 2388 1385 2416 et
1401 2385 1558 2426 capitulo
1583 2385 1720 2425 Exonie,
1744 2385 1887 2417 mutatis

502 2428 832 2467 mutandis—Item,
856 2427 964 2459 simile
986 2428 1199 2467 Mandatum,
1225 2429 1343 2459 eodem
1370 2428 1434 2466 die,
1461 2428 1529 2460 fuit
1554 2428 1722 2460 directum
1747 2428 1887 2460 Officiali

500 2471 735 2503 Archidiaconi
753 2471 931 2511 Cornubie,
948 2482 1008 2512 pro
1024 2472 1222 2503 execucione
1244 2471 1441 2513 hujusmodi
1457 2472 1608 2504 facienda
1623 2472 1657 2504 in
1674 2472 1831 2504 omnibus
1852 2475 1889 2504 et

501 2515 641 2556 singulis
658 2515 813 2546 Ecclesiis
829 2515 863 2546 in
882 2515 1061 2555 Cornubia,
1077 2518 1148 2546 tam
1163 2514 1355 2556 Collegiatis
1371 2515 1578 2547 Secularium
1595 2519 1630 2547 et
1645 2515 1888 2556 Religiosorum
1920 2534 1924 2538 -

503 2569 605 2600 quam
623 2558 872 2590 parochialibus
887 2569 896 2598 ;
920 2562 990 2590 tam
1012 2559 1264 2591 Jurisdiccionis
1281 2557 1462 2591 Peculiaris
1478 2570 1581 2601 quam
1596 2559 1887 2592 Archidiaconalis.

458 2630 515 2668 St.
538 2630 576 2668 N
579 2630 675 2668 eot’s
695 2630 843 2680 Chapel
860 2643 871 2678 3
899 2630 1054 2668 Licence
1073 2637 1110 2669 to
1128 2631 1374 2678 celebrate,—

459 2685 558 2723 Item,
575 2684 709 2724 ibidem,
727 2684 817 2725 xiiij⁰
833 2685 887 2715 die
903 2684 1027 2716 mensis
1044 2685 1198 2717 Octobris
1221 2685 1373 2727 predicti,
1391 2685 1557 2717 Dominus
1579 2685 1750 2718 Johannes
1768 2686 1885 2727 [Tron-

502 2726 584 2768 gof],
601 2728 791 2769 Perpetuus
806 2728 958 2760 Vicarius
981 2728 1126 2760 Ecclesie
1150 2728 1350 2760 Parochialis
1373 2729 1489 2761 Sancti
1512 2730 1623 2769 Neoti,
1649 2730 1683 2761 in
1708 2730 1887 2770 Cornnbia,

501 2771 622 2802 habuit
637 2771 823 2803 Licenciam
841 2771 1030 2803 celebrandi
1043 2772 1175 2812 Divina,
1192 2776 1227 2803 et
1242 2772 1385 2804 faciendi
1397 2773 1565 2812 celebrari,
1579 2773 1613 2804 in
1626 2773 1761 2815 Capella
1773 2774 1888 2806 Sancti

502 2815 604 2890 {leotti
635 2815 786 2856 predicti,
813 2815 940 2857 absque
969 2815 1155 2857 prejudicio
1184 2816 1314 2855 alienog
1356 2817 1518 2858 quamdiu
1547 2817 1692 2849 Domino
1724 2817 1888 2859 placuerit

502 2869 515 2889 (
528 2869 586 2890 ura
606 2869 711 2890 uram.

458 2924 685 2963 Lawhitton
701 2938 713 2973 3
741 2925 920 2963 Licencia
939 2925 1165 2964 dimittendi
1183 2926 1238 2964 ad
1245 2926 1768 2978 firmam—Lanqeleyke‚--

459 2978 557 3018 Item,
574 2979 710 3019 ibidem,
727 2978 817 3021 xvjto
829 2979 883 3010 die
899 2979 981 3011 dicti
996 2980 1130 3021 mensis,
1147 2980 1314 3013 Dominus
1330 2980 1501 3014 Johannes
1524 2981 1742 3024 Langeleghe‚
1766 2982 1890 3015 Recto»-
