1988 3256
439 351 730 387 REGISTRUM
771 351 1231 387 commum—Anno
1272 342 1363 386 150.
1586 340 1681 388 563

289 459 326 490 in
343 459 553 491 Sanctorum
570 460 717 491 Patrum
734 459 1059 491 Constituciom'bus
1074 459 1111 490 in
1127 459 1194 490 hac
1209 461 1310 499 parte
1326 459 1394 490 rite
1411 458 1526 497 editis,
1543 469 1588 490 ne
1604 458 1682 499 quis

235 510 241 515 ·
290 503 492 545 hujusmodi
507 504 734 545 Sequestrum
750 507 911 536 nostrum
921 506 1104 545 presumat
1115 503 1376 544 quomodolibet
1386 506 1519 534 temere
1531 503 1662 534 violare
1674 517 1683 541 ;

235 543 242 549 '
290 548 334 579 de
364 548 576 587 nominibus,
607 551 738 587 autem,
769 548 972 590 hujusmodi
1004 548 1097 579 bona
1127 547 1390 588 occupancium,
1421 547 1681 586 nichilominus,

292 592 426 624 solicite
450 593 678 633 inquirentes.
726 593 862 632 Citetis,
886 593 1039 633 insuper,
1061 593 1308 633 peremptorie,
1325 592 1540 623 Executores
1563 592 1682 623 Testa-

291 637 403 667 menti
419 637 505 668 dicti
527 637 700 678 thannis
726 637 896 675 defunct-i,
913 639 950 668 et
976 637 1147 668 bonorum
1170 646 1313 668 suorum
1335 639 1562 676 occupatores
1582 646 1682 677 quos-

291 691 449 722 cumque,
480 682 572 722 quod
602 684 829 722 compareant
860 692 977 713 coram
1008 681 1214 712 Presidente
1245 681 1453 712 Consistorii
1478 681 1591 712 nostri
1617 680 1683 711 Ex-

290 726 446 757 oniensis
461 736 502 757 ac
519 726 768 757 Commissario
783 728 905 757 nostro
923 726 1097 765 Generali,
1114 725 1151 756 in
1168 725 1326 757 Ecclesia
1341 727 1464 756 nostra
1480 725 1683 756 Cathedrali

292 770 434 810 Exonie,
455 773 553 802 sexto
578 771 634 801 die
661 771 818 802 Juridico
842 773 922 811 post
951 770 1169 801 Citacionem
1191 772 1348 801 vestram
1373 769 1415 800 de
1438 770 1526 810 ipsis
1548 769 1682 801 factam

291 814 483 846 inmediate
500 817 689 856 sequente;
713 815 886 854 videlicet,
902 814 1034 855 prefati
1058 815 1272 845 Executores
1295 814 1562 845 Testamentum
1579 823 1682 845 81111111

291 858 504 900 hujusmodi,
523 859 551 891 si
577 859 669 900 quod
696 859 902 898 condiderit,
919 859 1077 899 legitime
1101 859 1305 900 probaturi;
1333 858 1488 899 alioquin
1510 858 1682 889 bonorum

292 906 520 944 occupatores
536 903 685 944 predicti
702 913 808 943 super
830 903 1033 944 hujusmodi
1055 903 1288 943 occupacione
1307 903 1478 934 bonorum
1495 902 1613 934 debite
1629 913 1681 933 re-

292 948 455 988 sponsuri
468 962 477 986 ;
504 951 540 979 et
556 948 599 979 de
615 948 765 979 veritate
782 948 930 979 dicenda
945 948 982 978 in
1005 948 1072 979 hac
1087 950 1199 988 parte,
1217 948 1246 978 si
1263 949 1433 987 oporteat,
1450 947 1683 987 personaliter

291 991 466 1033 juraturi3
491 992 707 1033 ulteriusque
727 992 858 1023 facturi
877 994 913 1023 et
935 992 1112 1032 recepturi
1136 992 1228 1033 quod
1250 991 1394 1032 justicia
1417 992 1589 1023 suadebit.
1636 992 1682 1022 Et

291 1036 375 1077 quid
390 1036 547 1068 feceritis
563 1037 600 1067 in
624 1036 815 1077 premissis,
832 1047 906 1075 nos,
935 1047 997 1068 8811
1024 1037 1158 1067 dictum
1183 1036 1436 1074 Presidentem,
1453 1038 1490 1067 et
1512 1036 1680 1067 Commis-

291 1081 421 1112 sarium
446 1083 617 1120 nostrum,
641 1081 854 1119 certificetis,
870 1081 960 1112 citra
985 1081 1129 1112 Festum
1154 1080 1418 1112 Purificacionis
1438 1080 1546 1111 Beate
1572 1080 1681 1111 Μαι-18

290 1124 447 1165 Virginis
469 1125 628 1166 proximo
650 1125 724 1166 jam
751 1125 922 1164 futurum,
947 1125 1182 1156 communiter
1205 1135 1266 1156 seu
1290 1125 1441 1163 divisim,
1458 1135 1521 1165 per
1545 1125 1682 1156 Literas

289 1172 426 1201 vestras
450 1171 624 1210 patentes,
647 1170 774 1200 harum
800 1170 925 1201 seriem
951 1170 1184 1208 continentes,
1206 1169 1321 1209 sigillo
1342 1170 1522 1200 autentico
1545 1170 1680 1209 consig-

290 1209 443 1245 natasf—
450 1214 565 1245 Dated
581 1216 618 1245 at
635 1214 836 1254 Faringdon
856 1212 1014 1255 (Hamts),
1032 1215 1052 1244 5
1067 1215 1089 1245 J
1091 1223 1236 1254 anuary,
1255 1214 1388 1245 1384-5.

243 1267 430 1318 ClysteSt.
447 1267 619 1305 Michael
632 1267 848 1319 (otherwise
861 1267 1178 1318 Clyst-Fomison
1185 1280 1196 1315 3
1211 1266 1324 1304 hodie
1337 1266 1536 1314 Sowton);
1551 1267 1682 1305 Moni-

297 1321 357 1358 cio
376 1322 432 1359 ad
446 1321 712 1367 residendum,
729 1335 806 1370 pro
834 1321 884 1359 W.
911 1321 1198 1371 Oxenforda-

247 1377 408 1415 Thomas,
422 1379 500 1416 etc.,
518 1377 678 1408 Dominis
695 1377 874 1417 Stephano
890 1377 1111 1417 Longeneye,
1130 1377 1271 1408 Rectori
1292 1377 1446 1409 Ecclesie
1463 1377 1680 1409 Parochialis

292 1421 334 1452 de
352 1421 516 1461 Eglosros
534 1419 756 1461 [Ph-illei9h],
772 1421 794 1452 J
795 1421 925 1452 ohanni
949 1421 1118 1462 Boytone,
1136 1421 1277 1453 Rectori
1294 1421 1449 1453 Ecclesie
1466 1422 1680 1453 Parochialis

230 1483 233 1485 -
292 1465 335 1495 de
353 1465 568 1504 Farendone,
586 1468 622 1497 et
638 1466 812 1496 Willelmo
830 1465 986 1504 Coltone,
1004 1466 1047 1496 de
1064 1466 1185 1504 Ledes,
1203 1465 1379 1497 Canonico
1395 1468 1432 1497 et
1443 1466 1680 1497 Prebendario

136 1773 183 1799 sol.
199 1774 255 1800 136.

292 1509 328 1539 in
351 1509 508 1541 Ecclesia
530 1512 652 1541 nostra
676 1509 870 1550 Collegiata
894 1509 1015 1541 Sancti
1039 1510 1230 1541 Karentoci
1253 1510 1290 1540 in
1315 1510 1500 1549 Cornubia,
1518 1510 1678 1549 salutem,

292 1554 524 1586 etc—Sacris
541 1554 742 1585 Canonibus
757 1554 920 1585 novimus
935 1564 1012 1585 esse
1029 1557 1172 1585 cautum
1188 1555 1280 1595 quod
1302 1555 1353 1585 hii
1369 1554 1428 1595 qui
1444 1554 1490 1585 ad
1506 1564 1627 1586 curam
1643 1557 1679 1586 et

292 1598 450 1638 regimen
466 1598 664 1629 animarum
681 1600 919 1637 assumuntur,
937 1601 977 1629 ut
1003 1599 1128 1638 Gregis
1153 1599 1218 1629 sibi
1243 1599 1365 1629 traditi
1391 1609 1511 1630 curam
1535 1602 1679 1639 possent

292 1652 414 1681 gerere
431 1643 639 1683 diligencius
655 1643 864 1681 animarum,
882 1645 1050 1674 tenentur
1066 1643 1102 1673 in
1119 1643 1251 1674 eisdem
1267 1643 1500 1683 personaliter
1515 1643 1678 1674 residere.

294 1686 576 1727 Fidedignorum,
607 1689 738 1725 tamen,
769 1687 954 1726 relacione,
978 1689 1014 1718 et-
1044 1687 1131 1718 facti
1162 1687 1374 1718 notorietate
1406 1689 1610 1726 attestante,
1634 1688 1680 1719 ad

292 1733 453 1762 nostrum
474 1731 635 1771 pervenit
651 1731 812 1762 auditum
829 1732 920 1772 quod
937 1731 1078 1772 quidam
1094 1731 1289 1762 Willelmus
1305 1732 1442 1770 Warde,
1460 1732 1547 1763 alias
1564 1732 1679 1763 dictus

295 1775 503 1814 Oxenforde,
513 1776 642 1806 Rector
653 1776 807 1807 Ecclesie
821 1775 1035 1806 Parochialis
1045 1776 1087 1806 de
1100 1776 1198 1816 Clyst
1211 1776 1330 1807 Sancti
1345 1776 1535 1815 Michaelis,
1548 1776 1678 1817 absque

292 1829 398 1850 causa
421 1820 624 1851 racionabili
649 1830 711 1851 seu
734 1820 879 1851 licencia
900 1822 1022 1851 nostra
1044 1830 1273 1860 quacumque,
1290 1820 1334 1851 ab
1351 1820 1508 1851 Ecclesia
1524 1830 1587 1851 sua
1602 1831 1678 1861 pre-

291 1863 367 1895 fata
391 1874 428 1895 se
452 1864 653 1902 absentans,
687 1864 906 1905 Gregemque
930 1864 1110 1904 proprium
1135 1865 1310 1903 deserens,
1334 1875 1455 1896 curam
1479 1865 1677 1896 animarum

292 1908 358 1939 sibi
375 1909 608 1948 commissam,
626 1909 905 1948 hospitalitatem
922 1909 1043 1947 eciam,
1060 1918 1101 1939 ac
1117 1911 1235 1940 cetera
1257 1919 1324 1949 que
1341 1909 1386 1939 ad
1409 1909 1525 1949 ipsum
1542 1909 1584 1940 de
1599 1909 1678 1950 jure

291 1954 327 1983 et
344 1953 596 1984 consuetudine
613 1953 803 1993 pertinent,
820 1955 855 1983 et
873 1953 1107 1984 effectualiter
1123 1953 1308 1984 observare
1326 1956 1362 1984 et
1385 1955 1506 1984 tenere
1530 1954 1678 1994 negligit

289 1999 326 2027 et
349 1997 494 2036 omittit,
518 1998 553 2027 in
579 1997 695 2028 anime
720 2007 781 2028 sue
805 1997 938 2037 grande
969 1997 1164 2037 periculum
1196 2000 1232 2028 et
1263 1997 1411 2028 aliorum
1443 1998 1677 2037 perniciosum

291 2042 500 2081 exemplum.
563 2042 742 2079 Nolentcs,
774 2042 892 2082 igitur,
924 2042 1106 2082 premissa,
1134 2044 1239 2082 prout
1263 2052 1349 2072 sana
1372 2042 1590 2073 consciencia
1612 2053 1678 2074 nec

290 2095 486 2126 possumus,
503 2086 772 2117 conniventibus
789 2086 897 2117 oculis
914 2086 978 2116 sub
998 2086 1280 2117 dissimulacione
1296 2087 1512 2126 pertransire
1528 2087 1677 2118 ulterius

290 2130 501 2168 incorrecta;
526 2130 634 2168 vobis,
651 2130 866 2171 conjunctim
889 2132 924 2161 et
948 2130 1099 2169 divisim,
1124 2130 1378 2161 committimus
1405 2133 1441 2161 et
1457 2131 1676 2170 mandamus,

291 2174 441 2205 fimiter
458 2174 694 2215 injungentes,
711 2174 876 2215 quatinus
897 2174 1076 2214 prefatum
1100 2175 1323 2213 Willelmum,
1341 2175 1527 2206 Rectorem
1542 2176 1676 2215 predic-

291 2219 379 2256 tum,
396 2218 552 2258 legitime
568 2219 742 2250 moneatis
761 2222 810 2257 ut,
828 2218 922 2249 infra
945 2229 1102 2249 mensem
1118 2229 1139 2249 a
1154 2221 1312 2259 tempore
1330 2219 1537 2251 Monicionis
1559 2222 1676 2251 vestre

291 2262 406 2292 eidem
422 2262 516 2293 facte
533 2263 697 2294 continue
714 2263 982 2301 numerandum,
998 2263 1035 2293 in
1053 2263 1209 2294 Ecclesia
1220 2273 1282 2294 sua
1294 2263 1434 2303 prefata
1446 2264 1677 2303 personaliter

292 2306 445 2337 resideat
462 2306 526 2337 sub
541 2317 633 2346 pena
650 2307 749 2347 juris,
765 2306 926 2337 facturus
941 2307 978 2337 in
1001 2307 1124 2338 eadem
1145 2310 1250 2347 prout
1275 2307 1448 2338 Canonice
1465 2307 1676 2340 dictaverint

294 2349 512 2381 Sancciones.
553 2351 598 2380 Et
615 2350 643 2381 si
661 2351 916 2381 Monicionibus
926 2351 1054 2382 vestris
1064 2351 1266 2392 hujusmodi
1276 2361 1399 2391 parere
1412 2353 1674 2393 contempserit,

292 2394 419 2432 citetis,
437 2404 498 2425 seu
513 2394 614 2425 citari
630 2394 781 2433 faciatis,
797 2395 958 2433 eundem,
975 2395 1219 2435 peremptorie,
1236 2396 1327 2436 quod
1344 2399 1546 2436 compareat
1556 2407 1674 2428 coram

291 2438 402 2475 nobis,
419 2439 480 2468 aut
497 2439 627 2469 nostris
642 2439 679 2469 in
695 2439 761 2470 hac
777 2441 877 2478 parte
902 2439 1160 2470 Commissariis
1183 2440 1385 2480 specialiter
1400 2440 1620 2480 deputandis,
1638 2442 1675 2472 in

293 2482 450 2513 Ecclesia
465 2485 586 2513 nostra
603 2482 804 2514 Cathedrali
821 2483 963 2521 Exonie,
986 2483 1152 2514 vicesimo
1176 2484 1232 2515 die
1255 2484 1411 2515 Juridico
1433 2487 1513 2525 post
1536 2485 1674 2526 lapsum

293 2526 377 2556 dicti
393 2526 524 2557 mensis
539 2527 730 2558 inmediate
747 2529 924 2567 sequente,
941 2537 1082 2558 causam
1099 2538 1160 2559 8811
1183 2538 1316 2567 causas,
1340 2529 1588 2560 racionabilem
1613 2540 1674 2561 seu

292 2570 532 2608 racionabiles,
549 2571 577 2601 si
593 2581 697 2611 quam
715 2581 776 2602 8811
791 2581 878 2611 quas
892 2581 955 2611 pro
980 2581 1015 2602 se
1032 2572 1171 2611 habeat,
1187 2582 1295 2612 quare
1311 2572 1356 2603 ad
1371 2573 1574 2614 hujusmodi
1590 2575 1673 2606 resi-

292 2614 453 2645 denciam
468 2615 687 2654 personalem
702 2625 766 2655 per
782 2615 1106 2655 Sequestracionem
1128 2616 1311 2647 fructuum
1328 2617 1482 2648 Ecclesie
1498 2627 1560 2648 suc
1576 2621 1672 2650 ante-

292 2658 384 2689 dicte
401 2659 571 2698 compelli,
589 2669 651 2690 seu
667 2659 695 2689 si
712 2659 968 2690 contumaciter
982 2662 1018 2690 et
1041 2660 1220 2691 rebelliter
1242 2661 1405 2699 residere,
1421 2663 1462 2692 ut
1484 2661 1672 2702 prefertur,
1691 2698 1695 2701 Δ

291 2703 552 2742 contempserit,
563 2713 625 2733 seu
636 2703 715 2743 plus
727 2703 829 2734 solito
839 2703 1026 2742 distulerit,
1039 2704 1169 2743 privari
1182 2705 1276 2735 dicta
1287 2705 1443 2736 Ecclesia
1454 2715 1525 2736 non
1536 2706 1672 2745 debeat,

292 2746 484 2777 secundum
513 2746 688 2777 Canonica
713 2747 894 2785 Instituta,
918 2748 955 2778 in
978 2747 1092 2778 forma
1118 2748 1207 2788 juris
1233 2748 1389 2788 legitime
1412 2750 1671 2790 propositurum

291 2790 506 2830 ulteriusque
536 2790 696 2822 facturus
727 2794 763 2821 et
786 2794 992 2830 recepturus
1015 2791 1107 2832 quod
1128 2792 1264 2832 justum
1287 2793 1396 2823 fuerit
1420 2795 1456 2824 et
1480 2803 1670 2824 consonum

290 2835 431 2865 racioni.
472 2835 517 2865 Et
529 2835 610 2875 quid
623 2835 780 2866 feceritis
790 2835 826 2865 in
838 2835 1028 2874 premissis,
1041 2836 1270 2866 etc.-—Dated
1283 2836 1438 2875 London‚
1448 2837 1493 2867 20
1501 2837 1523 2868 J
1525 2847 1671 2878 anuary.

243 2887 606 2926 Tamerton-Foliot
619 2901 630 2935 ;
661 2887 814 2926 Gitacio
832 2901 950 2937 super
968 2888 1185 2926 violacione
1203 2889 1470 2938 Sequestri,—

247 2943 407 2982 Th0mas,
422 2946 500 2983 etc.,
517 2943 667 2975 Decanis
683 2944 725 2974 de
750 2943 960 2984 Plymptonc
984 2946 1019 2974 et
1043 2944 1263 2983 Tamertone,
1281 2954 1322 2975 ac
1346 2945 1496 2976 Domino
1520 2946 1669 2978 Ricardo

269 2986 378 3035 2N²
