<?xml version="1.0" encoding="UTF-8"?>
<!DOCTYPE html PUBLIC "-//W3C//DTD XHTML 1.0 Transitional//EN"
    "http://www.w3.org/TR/xhtml1/DTD/xhtml1-transitional.dtd">
<html xmlns="http://www.w3.org/1999/xhtml" xml:lang="en" lang="en">
 <head>
  <title>
</title>
<meta http-equiv="Content-Type" content="text/html;charset=utf-8" />
  <meta name='ocr-system' content='tesseract 3.04.00' />
  <meta name='ocr-capabilities' content='ocr_page ocr_carea ocr_par ocr_line ocrx_word'/>
</head>
<body>
  <div class='ocr_page' id='page_1' title='image "./registerofthomas01hinguoft/registerofthomas01hinguoft_0569.png"; bbox 0 0 1988 3256; ppageno 0'>
   <div class='ocr_carea' id='block_1_1' title="bbox 0 2611 10 2780">
    <p class='ocr_par' dir='ltr' id='par_1_1' title="bbox 0 2611 10 2780">
     <span class='ocr_line' id='line_1_1' title="bbox 0 2611 10 2780; textangle 90"><span class='ocrx_word' id='word_1_1' title='bbox 0 2765 5 2780; x_wconf 75' lang='lat' dir='ltr'><strong>-v</strong></span> <span class='ocrx_word' id='word_1_2' title='bbox 0 2611 10 2753; x_wconf 58' lang='lat' dir='ltr'><strong>-vv-v-v-:v</strong></span> 
     </span>
    </p>
   </div>
   <div class='ocr_carea' id='block_1_2' title="bbox 179 477 282 572">
    <p class='ocr_par' dir='ltr' id='par_1_2' title="bbox 179 477 282 572">
     <span class='ocr_line' id='line_1_2' title="bbox 179 477 257 504; baseline 0 0"><span class='ocrx_word' id='word_1_3' title='bbox 179 477 257 504; x_wconf 60' lang='grc' dir='ltr'><strong>ΑΛ).</strong></span> 
     </span>
     <span class='ocr_line' id='line_1_3' title="bbox 179 512 256 540; baseline 0.026 -2"><span class='ocrx_word' id='word_1_4' title='bbox 179 512 256 540; x_wconf 75' lang='lat'>1384.</span> 
     </span>
     <span class='ocr_line' id='line_1_4' title="bbox 181 545 282 572; baseline 0.01 -1"><span class='ocrx_word' id='word_1_5' title='bbox 181 545 246 572; x_wconf 82' lang='lat' dir='ltr'><strong>Vol.</strong></span> <span class='ocrx_word' id='word_1_6' title='bbox 257 545 282 572; x_wconf 86' lang='lat' dir='ltr'><strong>l.</strong></span> 
     </span>
    </p>
   </div>
   <div class='ocr_carea' id='block_1_3' title="bbox 184 1426 264 1488">
    <p class='ocr_par' dir='ltr' id='par_1_3' title="bbox 184 1426 264 1488">
     <span class='ocr_line' id='line_1_5' title="bbox 184 1426 233 1454; baseline 0.02 -1"><span class='ocrx_word' id='word_1_7' title='bbox 184 1426 233 1454; x_wconf 85' lang='lat' dir='ltr'><strong>sol.</strong></span> 
     </span>
     <span class='ocr_line' id='line_1_6' title="bbox 186 1459 264 1488; baseline -0.026 0"><span class='ocrx_word' id='word_1_8' title='bbox 186 1459 264 1488; x_wconf 84' lang='lat' dir='ltr'><strong>131b.</strong></span> 
     </span>
    </p>
   </div>
   <div class='ocr_carea' id='block_1_4' title="bbox 487 367 1725 414">
    <p class='ocr_par' dir='ltr' id='par_1_4' title="bbox 487 367 1725 414">
     <span class='ocr_line' id='line_1_7' title="bbox 487 367 1725 414; baseline -0.002 -2"><span class='ocrx_word' id='word_1_9' title='bbox 487 378 776 414; x_wconf 77' lang='lat' dir='ltr'>REGISTRUM</span> <span class='ocrx_word' id='word_1_10' title='bbox 822 375 1280 412; x_wconf 68' lang='lat' dir='ltr'><strong>commune—Anno</strong></span> <span class='ocrx_word' id='word_1_11' title='bbox 1308 367 1403 411; x_wconf 84' lang='lat'><strong>150.</strong></span> <span class='ocrx_word' id='word_1_12' title='bbox 1634 368 1725 412; x_wconf 87' lang='lat'><strong>551</strong></span> 
     </span>
    </p>
   </div>
   <div class='ocr_carea' id='block_1_5' title="bbox 335 483 1731 1014">
    <p class='ocr_par' dir='ltr' id='par_1_5' title="bbox 335 483 1731 1014">
     <span class='ocr_line' id='line_1_8' title="bbox 337 483 1728 525; baseline 0.001 -11"><span class='ocrx_word' id='word_1_13' title='bbox 337 483 374 514; x_wconf 87' lang='lat' dir='ltr'><strong>et</strong></span> <span class='ocrx_word' id='word_1_14' title='bbox 390 483 610 525; x_wconf 84' lang='lat' dir='ltr'><strong>singulorum</strong></span> <span class='ocrx_word' id='word_1_15' title='bbox 626 484 847 516; x_wconf 88' lang='lat' dir='ltr'><strong>subditorum</strong></span> <span class='ocrx_word' id='word_1_16' title='bbox 862 484 974 525; x_wconf 88' lang='lat' dir='ltr'><strong>ipsius</strong></span> <span class='ocrx_word' id='word_1_17' title='bbox 989 483 1142 522; x_wconf 86' lang='lat' dir='ltr'>Domini,</span> <span class='ocrx_word' id='word_1_18' title='bbox 1158 483 1342 524; x_wconf 88' lang='lat' dir='ltr'><strong>utriusque</strong></span> <span class='ocrx_word' id='word_1_19' title='bbox 1365 493 1478 523; x_wconf 84' lang='lat' dir='ltr'><strong>sexus,</strong></span> <span class='ocrx_word' id='word_1_20' title='bbox 1494 483 1590 514; x_wconf 87' lang='lat' dir='ltr'><strong>infra</strong></span> <span class='ocrx_word' id='word_1_21' title='bbox 1605 484 1728 516; x_wconf 84' lang='lat' dir='ltr'><strong>Archi-</strong></span> 
     </span>
     <span class='ocr_line' id='line_1_9' title="bbox 336 527 1728 568; baseline 0 -9"><span class='ocrx_word' id='word_1_22' title='bbox 336 527 562 560; x_wconf 77' lang='lat' dir='ltr'><strong>diaconatum</strong></span> <span class='ocrx_word' id='word_1_23' title='bbox 586 528 762 560; x_wconf 86' lang='lat' dir='ltr'><strong>Cornubie</strong></span> <span class='ocrx_word' id='word_1_24' title='bbox 785 528 1084 561; x_wconf 86' lang='lat' dir='ltr'><strong>commorancium</strong></span> <span class='ocrx_word' id='word_1_25' title='bbox 1106 528 1328 568; x_wconf 88' lang='lat' dir='ltr'><strong>ubicumque,</strong></span> <span class='ocrx_word' id='word_1_26' title='bbox 1346 528 1413 559; x_wconf 87' lang='lat' dir='ltr'><strong>sibi</strong></span> <span class='ocrx_word' id='word_1_27' title='bbox 1428 528 1588 559; x_wconf 88' lang='lat' dir='ltr'><strong>confiteri</strong></span> <span class='ocrx_word' id='word_1_28' title='bbox 1610 529 1728 560; x_wconf 85' lang='lat' dir='ltr'><strong>volen-</strong></span> 
     </span>
     <span class='ocr_line' id='line_1_10' title="bbox 335 572 1729 614; baseline 0.001 -11"><span class='ocrx_word' id='word_1_29' title='bbox 335 572 439 612; x_wconf 90' lang='lat' dir='ltr'><strong>cium,</strong></span> <span class='ocrx_word' id='word_1_30' title='bbox 455 573 610 614; x_wconf 80' lang='lat' dir='ltr'><strong>ipsisque</strong></span> <span class='ocrx_word' id='word_1_31' title='bbox 626 583 689 614; x_wconf 88' lang='lat' dir='ltr'><strong>pro</strong></span> <span class='ocrx_word' id='word_1_32' title='bbox 705 574 902 605; x_wconf 82' lang='lat' dir='ltr'><strong>commissis</strong></span> <span class='ocrx_word' id='word_1_33' title='bbox 917 573 1136 614; x_wconf 88' lang='lat' dir='ltr'><strong>penitencias</strong></span> <span class='ocrx_word' id='word_1_34' title='bbox 1151 573 1324 603; x_wconf 87' lang='lat' dir='ltr'><strong>salutares</strong></span> <span class='ocrx_word' id='word_1_35' title='bbox 1346 572 1604 613; x_wconf 84' lang='lat' dir='ltr'><strong>injungendum</strong></span> <span class='ocrx_word' id='word_1_36' title='bbox 1616 587 1624 612; x_wconf 88' lang='lat'>;</span> <span class='ocrx_word' id='word_1_37' title='bbox 1650 583 1729 605; x_wconf 89' lang='lat' dir='ltr'><strong>nec—</strong></span> 
     </span>
     <span class='ocr_line' id='line_1_11' title="bbox 335 617 1730 659; baseline 0 -11"><span class='ocrx_word' id='word_1_38' title='bbox 335 627 416 657; x_wconf 89' lang='lat' dir='ltr'><strong>non,</strong></span> <span class='ocrx_word' id='word_1_39' title='bbox 439 618 582 650; x_wconf 89' lang='lat' dir='ltr'><strong>eosdem</strong></span> <span class='ocrx_word' id='word_1_40' title='bbox 604 618 857 650; x_wconf 89' lang='lat' dir='ltr'><strong>absolvendum</strong></span> <span class='ocrx_word' id='word_1_41' title='bbox 879 618 992 650; x_wconf 88' lang='lat' dir='ltr'><strong>eciam</strong></span> <span class='ocrx_word' id='word_1_42' title='bbox 1014 618 1053 648; x_wconf 90' lang='lat' dir='ltr'><strong>in</strong></span> <span class='ocrx_word' id='word_1_43' title='bbox 1076 617 1215 649; x_wconf 81' lang='lat' dir='ltr'><strong>casibus</strong></span> <span class='ocrx_word' id='word_1_44' title='bbox 1235 617 1351 648; x_wconf 90' lang='lat' dir='ltr'><strong>eidem</strong></span> <span class='ocrx_word' id='word_1_45' title='bbox 1367 617 1519 648; x_wconf 89' lang='lat' dir='ltr'><strong>Domino</strong></span> <span class='ocrx_word' id='word_1_46' title='bbox 1534 627 1555 649; x_wconf 81' lang='lat' dir='ltr'><strong>a</strong></span> <span class='ocrx_word' id='word_1_47' title='bbox 1570 618 1648 659; x_wconf 86' lang='lat' dir='ltr'><strong>jure</strong></span> <span class='ocrx_word' id='word_1_48' title='bbox 1672 618 1730 649; x_wconf 87' lang='lat' dir='ltr'><strong>vel</strong></span> 
     </span>
     <span class='ocr_line' id='line_1_12' title="bbox 337 661 1730 702; baseline 0 -8"><span class='ocrx_word' id='word_1_49' title='bbox 337 662 591 694; x_wconf 83' lang='lat' dir='ltr'><strong>consuetudine</strong></span> <span class='ocrx_word' id='word_1_50' title='bbox 607 663 807 702; x_wconf 80' lang='lat' dir='ltr'><strong>reservatis,</strong></span> <span class='ocrx_word' id='word_1_51' title='bbox 819 662 1073 694; x_wconf 87' lang='lat' dir='ltr'><strong>violacionibus</strong></span> <span class='ocrx_word' id='word_1_52' title='bbox 1088 662 1110 693; x_wconf 84' lang='lat' dir='ltr'><strong>J</strong></span> <span class='ocrx_word' id='word_1_53' title='bbox 1111 662 1229 692; x_wconf 87' lang='lat' dir='ltr'><strong>urium</strong></span> <span class='ocrx_word' id='word_1_54' title='bbox 1245 663 1282 693; x_wconf 90' lang='lat' dir='ltr'><strong>et</strong></span> <span class='ocrx_word' id='word_1_55' title='bbox 1295 661 1487 693; x_wconf 77' lang='lat' dir='ltr'><strong>Libertatis</strong></span> <span class='ocrx_word' id='word_1_56' title='bbox 1500 662 1655 694; x_wconf 89' lang='lat' dir='ltr'><strong>Ecclesie</strong></span> <span class='ocrx_word' id='word_1_57' title='bbox 1668 672 1730 694; x_wconf 90' lang='lat' dir='ltr'><strong>sue</strong></span> 
     </span>
     <span class='ocr_line' id='line_1_13' title="bbox 338 706 1728 747; baseline 0 -9"><span class='ocrx_word' id='word_1_58' title='bbox 338 706 560 739; x_wconf 85' lang='lat' dir='ltr'><strong>Cathedralis</strong></span> <span class='ocrx_word' id='word_1_59' title='bbox 577 708 719 747; x_wconf 85' lang='lat' dir='ltr'><strong>Exonie,</strong></span> <span class='ocrx_word' id='word_1_60' title='bbox 736 718 777 739; x_wconf 87' lang='lat' dir='ltr'><strong>ac</strong></span> <span class='ocrx_word' id='word_1_61' title='bbox 794 708 984 739; x_wconf 83' lang='lat' dir='ltr'><strong>Parcorum</strong></span> <span class='ocrx_word' id='word_1_62' title='bbox 1000 717 1143 738; x_wconf 89' lang='lat' dir='ltr'><strong>suorum</strong></span> <span class='ocrx_word' id='word_1_63' title='bbox 1167 716 1465 747; x_wconf 88' lang='lat' dir='ltr'><strong>quorumcumque</strong></span> <span class='ocrx_word' id='word_1_64' title='bbox 1481 706 1728 746; x_wconf 87' lang='lat' dir='ltr'><strong>fraccionibus,</strong></span> 
     </span>
     <span class='ocr_line' id='line_1_14' title="bbox 337 751 1730 793; baseline -0.001 -10"><span class='ocrx_word' id='word_1_65' title='bbox 337 752 693 793; x_wconf 86' lang='lat' dir='ltr'><strong>corrupcionibusque</strong></span> <span class='ocrx_word' id='word_1_66' title='bbox 717 752 924 783; x_wconf 85' lang='lat' dir='ltr'><strong>Monialium</strong></span> <span class='ocrx_word' id='word_1_67' title='bbox 947 752 1022 783; x_wconf 92' lang='lat' dir='ltr'><strong>Deo</strong></span> <span class='ocrx_word' id='word_1_68' title='bbox 1045 751 1252 789; x_wconf 85' lang='lat' dir='ltr'><strong>dicatarum,</strong></span> <span class='ocrx_word' id='word_1_69' title='bbox 1275 751 1530 792; x_wconf 85' lang='lat' dir='ltr'><strong>injeccionibus</strong></span> <span class='ocrx_word' id='word_1_70' title='bbox 1560 762 1730 782; x_wconf 86' lang='lat' dir='ltr'><strong>manuum</strong></span> 
     </span>
     <span class='ocr_line' id='line_1_15' title="bbox 337 795 1729 837; baseline 0 -9"><span class='ocrx_word' id='word_1_71' title='bbox 337 796 573 828; x_wconf 78' lang='lat' dir='ltr'><strong>violentarum</strong></span> <span class='ocrx_word' id='word_1_72' title='bbox 589 797 626 827; x_wconf 92' lang='lat' dir='ltr'><strong>in</strong></span> <span class='ocrx_word' id='word_1_73' title='bbox 644 797 798 828; x_wconf 89' lang='lat' dir='ltr'><strong>Clericos</strong></span> <span class='ocrx_word' id='word_1_74' title='bbox 814 797 850 827; x_wconf 93' lang='lat' dir='ltr'><strong>in</strong></span> <span class='ocrx_word' id='word_1_75' title='bbox 868 796 984 828; x_wconf 87' lang='lat' dir='ltr'><strong>Sacris</strong></span> <span class='ocrx_word' id='word_1_76' title='bbox 1000 795 1191 827; x_wconf 86' lang='lat' dir='ltr'><strong>Ordinibus</strong></span> <span class='ocrx_word' id='word_1_77' title='bbox 1207 796 1420 827; x_wconf 87' lang='lat' dir='ltr'><strong>constitutos</strong></span> <span class='ocrx_word' id='word_1_78' title='bbox 1435 805 1457 826; x_wconf 84' lang='lat' dir='ltr'><strong>a</strong></span> <span class='ocrx_word' id='word_1_79' title='bbox 1471 795 1550 837; x_wconf 86' lang='lat' dir='ltr'><strong>jure</strong></span> <span class='ocrx_word' id='word_1_80' title='bbox 1566 806 1637 827; x_wconf 92' lang='lat' dir='ltr'><strong>non</strong></span> <span class='ocrx_word' id='word_1_81' title='bbox 1652 806 1729 837; x_wconf 91' lang='lat' dir='ltr'><strong>per-</strong></span> 
     </span>
     <span class='ocr_line' id='line_1_16' title="bbox 338 839 1729 881; baseline 0 -9"><span class='ocrx_word' id='word_1_82' title='bbox 338 841 466 881; x_wconf 81' lang='lat' dir='ltr'><strong>missis,</strong></span> <span class='ocrx_word' id='word_1_83' title='bbox 482 851 524 873; x_wconf 80' lang='lat' dir='ltr'><strong>ac</strong></span> <span class='ocrx_word' id='word_1_84' title='bbox 538 841 723 872; x_wconf 76' lang='lat' dir='ltr'><strong>adulteriis</strong></span> <span class='ocrx_word' id='word_1_85' title='bbox 738 844 774 873; x_wconf 89' lang='lat' dir='ltr'><strong>et</strong></span> <span class='ocrx_word' id='word_1_86' title='bbox 789 841 983 872; x_wconf 82' lang='lat' dir='ltr'><strong>incestibus</strong></span> <span class='ocrx_word' id='word_1_87' title='bbox 1006 841 1156 872; x_wconf 87' lang='lat' dir='ltr'><strong>notoriis</strong></span> <span class='ocrx_word' id='word_1_88' title='bbox 1178 843 1215 871; x_wconf 92' lang='lat' dir='ltr'><strong>et</strong></span> <span class='ocrx_word' id='word_1_89' title='bbox 1238 839 1460 879; x_wconf 80' lang='lat' dir='ltr'><strong>manifestis3</strong></span> <span class='ocrx_word' id='word_1_90' title='bbox 1484 841 1729 872; x_wconf 87' lang='lat' dir='ltr'><strong>celebracioni-</strong></span> 
     </span>
     <span class='ocr_line' id='line_1_17' title="bbox 337 884 1731 926; baseline 0.001 -10"><span class='ocrx_word' id='word_1_91' title='bbox 337 885 413 925; x_wconf 84' lang='lat' dir='ltr'><strong>bus,</strong></span> <span class='ocrx_word' id='word_1_92' title='bbox 428 886 583 926; x_wconf 86' lang='lat' dir='ltr'><strong>insuper,</strong></span> <span class='ocrx_word' id='word_1_93' title='bbox 600 886 907 917; x_wconf 79' lang='lat' dir='ltr'><strong>matrimoniorum</strong></span> <span class='ocrx_word' id='word_1_94' title='bbox 928 885 1227 917; x_wconf 81' lang='lat' dir='ltr'><strong>clandestinorum</strong></span> <span class='ocrx_word' id='word_1_95' title='bbox 1249 895 1291 916; x_wconf 87' lang='lat' dir='ltr'><strong>ac</strong></span> <span class='ocrx_word' id='word_1_96' title='bbox 1313 884 1566 917; x_wconf 80' lang='lat' dir='ltr'><strong>violacionibus</strong></span> <span class='ocrx_word' id='word_1_97' title='bbox 1582 885 1731 917; x_wconf 88' lang='lat' dir='ltr'><strong>Ecclesi-</strong></span> 
     </span>
     <span class='ocr_line' id='line_1_18' title="bbox 337 929 1731 971; baseline 0 -10"><span class='ocrx_word' id='word_1_98' title='bbox 337 940 439 961; x_wconf 86' lang='lat' dir='ltr'><strong>arum</strong></span> <span class='ocrx_word' id='word_1_99' title='bbox 461 932 498 962; x_wconf 90' lang='lat' dir='ltr'><strong>et</strong></span> <span class='ocrx_word' id='word_1_100' title='bbox 522 930 796 970; x_wconf 88' lang='lat' dir='ltr'><strong>Cimiteriorum,</strong></span> <span class='ocrx_word' id='word_1_101' title='bbox 811 932 957 971; x_wconf 89' lang='lat' dir='ltr'><strong>propter</strong></span> <span class='ocrx_word' id='word_1_102' title='bbox 978 939 1064 971; x_wconf 88' lang='lat' dir='ltr'><strong>quas</strong></span> <span class='ocrx_word' id='word_1_103' title='bbox 1087 929 1271 970; x_wconf 79' lang='lat' dir='ltr'><strong>indigeant</strong></span> <span class='ocrx_word' id='word_1_104' title='bbox 1293 930 1531 968; x_wconf 77' lang='lat' dir='ltr'><strong>reconciliari3</strong></span> <span class='ocrx_word' id='word_1_105' title='bbox 1554 930 1731 971; x_wconf 80' lang='lat' dir='ltr'><strong>perjuriis,</strong></span> 
     </span>
     <span class='ocr_line' id='line_1_19' title="bbox 338 974 1731 1014; baseline 0.001 -9"><span class='ocrx_word' id='word_1_106' title='bbox 338 975 460 1014; x_wconf 86' lang='lat' dir='ltr'><strong>eciam,</strong></span> <span class='ocrx_word' id='word_1_107' title='bbox 477 975 515 1006; x_wconf 89' lang='lat' dir='ltr'><strong>in</strong></span> <span class='ocrx_word' id='word_1_108' title='bbox 529 975 670 1014; x_wconf 89' lang='lat' dir='ltr'><strong>Assisis,</strong></span> <span class='ocrx_word' id='word_1_109' title='bbox 687 977 724 1006; x_wconf 89' lang='lat' dir='ltr'><strong>et</strong></span> <span class='ocrx_word' id='word_1_110' title='bbox 746 975 784 1006; x_wconf 88' lang='lat' dir='ltr'><strong>in</strong></span> <span class='ocrx_word' id='word_1_111' title='bbox 807 975 932 1007; x_wconf 86' lang='lat' dir='ltr'><strong>Causis</strong></span> <span class='ocrx_word' id='word_1_112' title='bbox 954 974 1285 1012; x_wconf 77' lang='lat' dir='ltr'><strong>matrimonialibus,</strong></span> <span class='ocrx_word' id='word_1_113' title='bbox 1302 974 1456 1005; x_wconf 85' lang='lat' dir='ltr'><strong>scienter</strong></span> <span class='ocrx_word' id='word_1_114' title='bbox 1470 976 1533 1005; x_wconf 85' lang='lat' dir='ltr'><strong>aut</strong></span> <span class='ocrx_word' id='word_1_115' title='bbox 1548 974 1645 1014; x_wconf 83' lang='lat' dir='ltr'><strong>alias,</strong></span> <span class='ocrx_word' id='word_1_116' title='bbox 1669 975 1731 1006; x_wconf 89' lang='lat' dir='ltr'><strong>ubi</strong></span> 
     </span>
    </p>
   </div>
   <div class='ocr_carea' id='block_1_6' title="bbox 338 1018 1799 1061">
    <p class='ocr_par' dir='ltr' id='par_1_6' title="bbox 338 1018 1799 1061">
     <span class='ocr_line' id='line_1_20' title="bbox 338 1018 1799 1061; baseline -0.001 -10"><span class='ocrx_word' id='word_1_117' title='bbox 338 1019 499 1060; x_wconf 86' lang='lat' dir='ltr'><strong>sequitur</strong></span> <span class='ocrx_word' id='word_1_118' title='bbox 513 1029 609 1051; x_wconf 89' lang='lat' dir='ltr'><strong>mors</strong></span> <span class='ocrx_word' id='word_1_119' title='bbox 623 1019 679 1051; x_wconf 85' lang='lat' dir='ltr'><strong>vel</strong></span> <span class='ocrx_word' id='word_1_120' title='bbox 695 1019 934 1058; x_wconf 85' lang='lat' dir='ltr'><strong>exheredacio,</strong></span> <span class='ocrx_word' id='word_1_121' title='bbox 950 1021 1014 1050; x_wconf 88' lang='lat' dir='ltr'><strong>aut</strong></span> <span class='ocrx_word' id='word_1_122' title='bbox 1028 1018 1147 1059; x_wconf 84' lang='lat' dir='ltr'><strong>gravis</strong></span> <span class='ocrx_word' id='word_1_123' title='bbox 1170 1018 1424 1059; x_wconf 83' lang='lat' dir='ltr'><strong>depauperacio</strong></span> <span class='ocrx_word' id='word_1_124' title='bbox 1447 1019 1608 1061; x_wconf 79' lang='lat' dir='ltr'><strong>alicujus,</strong></span> <span class='ocrx_word' id='word_1_125' title='bbox 1632 1020 1731 1051; x_wconf 89' lang='lat' dir='ltr'><strong>dum-</strong></span> <span class='ocrx_word' id='word_1_126' title='bbox 1796 1037 1799 1039; x_wconf 39' lang='lat' dir='ltr'>v</span> 
     </span>
    </p>
   </div>
   <div class='ocr_carea' id='block_1_7' title="bbox 339 1063 1412 1105">
    <p class='ocr_par' dir='ltr' id='par_1_7' title="bbox 339 1063 1412 1105">
     <span class='ocr_line' id='line_1_21' title="bbox 339 1063 1412 1105; baseline -0.002 -10"><span class='ocrx_word' id='word_1_127' title='bbox 339 1065 439 1095; x_wconf 83' lang='lat' dir='ltr'><strong>taxat</strong></span> <span class='ocrx_word' id='word_1_128' title='bbox 454 1065 630 1105; x_wconf 87' lang='lat' dir='ltr'><strong>exceptis;</strong></span> <span class='ocrx_word' id='word_1_129' title='bbox 653 1064 822 1105; x_wconf 81' lang='lat' dir='ltr'><strong>quamdiu</strong></span> <span class='ocrx_word' id='word_1_130' title='bbox 838 1063 988 1095; x_wconf 90' lang='lat' dir='ltr'><strong>Domino</strong></span> <span class='ocrx_word' id='word_1_131' title='bbox 1003 1063 1177 1104; x_wconf 79' lang='lat' dir='ltr'><strong>placuerit</strong></span> <span class='ocrx_word' id='word_1_132' title='bbox 1193 1063 1412 1094; x_wconf 85' lang='lat' dir='ltr'><strong>duraturam.</strong></span> 
     </span>
    </p>
   </div>
   <div class='ocr_carea' id='block_1_8' title="bbox 291 1123 1154 1171">
    <p class='ocr_par' dir='ltr' id='par_1_8' title="bbox 291 1123 1154 1171">
     <span class='ocr_line' id='line_1_22' title="bbox 291 1123 1154 1171; baseline -0.002 -9"><span class='ocrx_word' id='word_1_133' title='bbox 291 1124 572 1163; x_wconf 87' lang='lat' dir='ltr'><strong>Southmolton</strong></span> <span class='ocrx_word' id='word_1_134' title='bbox 589 1138 600 1171; x_wconf 88' lang='lat'>;</span> <span class='ocrx_word' id='word_1_135' title='bbox 629 1124 692 1162; x_wconf 90' lang='lat' dir='ltr'><strong>Sir</strong></span> <span class='ocrx_word' id='word_1_136' title='bbox 709 1124 816 1162; x_wconf 88' lang='lat' dir='ltr'><strong>John</strong></span> <span class='ocrx_word' id='word_1_137' title='bbox 838 1123 1009 1170; x_wconf 78' lang='lat' dir='ltr'><strong>Hacche,</strong></span> <span class='ocrx_word' id='word_1_138' title='bbox 1032 1123 1096 1169; x_wconf 53' lang='lat' dir='ltr'><strong>R„</strong></span> <span class='ocrx_word' id='word_1_139' title='bbox 1109 1147 1154 1151; x_wconf 98' lang='lat'><strong>——</strong></span> 
     </span>
    </p>
   </div>
   <div class='ocr_carea' id='block_1_9' title="bbox 295 1176 1729 1221">
    <p class='ocr_par' dir='ltr' id='par_1_9' title="bbox 295 1176 1729 1221">
     <span class='ocr_line' id='line_1_23' title="bbox 295 1176 1729 1221; baseline 0.001 -11"><span class='ocrx_word' id='word_1_140' title='bbox 295 1179 442 1211; x_wconf 89' lang='lat' dir='ltr'><strong>Licence</strong></span> <span class='ocrx_word' id='word_1_141' title='bbox 458 1179 497 1211; x_wconf 89' lang='lat' dir='ltr'><strong>of</strong></span> <span class='ocrx_word' id='word_1_142' title='bbox 511 1180 779 1211; x_wconf 85' lang='lat' dir='ltr'><strong>non-residence</strong></span> <span class='ocrx_word' id='word_1_143' title='bbox 795 1179 853 1211; x_wconf 83' lang='lat' dir='ltr'><strong>for</strong></span> <span class='ocrx_word' id='word_1_144' title='bbox 867 1189 889 1211; x_wconf 89' lang='lat' dir='ltr'><strong>a</strong></span> <span class='ocrx_word' id='word_1_145' title='bbox 903 1189 999 1221; x_wconf 87' lang='lat' dir='ltr'><strong>year,</strong></span> <span class='ocrx_word' id='word_1_146' title='bbox 1016 1178 1036 1193; x_wconf 93' lang='lat'><strong>“</strong></span> <span class='ocrx_word' id='word_1_147' title='bbox 1049 1176 1350 1220; x_wconf 72' lang='lat' dir='ltr'><strong>contemplacione</strong></span> <span class='ocrx_word' id='word_1_148' title='bbox 1375 1179 1508 1211; x_wconf 88' lang='lat' dir='ltr'><strong>Thome</strong></span> <span class='ocrx_word' id='word_1_149' title='bbox 1531 1179 1696 1212; x_wconf 72' lang='lat' dir='ltr'><strong>Affetone</strong></span> <span class='ocrx_word' id='word_1_150' title='bbox 1710 1179 1729 1193; x_wconf 88' lang='lat'><strong>’&#39;</strong></span> 
     </span>
    </p>
   </div>
   <div class='ocr_carea' id='block_1_10' title="bbox 345 1221 641 1266">
    <p class='ocr_par' dir='ltr' id='par_1_10' title="bbox 345 1221 641 1266">
     <span class='ocr_line' id='line_1_24' title="bbox 345 1221 641 1266; baseline 0 -11"><span class='ocrx_word' id='word_1_151' title='bbox 345 1221 473 1265; x_wconf 85' lang='lat' dir='ltr'><strong>(Clyst,</strong></span> <span class='ocrx_word' id='word_1_152' title='bbox 489 1225 512 1255; x_wconf 87' lang='lat'>4</span> <span class='ocrx_word' id='word_1_153' title='bbox 526 1224 549 1256; x_wconf 87' lang='lat' dir='ltr'>J</span> <span class='ocrx_word' id='word_1_154' title='bbox 550 1222 641 1266; x_wconf 86' lang='lat' dir='ltr'><strong>uly).</strong></span> 
     </span>
    </p>
   </div>
   <div class='ocr_carea' id='block_1_11' title="bbox 297 1281 1434 1337">
    <p class='ocr_par' dir='ltr' id='par_1_11' title="bbox 297 1281 1434 1337">
     <span class='ocr_line' id='line_1_25' title="bbox 297 1281 1434 1337; baseline -0.002 -15"><span class='ocrx_word' id='word_1_155' title='bbox 297 1283 523 1335; x_wconf 83' lang='lat' dir='ltr'><strong>Clayhidon</strong></span> <span class='ocrx_word' id='word_1_156' title='bbox 543 1282 749 1337; x_wconf 86' lang='lat' dir='ltr'><strong>[Hydone‚</strong></span> <span class='ocrx_word' id='word_1_157' title='bbox 772 1281 873 1337; x_wconf 72' lang='lat' dir='ltr'><strong>MS]</strong></span> <span class='ocrx_word' id='word_1_158' title='bbox 890 1297 902 1331; x_wconf 78' lang='lat'><em>3</em></span> <span class='ocrx_word' id='word_1_159' title='bbox 930 1283 996 1322; x_wconf 82' lang='lat' dir='ltr'><strong>Sir</strong></span> <span class='ocrx_word' id='word_1_160' title='bbox 1014 1283 1127 1321; x_wconf 86' lang='lat' dir='ltr'><strong>John</strong></span> <span class='ocrx_word' id='word_1_161' title='bbox 1146 1282 1289 1329; x_wconf 85' lang='lat' dir='ltr'><strong>Benet,</strong></span> <span class='ocrx_word' id='word_1_162' title='bbox 1312 1283 1434 1330; x_wconf 63' lang='lat' dir='ltr'><strong>R„-</strong></span> 
     </span>
    </p>
   </div>
   <div class='ocr_carea' id='block_1_12' title="bbox 299 1338 1736 1379">
    <p class='ocr_par' dir='ltr' id='par_1_12' title="bbox 299 1338 1736 1379">
     <span class='ocr_line' id='line_1_26' title="bbox 299 1338 1736 1379; baseline 0 -8"><span class='ocrx_word' id='word_1_163' title='bbox 299 1338 562 1371; x_wconf 88' lang='lat' dir='ltr'><strong>Licence—“ut</strong></span> <span class='ocrx_word' id='word_1_164' title='bbox 578 1340 624 1371; x_wconf 85' lang='lat' dir='ltr'><strong>ad</strong></span> <span class='ocrx_word' id='word_1_165' title='bbox 641 1340 826 1371; x_wconf 88' lang='lat' dir='ltr'><strong>Summum</strong></span> <span class='ocrx_word' id='word_1_166' title='bbox 838 1339 961 1371; x_wconf 85' lang='lat' dir='ltr'><strong>Altare</strong></span> <span class='ocrx_word' id='word_1_167' title='bbox 977 1339 1014 1369; x_wconf 89' lang='lat' dir='ltr'><strong>in</strong></span> <span class='ocrx_word' id='word_1_168' title='bbox 1031 1339 1190 1370; x_wconf 85' lang='lat' dir='ltr'><strong>Ecclesia</strong></span> <span class='ocrx_word' id='word_1_169' title='bbox 1203 1338 1345 1379; x_wconf 84' lang='lat' dir='ltr'><strong>prefata</strong></span> <span class='ocrx_word' id='word_1_170' title='bbox 1360 1340 1518 1370; x_wconf 90' lang='lat' dir='ltr'><strong>nondum</strong></span> <span class='ocrx_word' id='word_1_171' title='bbox 1535 1339 1736 1371; x_wconf 87' lang='lat' dir='ltr'><strong>dedicatum</strong></span> 
     </span>
    </p>
   </div>
   <div class='ocr_carea' id='block_1_13' title="bbox 341 1383 1738 1559">
    <p class='ocr_par' dir='ltr' id='par_1_13' title="bbox 341 1383 1738 1559">
     <span class='ocr_line' id='line_1_27' title="bbox 343 1383 1738 1425; baseline 0.001 -10"><span class='ocrx_word' id='word_1_172' title='bbox 343 1384 472 1415; x_wconf 86' lang='lat' dir='ltr'><strong>Divina</strong></span> <span class='ocrx_word' id='word_1_173' title='bbox 503 1384 615 1425; x_wconf 89' lang='lat' dir='ltr'><strong>possit</strong></span> <span class='ocrx_word' id='word_1_174' title='bbox 638 1394 744 1424; x_wconf 87' lang='lat' dir='ltr'><strong>super</strong></span> <span class='ocrx_word' id='word_1_175' title='bbox 766 1394 876 1414; x_wconf 88' lang='lat' dir='ltr'><strong>unum</strong></span> <span class='ocrx_word' id='word_1_176' title='bbox 902 1383 1127 1424; x_wconf 90' lang='lat' dir='ltr'><strong>Superaltare</strong></span> <span class='ocrx_word' id='word_1_177' title='bbox 1150 1383 1219 1414; x_wconf 87' lang='lat' dir='ltr'><strong>rite</strong></span> <span class='ocrx_word' id='word_1_178' title='bbox 1242 1383 1445 1414; x_wconf 85' lang='lat' dir='ltr'><strong>dedicatum</strong></span> <span class='ocrx_word' id='word_1_179' title='bbox 1469 1384 1668 1423; x_wconf 86' lang='lat' dir='ltr'><strong>celebrare;</strong></span> <span class='ocrx_word' id='word_1_180' title='bbox 1700 1387 1738 1416; x_wconf 90' lang='lat' dir='ltr'><strong>et</strong></span> 
     </span>
     <span class='ocr_line' id='line_1_28' title="bbox 342 1427 1738 1469; baseline 0 -9"><span class='ocrx_word' id='word_1_181' title='bbox 342 1428 435 1469; x_wconf 90' lang='lat' dir='ltr'><strong>quod</strong></span> <span class='ocrx_word' id='word_1_182' title='bbox 450 1429 526 1469; x_wconf 91' lang='lat' dir='ltr'><strong>ipse</strong></span> <span class='ocrx_word' id='word_1_183' title='bbox 542 1430 579 1460; x_wconf 92' lang='lat' dir='ltr'><strong>et</strong></span> <span class='ocrx_word' id='word_1_184' title='bbox 593 1428 797 1469; x_wconf 87' lang='lat' dir='ltr'><strong>parochiani</strong></span> <span class='ocrx_word' id='word_1_185' title='bbox 813 1428 973 1469; x_wconf 82' lang='lat' dir='ltr'><strong>ejusdem</strong></span> <span class='ocrx_word' id='word_1_186' title='bbox 997 1427 1153 1459; x_wconf 90' lang='lat' dir='ltr'><strong>Ecclesie</strong></span> <span class='ocrx_word' id='word_1_187' title='bbox 1177 1427 1379 1469; x_wconf 84' lang='lat' dir='ltr'><strong>hujusmodi</strong></span> <span class='ocrx_word' id='word_1_188' title='bbox 1403 1428 1531 1459; x_wconf 81' lang='lat' dir='ltr'><strong>Divina</strong></span> <span class='ocrx_word' id='word_1_189' title='bbox 1554 1429 1676 1469; x_wconf 89' lang='lat' dir='ltr'><strong>possit,</strong></span> <span class='ocrx_word' id='word_1_190' title='bbox 1700 1432 1738 1460; x_wconf 90' lang='lat' dir='ltr'><strong>et</strong></span> 
     </span>
     <span class='ocr_line' id='line_1_29' title="bbox 341 1472 1736 1514; baseline 0 -10"><span class='ocrx_word' id='word_1_191' title='bbox 341 1474 488 1513; x_wconf 89' lang='lat' dir='ltr'><strong>possint,</strong></span> <span class='ocrx_word' id='word_1_192' title='bbox 513 1483 577 1514; x_wconf 91' lang='lat' dir='ltr'><strong>per</strong></span> <span class='ocrx_word' id='word_1_193' title='bbox 602 1473 838 1514; x_wconf 85' lang='lat' dir='ltr'><strong>presbiterum</strong></span> <span class='ocrx_word' id='word_1_194' title='bbox 868 1473 1046 1514; x_wconf 84' lang='lat' dir='ltr'><strong>ydoneum</strong></span> <span class='ocrx_word' id='word_1_195' title='bbox 1075 1472 1194 1503; x_wconf 85' lang='lat' dir='ltr'><strong>facere</strong></span> <span class='ocrx_word' id='word_1_196' title='bbox 1225 1472 1417 1511; x_wconf 76' lang='lat' dir='ltr'><strong>celebrari3</strong></span> <span class='ocrx_word' id='word_1_197' title='bbox 1448 1483 1559 1514; x_wconf 87' lang='lat' dir='ltr'><strong>usque</strong></span> <span class='ocrx_word' id='word_1_198' title='bbox 1592 1473 1736 1505; x_wconf 84' lang='lat' dir='ltr'><strong>Festum</strong></span> 
     </span>
     <span class='ocr_line' id='line_1_30' title="bbox 347 1516 1278 1559; baseline -0.001 -10"><span class='ocrx_word' id='word_1_199' title='bbox 347 1517 467 1549; x_wconf 87' lang='lat' dir='ltr'><strong>Sancti</strong></span> <span class='ocrx_word' id='word_1_200' title='bbox 484 1517 666 1549; x_wconf 79' lang='lat' dir='ltr'><strong>Michaelis</strong></span> <span class='ocrx_word' id='word_1_201' title='bbox 681 1517 840 1559; x_wconf 87' lang='lat' dir='ltr'><strong>proximo</strong></span> <span class='ocrx_word' id='word_1_202' title='bbox 856 1517 1019 1548; x_wconf 75' lang='lat' dir='ltr'><strong>futurum</strong></span> <span class='ocrx_word' id='word_1_203' title='bbox 1038 1516 1278 1548; x_wconf 86' lang='lat' dir='ltr'><strong>duraturam.&#39;&#39;</strong></span> 
     </span>
    </p>
   </div>
   <div class='ocr_carea' id='block_1_14' title="bbox 195 1569 1739 1622">
    <p class='ocr_par' dir='ltr' id='par_1_14' title="bbox 195 1569 1739 1622">
     <span class='ocr_line' id='line_1_31' title="bbox 195 1569 1739 1622; baseline 0.001 -12"><span class='ocrx_word' id='word_1_204' title='bbox 195 1569 266 1600; x_wconf 82' lang='lat' dir='ltr'><strong>[Au-</strong></span> <span class='ocrx_word' id='word_1_205' title='bbox 302 1571 677 1618; x_wconf 82' lang='lat' dir='ltr'><strong>Milton-Damare13</strong></span> <span class='ocrx_word' id='word_1_206' title='bbox 713 1571 955 1622; x_wconf 72' lang='lat' dir='ltr'><strong>Seque-strum</strong></span> <span class='ocrx_word' id='word_1_207' title='bbox 982 1572 1252 1620; x_wconf 67' lang='lat' dir='ltr'><strong>intetpositum</strong></span> <span class='ocrx_word' id='word_1_208' title='bbox 1279 1571 1324 1609; x_wconf 81' lang='lat' dir='ltr'><strong>in</strong></span> <span class='ocrx_word' id='word_1_209' title='bbox 1351 1571 1549 1619; x_wconf 72' lang='lat' dir='ltr'><strong>fructibus</strong></span> <span class='ocrx_word' id='word_1_210' title='bbox 1577 1572 1739 1611; x_wconf 77' lang='lat' dir='ltr'><strong>Ecclesie</strong></span> 
     </span>
    </p>
   </div>
   <div class='ocr_carea' id='block_1_15' title="bbox 189 1610 277 1668">
    <p class='ocr_par' dir='ltr' id='par_1_15' title="bbox 189 1610 277 1668">
     <span class='ocr_line' id='line_1_32' title="bbox 189 1610 260 1630; baseline 0.014 -1"><span class='ocrx_word' id='word_1_211' title='bbox 189 1610 260 1630; x_wconf 81' lang='lat' dir='ltr'><strong>cus·</strong></span> 
     </span>
     <span class='ocr_line' id='line_1_33' title="bbox 190 1637 277 1668; baseline 0.011 -5"><span class='ocrx_word' id='word_1_212' title='bbox 190 1637 277 1668; x_wconf 72' lang='lat' dir='ltr'><strong>Tus-1</strong></span> 
     </span>
    </p>
   </div>
   <div class='ocr_carea' id='block_1_16' title="bbox 354 1626 1158 1672">
    <p class='ocr_par' dir='ltr' id='par_1_16' title="bbox 354 1626 1158 1672">
     <span class='ocr_line' id='line_1_34' title="bbox 354 1626 1158 1672; baseline -0.001 -8"><span class='ocrx_word' id='word_1_213' title='bbox 354 1626 605 1665; x_wconf 70' lang='lat' dir='ltr'><strong>Parochialis</strong></span> <span class='ocrx_word' id='word_1_214' title='bbox 622 1627 668 1664; x_wconf 84' lang='lat' dir='ltr'><strong>de</strong></span> <span class='ocrx_word' id='word_1_215' title='bbox 687 1627 737 1664; x_wconf 87' lang='lat' dir='ltr'><em>M</em></span> <span class='ocrx_word' id='word_1_216' title='bbox 737 1627 852 1664; x_wconf 66' lang='lat' dir='ltr'><strong>illone</strong></span> <span class='ocrx_word' id='word_1_217' title='bbox 871 1626 1158 1672; x_wconf 80' lang='lat' dir='ltr'><strong>Daumarle,—</strong></span> 
     </span>
    </p>
   </div>
   <div class='ocr_carea' id='block_1_17' title="bbox 300 1679 1740 1722">
    <p class='ocr_par' dir='ltr' id='par_1_17' title="bbox 300 1679 1740 1722">
     <span class='ocr_line' id='line_1_35' title="bbox 300 1679 1740 1722; baseline 0.001 -9"><span class='ocrx_word' id='word_1_218' title='bbox 300 1681 462 1721; x_wconf 85' lang='lat' dir='ltr'><strong>Thomas,</strong></span> <span class='ocrx_word' id='word_1_219' title='bbox 478 1684 556 1721; x_wconf 87' lang='lat' dir='ltr'><strong>etc.,</strong></span> <span class='ocrx_word' id='word_1_220' title='bbox 573 1682 714 1713; x_wconf 86' lang='lat' dir='ltr'><strong>Decano</strong></span> <span class='ocrx_word' id='word_1_221' title='bbox 738 1681 781 1713; x_wconf 88' lang='lat' dir='ltr'><strong>de</strong></span> <span class='ocrx_word' id='word_1_222' title='bbox 805 1681 1075 1713; x_wconf 85' lang='lat' dir='ltr'><strong>Haldesworthe</strong></span> <span class='ocrx_word' id='word_1_223' title='bbox 1101 1679 1376 1722; x_wconf 52' lang='lat' dir='ltr'><strong>[Holsworthyh</strong></span> <span class='ocrx_word' id='word_1_224' title='bbox 1407 1691 1553 1721; x_wconf 89' lang='lat' dir='ltr'><strong>necnon,</strong></span> <span class='ocrx_word' id='word_1_225' title='bbox 1578 1683 1740 1715; x_wconf 88' lang='lat' dir='ltr'><strong>Dominis</strong></span> 
     </span>
    </p>
   </div>
   <div class='ocr_carea' id='block_1_18' title="bbox 338 1725 1740 3008">
    <p class='ocr_par' dir='ltr' id='par_1_18' title="bbox 338 1725 1740 3008">
     <span class='ocr_line' id='line_1_36' title="bbox 343 1725 1739 1769; baseline 0 -11"><span class='ocrx_word' id='word_1_226' title='bbox 343 1726 508 1765; x_wconf 80' lang='lat' dir='ltr'><strong>Johanni,</strong></span> <span class='ocrx_word' id='word_1_227' title='bbox 524 1726 568 1758; x_wconf 88' lang='lat' dir='ltr'><strong>de</strong></span> <span class='ocrx_word' id='word_1_228' title='bbox 585 1726 782 1767; x_wconf 86' lang='lat' dir='ltr'><strong>waorthe‚</strong></span> <span class='ocrx_word' id='word_1_229' title='bbox 807 1726 954 1766; x_wconf 84' lang='lat' dir='ltr'><strong>Rogero,</strong></span> <span class='ocrx_word' id='word_1_230' title='bbox 971 1725 1014 1757; x_wconf 90' lang='lat' dir='ltr'><strong>de</strong></span> <span class='ocrx_word' id='word_1_231' title='bbox 1031 1725 1258 1763; x_wconf 87' lang='lat' dir='ltr'><strong>Bradeforde,</strong></span> <span class='ocrx_word' id='word_1_232' title='bbox 1275 1725 1418 1764; x_wconf 89' lang='lat' dir='ltr'><strong>Thome,</strong></span> <span class='ocrx_word' id='word_1_233' title='bbox 1435 1726 1478 1757; x_wconf 91' lang='lat' dir='ltr'><strong>de</strong></span> <span class='ocrx_word' id='word_1_234' title='bbox 1495 1726 1739 1769; x_wconf 81' lang='lat' dir='ltr'><strong>Halghewylle</strong></span> 
     </span>
     <span class='ocr_line' id='line_1_37' title="bbox 347 1768 1738 1811; baseline 0.002 -10"><span class='ocrx_word' id='word_1_235' title='bbox 347 1768 542 1811; x_wconf 84' lang='lat' dir='ltr'><strong>[Halwill],</strong></span> <span class='ocrx_word' id='word_1_236' title='bbox 557 1773 594 1802; x_wconf 86' lang='lat' dir='ltr'><strong>et</strong></span> <span class='ocrx_word' id='word_1_237' title='bbox 611 1770 770 1810; x_wconf 81' lang='lat' dir='ltr'><strong>Ricardo,</strong></span> <span class='ocrx_word' id='word_1_238' title='bbox 786 1771 830 1802; x_wconf 91' lang='lat' dir='ltr'><strong>de</strong></span> <span class='ocrx_word' id='word_1_239' title='bbox 845 1770 1157 1811; x_wconf 86' lang='lat' dir='ltr'><strong>Westputteforde‚</strong></span> <span class='ocrx_word' id='word_1_240' title='bbox 1183 1769 1419 1801; x_wconf 87' lang='lat' dir='ltr'><strong>Ecclesiarum</strong></span> <span class='ocrx_word' id='word_1_241' title='bbox 1443 1770 1660 1811; x_wconf 82' lang='lat' dir='ltr'><strong>Rectoribus,</strong></span> <span class='ocrx_word' id='word_1_242' title='bbox 1686 1782 1738 1804; x_wconf 84' lang='lat' dir='ltr'><strong>sa-</strong></span> 
     </span>
     <span class='ocr_line' id='line_1_38' title="bbox 345 1814 1740 1855; baseline 0.001 -9"><span class='ocrx_word' id='word_1_243' title='bbox 345 1815 468 1854; x_wconf 88' lang='lat' dir='ltr'><strong>lutem,</strong></span> <span class='ocrx_word' id='word_1_244' title='bbox 484 1815 686 1847; x_wconf 86' lang='lat' dir='ltr'><strong>etc.—Cum</strong></span> <span class='ocrx_word' id='word_1_245' title='bbox 703 1815 861 1846; x_wconf 91' lang='lat' dir='ltr'><strong>omnium</strong></span> <span class='ocrx_word' id='word_1_246' title='bbox 884 1817 921 1847; x_wconf 89' lang='lat' dir='ltr'><strong>et</strong></span> <span class='ocrx_word' id='word_1_247' title='bbox 944 1814 1162 1855; x_wconf 84' lang='lat' dir='ltr'><strong>singulorum</strong></span> <span class='ocrx_word' id='word_1_248' title='bbox 1187 1814 1454 1853; x_wconf 90' lang='lat' dir='ltr'><strong>Beneficiorum,</strong></span> <span class='ocrx_word' id='word_1_249' title='bbox 1471 1815 1509 1846; x_wconf 92' lang='lat' dir='ltr'><strong>in</strong></span> <span class='ocrx_word' id='word_1_250' title='bbox 1526 1815 1679 1848; x_wconf 82' lang='lat' dir='ltr'><strong>Civitate</strong></span> <span class='ocrx_word' id='word_1_251' title='bbox 1703 1821 1740 1848; x_wconf 90' lang='lat' dir='ltr'><strong>et</strong></span> 
     </span>
     <span class='ocr_line' id='line_1_39' title="bbox 344 1858 1739 1900; baseline 0.001 -9"><span class='ocrx_word' id='word_1_252' title='bbox 344 1859 483 1891; x_wconf 85' lang='lat' dir='ltr'><strong>Diocesi</strong></span> <span class='ocrx_word' id='word_1_253' title='bbox 498 1859 630 1891; x_wconf 89' lang='lat' dir='ltr'><strong>nostris</strong></span> <span class='ocrx_word' id='word_1_254' title='bbox 644 1859 794 1891; x_wconf 85' lang='lat' dir='ltr'><strong>ubilibet</strong></span> <span class='ocrx_word' id='word_1_255' title='bbox 809 1859 1094 1897; x_wconf 89' lang='lat' dir='ltr'><strong>constitutorum,</strong></span> <span class='ocrx_word' id='word_1_256' title='bbox 1112 1858 1330 1898; x_wconf 77' lang='lat' dir='ltr'><strong>vacancium,</strong></span> <span class='ocrx_word' id='word_1_257' title='bbox 1349 1858 1498 1899; x_wconf 78' lang='lat' dir='ltr'><strong>fructus,</strong></span> <span class='ocrx_word' id='word_1_258' title='bbox 1515 1860 1684 1900; x_wconf 84' lang='lat' dir='ltr'><strong>redditus,</strong></span> <span class='ocrx_word' id='word_1_259' title='bbox 1702 1863 1739 1893; x_wconf 86' lang='lat' dir='ltr'><strong>et</strong></span> 
     </span>
     <span class='ocr_line' id='line_1_40' title="bbox 346 1903 1740 1945; baseline 0.001 -10"><span class='ocrx_word' id='word_1_260' title='bbox 346 1906 540 1945; x_wconf 84' lang='lat' dir='ltr'><strong>proventus</strong></span> <span class='ocrx_word' id='word_1_261' title='bbox 555 1904 766 1945; x_wconf 83' lang='lat' dir='ltr'><strong>quicumque</strong></span> <span class='ocrx_word' id='word_1_262' title='bbox 788 1904 1008 1944; x_wconf 87' lang='lat' dir='ltr'><strong>temporibus</strong></span> <span class='ocrx_word' id='word_1_263' title='bbox 1030 1903 1259 1934; x_wconf 82' lang='lat' dir='ltr'><strong>vacacionum</strong></span> <span class='ocrx_word' id='word_1_264' title='bbox 1283 1903 1484 1943; x_wconf 86' lang='lat' dir='ltr'><strong>eorundem,</strong></span> <span class='ocrx_word' id='word_1_265' title='bbox 1509 1905 1674 1945; x_wconf 90' lang='lat' dir='ltr'><strong>quociens</strong></span> <span class='ocrx_word' id='word_1_266' title='bbox 1697 1916 1740 1937; x_wconf 83' lang='lat' dir='ltr'><strong>ea</strong></span> 
     </span>
     <span class='ocr_line' id='line_1_41' title="bbox 346 1947 1738 1990; baseline 0.001 -10"><span class='ocrx_word' id='word_1_267' title='bbox 346 1958 471 1980; x_wconf 82' lang='lat' dir='ltr'><strong>vacare</strong></span> <span class='ocrx_word' id='word_1_268' title='bbox 487 1948 687 1989; x_wconf 86' lang='lat' dir='ltr'><strong>contigerit,</strong></span> <span class='ocrx_word' id='word_1_269' title='bbox 703 1948 942 1987; x_wconf 88' lang='lat' dir='ltr'><strong>obvenientes,</strong></span> <span class='ocrx_word' id='word_1_270' title='bbox 958 1948 1004 1979; x_wconf 89' lang='lat' dir='ltr'><strong>ad</strong></span> <span class='ocrx_word' id='word_1_271' title='bbox 1019 1957 1084 1979; x_wconf 89' lang='lat' dir='ltr'><strong>nos</strong></span> <span class='ocrx_word' id='word_1_272' title='bbox 1105 1947 1148 1978; x_wconf 91' lang='lat' dir='ltr'><strong>de</strong></span> <span class='ocrx_word' id='word_1_273' title='bbox 1172 1947 1435 1979; x_wconf 78' lang='lat' dir='ltr'><strong>consuetudine</strong></span> <span class='ocrx_word' id='word_1_274' title='bbox 1458 1949 1604 1990; x_wconf 82' lang='lat' dir='ltr'><strong>antiqua</strong></span> <span class='ocrx_word' id='word_1_275' title='bbox 1619 1950 1738 1982; x_wconf 83' lang='lat' dir='ltr'><strong>lauda-</strong></span> 
     </span>
     <span class='ocr_line' id='line_1_42' title="bbox 345 1991 1737 2035; baseline 0.001 -11"><span class='ocrx_word' id='word_1_276' title='bbox 345 1992 419 2032; x_wconf 91' lang='lat' dir='ltr'><strong>bili,</strong></span> <span class='ocrx_word' id='word_1_277' title='bbox 431 1993 562 2024; x_wconf 88' lang='lat' dir='ltr'><strong>abolim</strong></span> <span class='ocrx_word' id='word_1_278' title='bbox 573 1993 707 2024; x_wconf 84' lang='lat' dir='ltr'><strong>usitata</strong></span> <span class='ocrx_word' id='word_1_279' title='bbox 718 1994 755 2024; x_wconf 89' lang='lat' dir='ltr'><strong>et</strong></span> <span class='ocrx_word' id='word_1_280' title='bbox 770 1993 929 2033; x_wconf 85' lang='lat' dir='ltr'><strong>legitime</strong></span> <span class='ocrx_word' id='word_1_281' title='bbox 941 1992 1147 2032; x_wconf 89' lang='lat' dir='ltr'><strong>prescripta,</strong></span> <span class='ocrx_word' id='word_1_282' title='bbox 1160 1991 1390 2023; x_wconf 85' lang='lat' dir='ltr'><strong>dinoscantur</strong></span> <span class='ocrx_word' id='word_1_283' title='bbox 1401 1993 1538 2024; x_wconf 89' lang='lat' dir='ltr'><strong>notorie</strong></span> <span class='ocrx_word' id='word_1_284' title='bbox 1549 1994 1737 2035; x_wconf 85' lang='lat' dir='ltr'><strong>pertinere,</strong></span> 
     </span>
     <span class='ocr_line' id='line_1_43' title="bbox 346 2036 1739 2080; baseline 0.002 -12"><span class='ocrx_word' id='word_1_285' title='bbox 346 2037 571 2079; x_wconf 81' lang='lat' dir='ltr'><strong>Ecclesiaque</strong></span> <span class='ocrx_word' id='word_1_286' title='bbox 595 2037 810 2069; x_wconf 80' lang='lat' dir='ltr'><strong>Parochialis</strong></span> <span class='ocrx_word' id='word_1_287' title='bbox 832 2037 875 2068; x_wconf 88' lang='lat' dir='ltr'><strong>de</strong></span> <span class='ocrx_word' id='word_1_288' title='bbox 899 2037 1047 2068; x_wconf 85' lang='lat' dir='ltr'><strong>Miltone</strong></span> <span class='ocrx_word' id='word_1_289' title='bbox 1070 2036 1260 2068; x_wconf 86' lang='lat' dir='ltr'><strong>Daumarle</strong></span> <span class='ocrx_word' id='word_1_290' title='bbox 1286 2046 1350 2077; x_wconf 87' lang='lat' dir='ltr'><strong>per</strong></span> <span class='ocrx_word' id='word_1_291' title='bbox 1378 2037 1548 2068; x_wconf 84' lang='lat' dir='ltr'><strong>nonnulla</strong></span> <span class='ocrx_word' id='word_1_292' title='bbox 1577 2040 1739 2080; x_wconf 88' lang='lat' dir='ltr'><strong>tempora</strong></span> 
     </span>
     <span class='ocr_line' id='line_1_44' title="bbox 343 2080 1736 2123; baseline 0.001 -10"><span class='ocrx_word' id='word_1_293' title='bbox 343 2083 514 2121; x_wconf 81' lang='lat' dir='ltr'><strong>vacasset,</strong></span> <span class='ocrx_word' id='word_1_294' title='bbox 541 2091 583 2113; x_wconf 86' lang='lat' dir='ltr'><strong>ac</strong></span> <span class='ocrx_word' id='word_1_295' title='bbox 606 2084 710 2113; x_wconf 83' lang='lat' dir='ltr'><strong>vacet</strong></span> <span class='ocrx_word' id='word_1_296' title='bbox 735 2082 782 2112; x_wconf 86' lang='lat' dir='ltr'><strong>ad</strong></span> <span class='ocrx_word' id='word_1_297' title='bbox 803 2090 959 2122; x_wconf 89' lang='lat' dir='ltr'><strong>presens,</strong></span> <span class='ocrx_word' id='word_1_298' title='bbox 983 2081 1085 2123; x_wconf 82' lang='lat' dir='ltr'><strong>cujus</strong></span> <span class='ocrx_word' id='word_1_299' title='bbox 1107 2080 1256 2120; x_wconf 81' lang='lat' dir='ltr'><strong>fruetus,</strong></span> <span class='ocrx_word' id='word_1_300' title='bbox 1280 2081 1450 2120; x_wconf 83' lang='lat' dir='ltr'><strong>redditus,</strong></span> <span class='ocrx_word' id='word_1_301' title='bbox 1474 2084 1512 2113; x_wconf 87' lang='lat' dir='ltr'><strong>et</strong></span> <span class='ocrx_word' id='word_1_302' title='bbox 1534 2086 1736 2123; x_wconf 86' lang='lat' dir='ltr'><strong>proventus,</strong></span> 
     </span>
     <span class='ocr_line' id='line_1_45' title="bbox 345 2125 1736 2167; baseline 0.001 -9"><span class='ocrx_word' id='word_1_303' title='bbox 345 2136 468 2158; x_wconf 90' lang='lat' dir='ltr'><strong>omnes</strong></span> <span class='ocrx_word' id='word_1_304' title='bbox 483 2128 520 2158; x_wconf 82' lang='lat' dir='ltr'><strong>et</strong></span> <span class='ocrx_word' id='word_1_305' title='bbox 536 2126 676 2167; x_wconf 76' lang='lat' dir='ltr'><strong>singuli,</strong></span> <span class='ocrx_word' id='word_1_306' title='bbox 692 2126 890 2158; x_wconf 87' lang='lat' dir='ltr'><strong>vacacionis</strong></span> <span class='ocrx_word' id='word_1_307' title='bbox 906 2128 1066 2166; x_wconf 87' lang='lat' dir='ltr'><strong>tempore</strong></span> <span class='ocrx_word' id='word_1_308' title='bbox 1089 2125 1248 2167; x_wconf 82' lang='lat' dir='ltr'><strong>ejusdem</strong></span> <span class='ocrx_word' id='word_1_309' title='bbox 1271 2125 1571 2167; x_wconf 84' lang='lat' dir='ltr'><strong>qualitercumque</strong></span> <span class='ocrx_word' id='word_1_310' title='bbox 1595 2128 1736 2159; x_wconf 87' lang='lat' dir='ltr'><strong>obveni-</strong></span> 
     </span>
     <span class='ocr_line' id='line_1_46' title="bbox 344 2170 1735 2212; baseline 0.001 -10"><span class='ocrx_word' id='word_1_311' title='bbox 344 2172 446 2202; x_wconf 85' lang='lat' dir='ltr'><strong>entes</strong></span> <span class='ocrx_word' id='word_1_312' title='bbox 461 2172 498 2202; x_wconf 87' lang='lat' dir='ltr'><strong>et</strong></span> <span class='ocrx_word' id='word_1_313' title='bbox 513 2170 711 2210; x_wconf 65' lang='lat' dir='ltr'><strong>obventus-i,</strong></span> <span class='ocrx_word' id='word_1_314' title='bbox 727 2171 773 2202; x_wconf 80' lang='lat' dir='ltr'><strong>ad</strong></span> <span class='ocrx_word' id='word_1_315' title='bbox 787 2180 852 2202; x_wconf 87' lang='lat' dir='ltr'><strong>nos</strong></span> <span class='ocrx_word' id='word_1_316' title='bbox 874 2170 1065 2210; x_wconf 85' lang='lat' dir='ltr'><strong>pertinent,</strong></span> <span class='ocrx_word' id='word_1_317' title='bbox 1082 2172 1123 2201; x_wconf 92' lang='lat' dir='ltr'><strong>ut</strong></span> <span class='ocrx_word' id='word_1_318' title='bbox 1137 2170 1336 2210; x_wconf 80' lang='lat' dir='ltr'><strong>prefertur3</strong></span> <span class='ocrx_word' id='word_1_319' title='bbox 1358 2180 1432 2210; x_wconf 90' lang='lat' dir='ltr'><strong>nos,</strong></span> <span class='ocrx_word' id='word_1_320' title='bbox 1449 2171 1568 2211; x_wconf 85' lang='lat' dir='ltr'><strong>igitur,</strong></span> <span class='ocrx_word' id='word_1_321' title='bbox 1585 2171 1735 2212; x_wconf 86' lang='lat' dir='ltr'><strong>fructus,</strong></span> 
     </span>
     <span class='ocr_line' id='line_1_47' title="bbox 345 2214 1735 2258; baseline 0.002 -12"><span class='ocrx_word' id='word_1_322' title='bbox 345 2217 424 2254; x_wconf 85' lang='lat' dir='ltr'><strong>etc.,</strong></span> <span class='ocrx_word' id='word_1_323' title='bbox 440 2225 562 2247; x_wconf 88' lang='lat' dir='ltr'><strong>omnes</strong></span> <span class='ocrx_word' id='word_1_324' title='bbox 577 2217 615 2247; x_wconf 90' lang='lat' dir='ltr'><strong>et</strong></span> <span class='ocrx_word' id='word_1_325' title='bbox 630 2215 796 2256; x_wconf 81' lang='lat' dir='ltr'><strong>singulos,</strong></span> <span class='ocrx_word' id='word_1_326' title='bbox 814 2214 970 2247; x_wconf 83' lang='lat' dir='ltr'><strong>Ecclesie</strong></span> <span class='ocrx_word' id='word_1_327' title='bbox 984 2214 1152 2255; x_wconf 88' lang='lat' dir='ltr'><strong>predicte,</strong></span> <span class='ocrx_word' id='word_1_328' title='bbox 1166 2224 1247 2246; x_wconf 84' lang='lat' dir='ltr'><strong>cum</strong></span> <span class='ocrx_word' id='word_1_329' title='bbox 1262 2216 1422 2254; x_wconf 91' lang='lat' dir='ltr'><strong>tempore</strong></span> <span class='ocrx_word' id='word_1_330' title='bbox 1434 2215 1631 2248; x_wconf 80' lang='lat' dir='ltr'><strong>vacacionis</strong></span> <span class='ocrx_word' id='word_1_331' title='bbox 1643 2217 1735 2258; x_wconf 84' lang='lat' dir='ltr'><strong>ejus-</strong></span> 
     </span>
     <span class='ocr_line' id='line_1_48' title="bbox 349 2258 1736 2301; baseline 0.001 -11"><span class='ocrx_word' id='word_1_332' title='bbox 349 2259 430 2290; x_wconf 84' lang='lat' dir='ltr'><strong>dem</strong></span> <span class='ocrx_word' id='word_1_333' title='bbox 446 2259 602 2291; x_wconf 89' lang='lat' dir='ltr'><strong>Ecclesie</strong></span> <span class='ocrx_word' id='word_1_334' title='bbox 617 2259 918 2300; x_wconf 78' lang='lat' dir='ltr'><strong>qualitercumque</strong></span> <span class='ocrx_word' id='word_1_335' title='bbox 933 2258 1182 2299; x_wconf 81' lang='lat' dir='ltr'><strong>provenientes</strong></span> <span class='ocrx_word' id='word_1_336' title='bbox 1197 2268 1239 2290; x_wconf 82' lang='lat' dir='ltr'><strong>ac</strong></span> <span class='ocrx_word' id='word_1_337' title='bbox 1253 2261 1496 2299; x_wconf 87' lang='lat' dir='ltr'><strong>proventuros,</strong></span> <span class='ocrx_word' id='word_1_338' title='bbox 1514 2262 1550 2291; x_wconf 89' lang='lat' dir='ltr'><strong>et</strong></span> <span class='ocrx_word' id='word_1_339' title='bbox 1565 2260 1611 2291; x_wconf 88' lang='lat' dir='ltr'><strong>ad</strong></span> <span class='ocrx_word' id='word_1_340' title='bbox 1622 2261 1736 2301; x_wconf 86' lang='lat' dir='ltr'><strong>ipsam</strong></span> 
     </span>
     <span class='ocr_line' id='line_1_49' title="bbox 346 2302 1735 2344; baseline 0.002 -10"><span class='ocrx_word' id='word_1_341' title='bbox 346 2302 539 2335; x_wconf 79' lang='lat' dir='ltr'><strong>Ecclesiam</strong></span> <span class='ocrx_word' id='word_1_342' title='bbox 553 2303 783 2344; x_wconf 87' lang='lat' dir='ltr'><strong>pertinentes,</strong></span> <span class='ocrx_word' id='word_1_343' title='bbox 799 2303 911 2335; x_wconf 89' lang='lat' dir='ltr'><strong>eciam</strong></span> <span class='ocrx_word' id='word_1_344' title='bbox 935 2303 965 2334; x_wconf 90' lang='lat' dir='ltr'><strong>si</strong></span> <span class='ocrx_word' id='word_1_345' title='bbox 987 2303 1025 2334; x_wconf 93' lang='lat' dir='ltr'><strong>in</strong></span> <span class='ocrx_word' id='word_1_346' title='bbox 1047 2302 1250 2334; x_wconf 86' lang='lat' dir='ltr'><strong>nominibus</strong></span> <span class='ocrx_word' id='word_1_347' title='bbox 1271 2304 1334 2334; x_wconf 86' lang='lat' dir='ltr'><strong>aut</strong></span> <span class='ocrx_word' id='word_1_348' title='bbox 1356 2303 1519 2335; x_wconf 85' lang='lat' dir='ltr'><strong>manibus</strong></span> <span class='ocrx_word' id='word_1_349' title='bbox 1535 2304 1735 2337; x_wconf 88' lang='lat' dir='ltr'><strong>debitorum</strong></span> 
     </span>
     <span class='ocr_line' id='line_1_50' title="bbox 344 2347 1734 2390; baseline 0.003 -12"><span class='ocrx_word' id='word_1_350' title='bbox 344 2347 509 2387; x_wconf 82' lang='lat' dir='ltr'><strong>existant,</strong></span> <span class='ocrx_word' id='word_1_351' title='bbox 524 2349 670 2388; x_wconf 86' lang='lat' dir='ltr'><strong>propter</strong></span> <span class='ocrx_word' id='word_1_352' title='bbox 680 2347 844 2379; x_wconf 86' lang='lat' dir='ltr'><strong>timorem</strong></span> <span class='ocrx_word' id='word_1_353' title='bbox 853 2347 1120 2387; x_wconf 86' lang='lat' dir='ltr'><strong>dilapidacionis</strong></span> <span class='ocrx_word' id='word_1_354' title='bbox 1131 2348 1168 2378; x_wconf 86' lang='lat' dir='ltr'><strong>et</strong></span> <span class='ocrx_word' id='word_1_355' title='bbox 1183 2347 1465 2387; x_wconf 82' lang='lat' dir='ltr'><strong>consumpciom&#39;s</strong></span> <span class='ocrx_word' id='word_1_356' title='bbox 1477 2349 1679 2390; x_wconf 90' lang='lat' dir='ltr'><strong>eorundem,</strong></span> <span class='ocrx_word' id='word_1_357' title='bbox 1692 2360 1734 2382; x_wconf 90' lang='lat' dir='ltr'><strong>ac</strong></span> 
     </span>
     <span class='ocr_line' id='line_1_51' title="bbox 344 2390 1734 2432; baseline 0.003 -10"><span class='ocrx_word' id='word_1_358' title='bbox 344 2401 387 2422; x_wconf 86' lang='lat' dir='ltr'><strong>ex</strong></span> <span class='ocrx_word' id='word_1_359' title='bbox 402 2391 482 2423; x_wconf 89' lang='lat' dir='ltr'><strong>aliis</strong></span> <span class='ocrx_word' id='word_1_360' title='bbox 497 2391 604 2423; x_wconf 78' lang='lat' dir='ltr'><strong>cert-is</strong></span> <span class='ocrx_word' id='word_1_361' title='bbox 626 2391 741 2423; x_wconf 85' lang='lat' dir='ltr'><strong>causis</strong></span> <span class='ocrx_word' id='word_1_362' title='bbox 757 2394 793 2423; x_wconf 90' lang='lat' dir='ltr'><strong>et</strong></span> <span class='ocrx_word' id='word_1_363' title='bbox 808 2391 978 2432; x_wconf 88' lang='lat' dir='ltr'><strong>legitimis</strong></span> <span class='ocrx_word' id='word_1_364' title='bbox 993 2400 1057 2422; x_wconf 90' lang='lat' dir='ltr'><strong>nos</strong></span> <span class='ocrx_word' id='word_1_365' title='bbox 1069 2391 1106 2422; x_wconf 93' lang='lat' dir='ltr'><strong>in</strong></span> <span class='ocrx_word' id='word_1_366' title='bbox 1121 2390 1188 2422; x_wconf 84' lang='lat' dir='ltr'><strong>hac</strong></span> <span class='ocrx_word' id='word_1_367' title='bbox 1203 2394 1304 2431; x_wconf 87' lang='lat' dir='ltr'><strong>parte</strong></span> <span class='ocrx_word' id='word_1_368' title='bbox 1319 2392 1553 2432; x_wconf 85' lang='lat' dir='ltr'><strong>moventibus,</strong></span> <span class='ocrx_word' id='word_1_369' title='bbox 1570 2393 1734 2426; x_wconf 84' lang='lat' dir='ltr'><strong>duximus</strong></span> 
     </span>
     <span class='ocr_line' id='line_1_52' title="bbox 344 2435 1732 2478; baseline 0.002 -11"><span class='ocrx_word' id='word_1_370' title='bbox 344 2435 624 2476; x_wconf 75' lang='lat' dir='ltr'><strong>sequestrandos,</strong></span> <span class='ocrx_word' id='word_1_371' title='bbox 640 2437 746 2476; x_wconf 83' lang='lat' dir='ltr'><strong>prout</strong></span> <span class='ocrx_word' id='word_1_372' title='bbox 760 2437 884 2467; x_wconf 88' lang='lat' dir='ltr'><strong>tenore</strong></span> <span class='ocrx_word' id='word_1_373' title='bbox 899 2435 1126 2467; x_wconf 86' lang='lat' dir='ltr'><strong>Presencium</strong></span> <span class='ocrx_word' id='word_1_374' title='bbox 1142 2438 1422 2476; x_wconf 83' lang='lat' dir='ltr'><strong>sequestramus;</strong></span> <span class='ocrx_word' id='word_1_375' title='bbox 1446 2437 1608 2477; x_wconf 89' lang='lat' dir='ltr'><strong>quocirca</strong></span> <span class='ocrx_word' id='word_1_376' title='bbox 1623 2438 1732 2478; x_wconf 87' lang='lat' dir='ltr'><strong>vobis,</strong></span> 
     </span>
     <span class='ocr_line' id='line_1_53' title="bbox 344 2479 1731 2522; baseline 0.002 -11"><span class='ocrx_word' id='word_1_377' title='bbox 344 2479 580 2511; x_wconf 87' lang='lat' dir='ltr'><strong>communiter</strong></span> <span class='ocrx_word' id='word_1_378' title='bbox 595 2482 631 2511; x_wconf 86' lang='lat' dir='ltr'><strong>et</strong></span> <span class='ocrx_word' id='word_1_379' title='bbox 647 2479 798 2519; x_wconf 83' lang='lat' dir='ltr'><strong>divisim,</strong></span> <span class='ocrx_word' id='word_1_380' title='bbox 814 2482 893 2519; x_wconf 88' lang='lat' dir='ltr'><strong>etc.,</strong></span> <span class='ocrx_word' id='word_1_381' title='bbox 909 2479 1165 2511; x_wconf 85' lang='lat' dir='ltr'><strong>committimus</strong></span> <span class='ocrx_word' id='word_1_382' title='bbox 1188 2482 1224 2511; x_wconf 89' lang='lat' dir='ltr'><strong>et</strong></span> <span class='ocrx_word' id='word_1_383' title='bbox 1247 2480 1457 2512; x_wconf 78' lang='lat' dir='ltr'><strong>mandamus</strong></span> <span class='ocrx_word' id='word_1_384' title='bbox 1479 2482 1646 2522; x_wconf 84' lang='lat' dir='ltr'><strong>quatinus</strong></span> <span class='ocrx_word' id='word_1_385' title='bbox 1668 2482 1731 2514; x_wconf 89' lang='lat' dir='ltr'><strong>hu-</strong></span> 
     </span>
     <span class='ocr_line' id='line_1_54' title="bbox 342 2523 1732 2567; baseline 0.003 -12"><span class='ocrx_word' id='word_1_386' title='bbox 342 2523 496 2565; x_wconf 83' lang='lat' dir='ltr'><strong>jusmodi</strong></span> <span class='ocrx_word' id='word_1_387' title='bbox 513 2523 741 2564; x_wconf 85' lang='lat' dir='ltr'><strong>Sequestrum</strong></span> <span class='ocrx_word' id='word_1_388' title='bbox 755 2526 927 2563; x_wconf 86' lang='lat' dir='ltr'><strong>nostrum,</strong></span> <span class='ocrx_word' id='word_1_389' title='bbox 944 2524 1068 2555; x_wconf 90' lang='lat' dir='ltr'><strong>diebus</strong></span> <span class='ocrx_word' id='word_1_390' title='bbox 1083 2526 1120 2555; x_wconf 90' lang='lat' dir='ltr'><strong>et</strong></span> <span class='ocrx_word' id='word_1_391' title='bbox 1135 2524 1221 2555; x_wconf 88' lang='lat' dir='ltr'><strong>locis</strong></span> <span class='ocrx_word' id='word_1_392' title='bbox 1236 2524 1281 2555; x_wconf 87' lang='lat' dir='ltr'><strong>ad</strong></span> <span class='ocrx_word' id='word_1_393' title='bbox 1297 2524 1363 2556; x_wconf 91' lang='lat' dir='ltr'><strong>hoc</strong></span> <span class='ocrx_word' id='word_1_394' title='bbox 1378 2525 1492 2566; x_wconf 86' lang='lat' dir='ltr'><strong>magis</strong></span> <span class='ocrx_word' id='word_1_395' title='bbox 1507 2527 1672 2567; x_wconf 85' lang='lat' dir='ltr'><strong>congruis</strong></span> <span class='ocrx_word' id='word_1_396' title='bbox 1695 2530 1732 2559; x_wconf 90' lang='lat' dir='ltr'><strong>et</strong></span> 
     </span>
     <span class='ocr_line' id='line_1_55' title="bbox 343 2568 1729 2611; baseline 0.003 -12"><span class='ocrx_word' id='word_1_397' title='bbox 343 2568 536 2609; x_wconf 85' lang='lat' dir='ltr'><strong>oportunis,</strong></span> <span class='ocrx_word' id='word_1_398' title='bbox 553 2569 590 2599; x_wconf 83' lang='lat' dir='ltr'><strong>et</strong></span> <span class='ocrx_word' id='word_1_399' title='bbox 604 2568 793 2608; x_wconf 87' lang='lat' dir='ltr'><strong>presertim</strong></span> <span class='ocrx_word' id='word_1_400' title='bbox 808 2569 846 2599; x_wconf 89' lang='lat' dir='ltr'><strong>in</strong></span> <span class='ocrx_word' id='word_1_401' title='bbox 863 2568 1020 2600; x_wconf 82' lang='lat' dir='ltr'><strong>Ecclesia</strong></span> <span class='ocrx_word' id='word_1_402' title='bbox 1035 2568 1079 2599; x_wconf 91' lang='lat' dir='ltr'><strong>de</strong></span> <span class='ocrx_word' id='word_1_403' title='bbox 1096 2568 1242 2600; x_wconf 88' lang='lat' dir='ltr'><strong>Miltone</strong></span> <span class='ocrx_word' id='word_1_404' title='bbox 1265 2569 1454 2600; x_wconf 84' lang='lat' dir='ltr'><strong>Daumarle</strong></span> <span class='ocrx_word' id='word_1_405' title='bbox 1469 2571 1659 2611; x_wconf 89' lang='lat' dir='ltr'><strong>antedicta,</strong></span> <span class='ocrx_word' id='word_1_406' title='bbox 1676 2581 1729 2603; x_wconf 89' lang='lat' dir='ltr'><strong>so·</strong></span> 
     </span>
     <span class='ocr_line' id='line_1_56' title="bbox 342 2612 1728 2654; baseline 0.003 -11"><span class='ocrx_word' id='word_1_407' title='bbox 342 2612 532 2653; x_wconf 83' lang='lat' dir='ltr'><strong>lempm&#39;ter</strong></span> <span class='ocrx_word' id='word_1_408' title='bbox 546 2612 742 2653; x_wconf 87' lang='lat' dir='ltr'><strong>publicetis,</strong></span> <span class='ocrx_word' id='word_1_409' title='bbox 766 2612 969 2654; x_wconf 82' lang='lat' dir='ltr'><strong>hujusmodi</strong></span> <span class='ocrx_word' id='word_1_410' title='bbox 991 2612 1140 2652; x_wconf 77' lang='lat' dir='ltr'><strong>fructus,</strong></span> <span class='ocrx_word' id='word_1_411' title='bbox 1164 2615 1242 2652; x_wconf 89' lang='lat' dir='ltr'><strong>etc.,</strong></span> <span class='ocrx_word' id='word_1_412' title='bbox 1266 2613 1332 2644; x_wconf 85' lang='lat' dir='ltr'><strong>sub</strong></span> <span class='ocrx_word' id='word_1_413' title='bbox 1355 2616 1433 2644; x_wconf 83' lang='lat' dir='ltr'><strong>arto</strong></span> <span class='ocrx_word' id='word_1_414' title='bbox 1449 2616 1486 2645; x_wconf 89' lang='lat' dir='ltr'><strong>et</strong></span> <span class='ocrx_word' id='word_1_415' title='bbox 1501 2614 1598 2646; x_wconf 83' lang='lat' dir='ltr'><strong>salvo</strong></span> <span class='ocrx_word' id='word_1_416' title='bbox 1613 2619 1728 2648; x_wconf 87' lang='lat' dir='ltr'><strong>custo-</strong></span> 
     </span>
     <span class='ocr_line' id='line_1_57' title="bbox 342 2656 1730 2698; baseline 0.004 -11"><span class='ocrx_word' id='word_1_417' title='bbox 342 2656 480 2688; x_wconf 85' lang='lat' dir='ltr'><strong>dientes</strong></span> <span class='ocrx_word' id='word_1_418' title='bbox 497 2656 694 2698; x_wconf 84' lang='lat' dir='ltr'><strong>Sequestro,</strong></span> <span class='ocrx_word' id='word_1_419' title='bbox 710 2657 816 2689; x_wconf 87' lang='lat' dir='ltr'><strong>sicuti</strong></span> <span class='ocrx_word' id='word_1_420' title='bbox 831 2657 874 2688; x_wconf 91' lang='lat' dir='ltr'><strong>de</strong></span> <span class='ocrx_word' id='word_1_421' title='bbox 889 2657 1023 2688; x_wconf 89' lang='lat' dir='ltr'><strong>eisdem</strong></span> <span class='ocrx_word' id='word_1_422' title='bbox 1038 2657 1149 2696; x_wconf 91' lang='lat' dir='ltr'><strong>nobis,</strong></span> <span class='ocrx_word' id='word_1_423' title='bbox 1166 2659 1228 2688; x_wconf 88' lang='lat' dir='ltr'><strong>aut</strong></span> <span class='ocrx_word' id='word_1_424' title='bbox 1245 2657 1391 2688; x_wconf 87' lang='lat' dir='ltr'><strong>officiali</strong></span> <span class='ocrx_word' id='word_1_425' title='bbox 1403 2661 1523 2690; x_wconf 89' lang='lat' dir='ltr'><strong>nostre</strong></span> <span class='ocrx_word' id='word_1_426' title='bbox 1539 2659 1730 2692; x_wconf 87' lang='lat' dir='ltr'><strong>Peculiaris</strong></span> 
     </span>
     <span class='ocr_line' id='line_1_58' title="bbox 340 2701 1727 2745; baseline 0.003 -13"><span class='ocrx_word' id='word_1_427' title='bbox 340 2701 363 2732; x_wconf 86' lang='lat' dir='ltr'>J</span> <span class='ocrx_word' id='word_1_428' title='bbox 364 2701 606 2733; x_wconf 86' lang='lat' dir='ltr'><strong>urisdiccionis</strong></span> <span class='ocrx_word' id='word_1_429' title='bbox 620 2701 658 2732; x_wconf 89' lang='lat' dir='ltr'><strong>in</strong></span> <span class='ocrx_word' id='word_1_430' title='bbox 673 2701 840 2740; x_wconf 87' lang='lat' dir='ltr'><strong>Devonia,</strong></span> <span class='ocrx_word' id='word_1_431' title='bbox 856 2701 894 2732; x_wconf 93' lang='lat' dir='ltr'><strong>in</strong></span> <span class='ocrx_word' id='word_1_432' title='bbox 909 2703 1076 2732; x_wconf 85' lang='lat' dir='ltr'><strong>eventum</strong></span> <span class='ocrx_word' id='word_1_433' title='bbox 1091 2703 1210 2732; x_wconf 86' lang='lat' dir='ltr'><strong>vestro</strong></span> <span class='ocrx_word' id='word_1_434' title='bbox 1222 2702 1404 2733; x_wconf 89' lang='lat' dir='ltr'><strong>volueritis</strong></span> <span class='ocrx_word' id='word_1_435' title='bbox 1414 2703 1570 2742; x_wconf 85' lang='lat' dir='ltr'><strong>periculo</strong></span> <span class='ocrx_word' id='word_1_436' title='bbox 1585 2714 1727 2745; x_wconf 90' lang='lat' dir='ltr'><strong>respon-</strong></span> 
     </span>
     <span class='ocr_line' id='line_1_59' title="bbox 342 2745 1725 2788; baseline 0.003 -12"><span class='ocrx_word' id='word_1_437' title='bbox 342 2745 436 2777; x_wconf 88' lang='lat' dir='ltr'><strong>dere.</strong></span> <span class='ocrx_word' id='word_1_438' title='bbox 482 2745 700 2786; x_wconf 87' lang='lat' dir='ltr'><strong>Inhibentes,</strong></span> <span class='ocrx_word' id='word_1_439' title='bbox 715 2746 869 2786; x_wconf 89' lang='lat' dir='ltr'><strong>insuper,</strong></span> <span class='ocrx_word' id='word_1_440' title='bbox 885 2745 1002 2786; x_wconf 86' lang='lat' dir='ltr'><strong>palam</strong></span> <span class='ocrx_word' id='word_1_441' title='bbox 1025 2747 1062 2776; x_wconf 88' lang='lat' dir='ltr'><strong>et</strong></span> <span class='ocrx_word' id='word_1_442' title='bbox 1085 2755 1258 2786; x_wconf 85' lang='lat' dir='ltr'><strong>expresse,</strong></span> <span class='ocrx_word' id='word_1_443' title='bbox 1275 2746 1340 2777; x_wconf 87' lang='lat' dir='ltr'><strong>sub</strong></span> <span class='ocrx_word' id='word_1_444' title='bbox 1357 2746 1502 2788; x_wconf 86' lang='lat' dir='ltr'><strong>Majoris</strong></span> <span class='ocrx_word' id='word_1_445' title='bbox 1518 2748 1725 2780; x_wconf 85' lang='lat' dir='ltr'><strong>Excommu-</strong></span> 
     </span>
     <span class='ocr_line' id='line_1_60' title="bbox 342 2789 1727 2830; baseline 0.002 -9"><span class='ocrx_word' id='word_1_446' title='bbox 342 2789 533 2821; x_wconf 71' lang='lat' dir='ltr'><strong>nioecionis</strong></span> <span class='ocrx_word' id='word_1_447' title='bbox 554 2799 656 2830; x_wconf 84' lang='lat' dir='ltr'><strong>pena,</strong></span> <span class='ocrx_word' id='word_1_448' title='bbox 679 2799 702 2821; x_wconf 84' lang='lat' dir='ltr'><strong>a</strong></span> <span class='ocrx_word' id='word_1_449' title='bbox 722 2789 901 2821; x_wconf 89' lang='lat' dir='ltr'><strong>nonnullis</strong></span> <span class='ocrx_word' id='word_1_450' title='bbox 925 2789 1135 2821; x_wconf 85' lang='lat' dir='ltr'><strong>Sanctorum</strong></span> <span class='ocrx_word' id='word_1_451' title='bbox 1158 2789 1305 2820; x_wconf 89' lang='lat' dir='ltr'><strong>Patrum</strong></span> <span class='ocrx_word' id='word_1_452' title='bbox 1337 2790 1660 2824; x_wconf 83' lang='lat' dir='ltr'><strong>Constituciom‘bus</strong></span> <span class='ocrx_word' id='word_1_453' title='bbox 1689 2794 1727 2824; x_wconf 91' lang='lat' dir='ltr'><strong>in</strong></span> 
     </span>
     <span class='ocr_line' id='line_1_61' title="bbox 342 2833 1725 2878; baseline 0.003 -13"><span class='ocrx_word' id='word_1_454' title='bbox 342 2834 648 2866; x_wconf 84' lang='lat' dir='ltr'><strong>contravenientes</strong></span> <span class='ocrx_word' id='word_1_455' title='bbox 670 2833 708 2865; x_wconf 89' lang='lat' dir='ltr'><strong>in</strong></span> <span class='ocrx_word' id='word_1_456' title='bbox 730 2833 797 2865; x_wconf 82' lang='lat' dir='ltr'><strong>hac</strong></span> <span class='ocrx_word' id='word_1_457' title='bbox 819 2835 920 2874; x_wconf 82' lang='lat' dir='ltr'><strong>parte</strong></span> <span class='ocrx_word' id='word_1_458' title='bbox 942 2833 1087 2874; x_wconf 88' lang='lat' dir='ltr'><strong>provide</strong></span> <span class='ocrx_word' id='word_1_459' title='bbox 1109 2833 1191 2873; x_wconf 87' lang='lat' dir='ltr'><strong>late,</strong></span> <span class='ocrx_word' id='word_1_460' title='bbox 1207 2843 1252 2865; x_wconf 89' lang='lat' dir='ltr'><strong>ne</strong></span> <span class='ocrx_word' id='word_1_461' title='bbox 1268 2834 1346 2874; x_wconf 90' lang='lat' dir='ltr'><strong>quis</strong></span> <span class='ocrx_word' id='word_1_462' title='bbox 1362 2834 1563 2876; x_wconf 88' lang='lat' dir='ltr'><strong>hujusmodi</strong></span> <span class='ocrx_word' id='word_1_463' title='bbox 1581 2836 1725 2878; x_wconf 89' lang='lat' dir='ltr'><strong>Seques-</strong></span> 
     </span>
     <span class='ocr_line' id='line_1_62' title="bbox 340 2877 1726 2921; baseline 0.003 -12"><span class='ocrx_word' id='word_1_464' title='bbox 340 2879 438 2909; x_wconf 89' lang='lat' dir='ltr'><strong>trum</strong></span> <span class='ocrx_word' id='word_1_465' title='bbox 451 2879 614 2910; x_wconf 86' lang='lat' dir='ltr'><strong>nostrum</strong></span> <span class='ocrx_word' id='word_1_466' title='bbox 627 2879 810 2919; x_wconf 87' lang='lat' dir='ltr'><strong>presumat</strong></span> <span class='ocrx_word' id='word_1_467' title='bbox 825 2887 962 2919; x_wconf 91' lang='lat' dir='ltr'><strong>quoquo</strong></span> <span class='ocrx_word' id='word_1_468' title='bbox 978 2877 1082 2909; x_wconf 87' lang='lat' dir='ltr'><strong>modo</strong></span> <span class='ocrx_word' id='word_1_469' title='bbox 1098 2879 1231 2909; x_wconf 83' lang='lat' dir='ltr'><strong>temere</strong></span> <span class='ocrx_word' id='word_1_470' title='bbox 1254 2878 1396 2911; x_wconf 84' lang='lat' dir='ltr'><strong>violare.</strong></span> <span class='ocrx_word' id='word_1_471' title='bbox 1442 2879 1498 2919; x_wconf 87' lang='lat' dir='ltr'><strong>Et,</strong></span> <span class='ocrx_word' id='word_1_472' title='bbox 1515 2880 1546 2912; x_wconf 87' lang='lat' dir='ltr'><strong>si</strong></span> <span class='ocrx_word' id='word_1_473' title='bbox 1561 2891 1647 2921; x_wconf 90' lang='lat' dir='ltr'><strong>quos</strong></span> <span class='ocrx_word' id='word_1_474' title='bbox 1663 2881 1726 2913; x_wconf 87' lang='lat' dir='ltr'><strong>hu-</strong></span> 
     </span>
     <span class='ocr_line' id='line_1_63' title="bbox 338 2921 1725 2963; baseline 0.003 -9"><span class='ocrx_word' id='word_1_475' title='bbox 338 2921 493 2963; x_wconf 73' lang='lat' dir='ltr'><strong>jusmodi</strong></span> <span class='ocrx_word' id='word_1_476' title='bbox 509 2921 690 2963; x_wconf 82' lang='lat' dir='ltr'><strong>Sequestri</strong></span> <span class='ocrx_word' id='word_1_477' title='bbox 704 2922 892 2954; x_wconf 86' lang='lat' dir='ltr'><strong>violatores</strong></span> <span class='ocrx_word' id='word_1_478' title='bbox 906 2921 1133 2962; x_wconf 86' lang='lat' dir='ltr'><strong>reppereritis</strong></span> <span class='ocrx_word' id='word_1_479' title='bbox 1147 2922 1185 2952; x_wconf 91' lang='lat' dir='ltr'><strong>in</strong></span> <span class='ocrx_word' id='word_1_480' title='bbox 1200 2921 1266 2953; x_wconf 86' lang='lat' dir='ltr'><strong>hac</strong></span> <span class='ocrx_word' id='word_1_481' title='bbox 1281 2924 1392 2962; x_wconf 87' lang='lat' dir='ltr'><strong>parte,</strong></span> <span class='ocrx_word' id='word_1_482' title='bbox 1409 2923 1537 2963; x_wconf 89' lang='lat' dir='ltr'><strong>citetis,</strong></span> <span class='ocrx_word' id='word_1_483' title='bbox 1551 2934 1613 2956; x_wconf 83' lang='lat' dir='ltr'><strong>seu</strong></span> <span class='ocrx_word' id='word_1_484' title='bbox 1622 2925 1725 2958; x_wconf 85' lang='lat' dir='ltr'><strong>citari</strong></span> 
     </span>
     <span class='ocr_line' id='line_1_64' title="bbox 339 2965 1724 3008; baseline 0.001 -9"><span class='ocrx_word' id='word_1_485' title='bbox 339 2965 490 3006; x_wconf 73' lang='lat' dir='ltr'><strong>faciatis,</strong></span> <span class='ocrx_word' id='word_1_486' title='bbox 505 2966 657 3007; x_wconf 84' lang='lat' dir='ltr'><strong>eosdem,</strong></span> <span class='ocrx_word' id='word_1_487' title='bbox 669 2966 914 3008; x_wconf 85' lang='lat' dir='ltr'><strong>peremptorie,</strong></span> <span class='ocrx_word' id='word_1_488' title='bbox 926 2966 1019 3007; x_wconf 87' lang='lat' dir='ltr'><strong>quod</strong></span> <span class='ocrx_word' id='word_1_489' title='bbox 1035 2968 1261 3006; x_wconf 81' lang='lat' dir='ltr'><strong>compareant</strong></span> <span class='ocrx_word' id='word_1_490' title='bbox 1277 2976 1394 2998; x_wconf 85' lang='lat' dir='ltr'><strong>coram</strong></span> <span class='ocrx_word' id='word_1_491' title='bbox 1411 2967 1521 3007; x_wconf 86' lang='lat' dir='ltr'><strong>nobis,</strong></span> <span class='ocrx_word' id='word_1_492' title='bbox 1532 2971 1594 3000; x_wconf 86' lang='lat' dir='ltr'><strong>aut</strong></span> <span class='ocrx_word' id='word_1_493' title='bbox 1611 2969 1724 3001; x_wconf 88' lang='lat' dir='ltr'><strong>Offici-</strong></span> 
     </span>
    </p>
   </div>
  </div>
 </body>
</html>
