1988 3256
297 321 392 364 414
525 333 626 366 THE
650 332 894 366 Raoisrmz
918 332 980 365 or
1003 331 1183 365 BISHOP
1207 331 1614 366 BRANTYNGHAM.

297 433 373 494 &7ng
445 433 559 476 cipali,
584 443 644 467 seu
664 433 871 473 Presfflenffi,
892 433 1002 466 tercio
1023 432 1078 465 die
1098 431 1256 466 Juridico
1278 436 1358 475 post
1377 431 1514 475 lapsum
1537 432 1622 465 dicti
1643 431 1782 472 mensis,
1806 431 1845 464 in

443 476 599 510 Ecclesia
620 476 820 510 Cathedrali
841 477 984 517 Exonie‚
1009 476 1053 509 ad
1076 476 1336 519 proponendum
1359 486 1498 508 causam
1520 486 1580 508 seu
1603 486 1735 515 causas,
1759 480 1841 514 etc„

440 531 546 562 quare
571 520 615 554 ad
638 521 864 554 residenciam
886 521 1027 553 minime
1052 519 1202 553 debeant
1225 518 1395 561 compelli.
1444 519 1491 551 Et
1515 517 1644 551 habent
1669 518 1714 551 ad
1739 519 1838 551 certi-

442 564 617 597 ficandum
635 564 768 597 dictum
786 563 987 605 Officialem,
1009 574 1069 596 seu
1089 563 1337 604 Presidentem,
1360 563 1461 595 dictis
1481 562 1535 595 die
1553 567 1588 595 et
1605 561 1841 601 loca—Item,

444 608 582 649 ibidem,
611 609 683 650 xxij
716 608 782 649 die,
812 612 1017 640 emanarunt
1043 608 1113 640 tria
1140 607 1310 639 Mandata
1334 617 1398 648 pro
1426 605 1628 639 absentibus
1655 606 1691 638 in
1721 604 1843 637 Archi-

444 649 682 685 diaconatibus
704 651 846 692 Exonie,
872 651 1045 693 Tottonie,
1071 655 1107 684 et
1129 650 1404 694 Barnastapolie,
1430 649 1494 682 sub
1516 647 1628 682 forma
1650 648 1817 691 predicta.

297 501 359 528 Vol.
374 502 397 530 I.

405 717 704 764 Oonvocation3
731 717 815 754 Pro
837 716 1195 763 Gonvocacione,—

400 771 501 814 Item,
522 770 661 811 ibidem,
683 771 756 812 xxij
778 770 845 811 die,
865 771 1041 804 emanavit
1060 769 1268 802 Mandatum
1287 769 1458 802 directum
1477 767 1650 810 Magistro
1669 766 1844 800 Willelmo

443 815 542 857 Bide,
566 815 713 848 Officiali
735 814 925 857 Principali
947 814 1144 855 Exoniensi,
1169 823 1239 853 seu,
1263 813 1341 854 ipso
1361 811 1514 850 absente,
1540 811 1733 844 Presidenti
1755 809 1842 843 Con—

445 859 575 892 sistorii
595 859 811 898 Exoniensis‚
834 868 896 900 pro
916 858 1120 890 execucione
1139 857 1298 890 Mandati
1320 855 1598 889 Convocacionis.
1646 854 1695 887 Et
1714 852 1844 886 habent

442 902 486 935 ad
500 902 759 935 certificandum
773 902 861 935 citra
876 902 1019 935 Festum
1034 899 1276 934 Conversionis
1291 899 1409 932 Sancti
1425 896 1537 937 Pauli,
1554 896 1726 940 Apostoli,
1742 905 1842 938 prox-

442 947 510 978 imo
528 946 601 987 jam
620 945 788 986 futurum,
811 956 889 977 cum
908 942 1104 977 nominibus
1125 948 1159 976 et
1180 941 1439 985 cognominibus
1460 942 1657 981 citatorum,
1679 944 1759 981 ete„
1781 949 1844 982 per

443 1001 523 1024 suas
542 990 678 1023 Literas
697 992 868 1032 patentes,
889 992 956 1021 etc.
1795 985 1800 990 '

404 1055 645 1093 Axminster
660 1067 671 1103 3
703 1053 856 1093 Citacio
875 1066 994 1103 super
1012 1057 1299 1101 contemptu„-

402 1110 503 1152 Item,
525 1108 664 1148 ibidem,
686 1108 821 1149 xxiiij‘co
841 1107 907 1148 die,
930 1107 1104 1140 emanavit
1123 1105 1330 1138 Mandatum
1351 1105 1519 1137 directum
1538 1103 1687 1136 Domino
1706 1102 1843 1145 Rogero

444 1153 576 1185 Perour
591 1156 626 1185 et
642 1152 814 1194 Magistro
831 1151 982 1184 Johanni
999 1150 1194 1192 Twyforde‚
1215 1149 1258 1181 ad
1275 1148 1452 1181 citandum
1470 1148 1649 1179 Decanum
1665 1147 1706 1179 de
1724 1144 1843 1188 Hony-

444 1200 526 1229 tone
555 1199 590 1228 et
617 1195 797 1228 Vicarium
826 1194 868 1227 de
895 1194 1128 1233 Axeminstre,
1160 1193 1253 1235 quod
1282 1194 1514 1234 compareant.
1545 1191 1695 1229 divisim,
1727 1199 1844 1222 coram

295 1241 342 1268 sol.
357 1240 398 1267 ⁷8-
448 1238 595 1272 Officiali
620 1238 822 1280 Principali,
851 1248 911 1271 seu
936 1238 1142 1273 Presidenti,
1170 1239 1295 1278 quarto
1321 1236 1375 1268 die
1401 1235 1559 1268 Juridico
1583 1234 1731 1275 proximi
1757 1232 1843 1265 Con·

444 1283 572 1315 sistorii
591 1287 671 1324 post
691 1282 903 1315 Citacionem
923 1282 1074 1320 factam3
1101 1280 1274 1319 videlicet,
1298 1289 1400 1320 super
1419 1282 1621 1319 contemptu
1640 1281 1675 1310 et
1694 1275 1844 1309 inobedi-

445 1327 540 1358 encia
559 1336 620 1367 per
637 1326 730 1367 ipsos
749 1325 950 1366 commissis,
972 1335 1036 1366 pro
1056 1335 1095 1356 eo
1114 1323 1206 1366 quod
1226 1323 1311 1356 alias
1331 1322 1565 1355 eertificarunt
1586 1332 1621 1354 se
1641 1320 1737 1353 nulla
1756 1318 1846 1352 bona

445 1370 607 1412 Magistri
637 1369 803 1403 Willelmi
831 1368 872 1402 de
900 1366 1234 1411 Wymondeswolde,
1267 1376 1379 1408 nuper
1405 1364 1630 1398 Prebendarii
1660 1364 1732 1396 sive
1761 1362 1844 1396 Por-

445 1414 588 1447 cionarii
612 1414 649 1446 in
673 1412 829 1446 Ecclesia
852 1412 894 1445 de
918 1411 1149 1451 Axeminstre,
1176 1410 1359 1449 invenisse,
1386 1409 1595 1451 responsuri.
1642 1407 1690 1440 Et
1715 1405 1845 1439 habent

444 1458 488 1490 ad
507 1456 766 1490 certificandum
785 1456 917 1488 dictum
935 1454 1136 1494 Officialem,
1159 1464 1218 1486 seu
1237 1453 1485 1493 Presidentem,
1507 1452 1610 1485 dictis
1630 1452 1685 1484 die
1703 1455 1739 1484 et
1755 1450 1842 1483 1000.

407 1513 465 1550 St.
497 1510 703 1549 German's
731 1509 898 1560 Priory3
935 1510 1003 1548 Ad
1026 1508 1306 1547 ‘removendum
1333 1520 1464 1546 unum
1503 1505 1782 1556 C'oadjutorem
1809 1510 1844 1543 et

462 1565 593 1603 alium
611 1564 976 1614 subroqandum,—

403 1619 505 1661 Item,
533 1618 672 1659 ibidem,
702 1618 823 1659 xxvjto
852 1617 917 1658 die,
948 1616 1123 1650 emanavit
1150 1615 1360 1648 Mandatum
1386 1614 1556 1647 directum
1585 1613 1699 1646 Priori
1727 1611 1845 1646 Sancti

449 1663 624 1703 Germani,
650 1660 745 1705 quod
765 1663 925 1695 Fratrem
946 1659 1135 1693 Ricardum
1158 1657 1352 1700 Harpathe,
1378 1657 1463 1690 alias
1487 1657 1530 1690 ad
1554 1655 1714 1689 Officium
1737 1654 1846 1689 Goad-

446 1707 573 1748 jutoris
593 1706 646 1738 sui
666 1705 813 1738 electum
832 1708 867 1737 et
887 1707 1115 1746 assumptum,
1139 1702 1182 1734 ad
1203 1702 1403 1744 hujusmodi
1422 1701 1580 1734 Officium
1600 1699 1846 1742 peragendum,

446 1752 681 1792 juramentum
697 1747 873 1790 corporale
885 1751 1039 1790 prestare
1052 1747 1158 1779 faciat
1172 1757 1180 1784 3
1199 1746 1370 1784 Fratrem,
1383 1755 1477 1784 vero,
1492 1743 1516 1777 J
1518 1743 1686 1777 ohannem
1699 1743 1847 1783 Aveoey,

447 1805 486 1826 ac
506 1793 590 1826 alios
610 1793 880 1825 contradictores
900 1795 935 1824 et
953 1790 1108 1830 rebelles,
1129 1793 1208 1829 etc„
1231 1788 1401 1822 Canonice
1420 1787 1676 1829 compescendo.
1724 1787 1772 1821 Et
1789 1786 1847 1819 ha·
1867 1825 1870 1830 Ι

449 1836 509 1870 bet
532 1836 575 1869 ad
599 1835 858 1869 certificandum
882 1834 970 1867 eitra
993 1835 1137 1867 Festum
1159 1833 1401 1866 conversionis
1425 1832 1543 1865 Sancti
1566 1831 1666 1864 Pauli
1690 1831 1846 1874 proximo

447 1881 616 1922 futurum,
639 1879 703 1912 sub
722 1878 835 1922 sigillo
854 1889 926 1912 suo.

410 1940 684 1979 Convocation
700 1953 710 1986 ;
738 1939 804 1977 Ad
820 1938 1035 1977 levandum
1052 1936 1207 1976 salaria
1226 1936 1540 1975 Pron-aratorum
1561 1933 1738 1980 Cleri,—

406 1995 507 2035 Item,
533 1994 660 2027 eisdem
684 1993 738 2026 die
762 1997 797 2026 et
819 1992 906 2033 loco,
932 1992 1108 2024 emanavit
1130 1990 1337 2023 Mandatum
1361 1990 1531 2022 directum
1555 1988 1701 2022 officiali
1726 1987 1847 2021 Archi-

450 2038 584 2071 diaconi
600 2036 783 2075 cornubie,
800 2046 863 2078 pro
878 2035 1003 2068 salario
1016 2034 1163 2068 levando
1180 2033 1342 2075 Magistri
1358 2031 1522 2066 willelmi
1537 2032 1623 2064 Bide
1638 2035 1674 2064 et
1689 2030 1850 2073 Hugonis

449 2082 490 2115 de
520 2080 738 2123 Hickelynge
767 2080 913 2113 duarum
943 2078 1252 2111 Convocaeionum.
1301 2076 1348 2109 Et
1377 2074 1484 2108 habet
1513 2075 1558 2108 ad
1588 2074 1849 2108 certificandum

449 2126 539 2159 citra
554 2125 699 2158 Festum
716 2123 835 2157 Sancti
852 2122 949 2155 Petri
967 2123 1002 2155 in
1019 2121 1194 2156 Cathedra
1209 2119 1366 2163 proximo
1383 2119 1456 2160 J'am
1474 2118 1642 2151 futurum.

414 2184 565 2235 Chapel
583 2183 626 2222 of
645 2183 702 2221 St.
725 2182 964 2228 Katherine,
986 2182 1030 2218 in
1050 2181 1109 2219 St.
1127 2178 1284 2218 Breoke
1299 2192 1310 2226 ;
1340 2178 1502 2217 Licence
1522 2183 1559 2214 to
1578 2176 1829 2224 celebrate,——
1871 2220 1876 2224 ⁷

406 2240 508 2279 Item,
528 2238 656 2271 eisdem
674 2237 728 2270 die
747 2241 781 2269 et
800 2236 886 2276 loco,
909 2235 1079 2267 Dominus
1099 2234 1267 2267 concessit
1286 2233 1481 2265 Licenciam
1501 2231 1685 2274 Radulpho
1705 2231 1848 2272 Hustyn

451 2287 487 2316 et
508 2281 619 2315 Alicie
638 2281 714 2322 ejus
735 2280 847 2320 uxori,
869 2278 963 2322 quod
982 2278 1117 2320 possint
1138 2278 1250 2310 facere
1272 2275 1438 2309 celebrari
1458 2276 1598 2313 Divina,
1623 2279 1703 2314 etc„
1727 2275 1763 2307 in
1784 2274 1847 2308 Ca-

452 2324 546 2368 pella
568 2325 695 2359 Sancte
716 2324 885 2357 Katerine
909 2322 1002 2355 infra
1025 2319 1230 2354 Parochiam
1255 2319 1297 2352 de
1322 2319 1500 2359 Powtone‚
1529 2320 1565 2352 in
1591 2317 1776 2358 cornubia,
1804 2318 1848 2350 si-

452 2373 574 2408 tuata3
604 2378 667 2412 per
686 2378 793 2401 unum
815 2376 943 2399 annum
963 2363 1205 2398 tantummodo
1228 2363 1441 2396 duraturam.

414 2429 599 2480 Cotleigh
620 2425 882 2482 [Cotteleghe‚
905 2422 1023 2477 MS.],
1046 2424 1111 2462 Sir
1130 2422 1301 2461 Thomas
1321 2421 1632 2472 Asshepertone,
1655 2421 1773 2468 R.‚--

408 2483 553 2515 Licence
579 2482 616 2514 of
642 2481 902 2514 non-residence
929 2478 984 2512 for
1009 2482 1080 2511 two
1106 2487 1217 2519 years.
1247 2477 1266 2492 “
1279 2477 1371 2516 dum,
1401 2481 1530 2516 tamen,
1561 2477 1698 2509 steterit
1726 2477 1761 2509 in
1785 2474 1847 2514 ,ob-

452 2527 579 2569 sequiis
598 2523 736 2558 Nobilis
754 2523 845 2564 Viri,
867 2522 1008 2556 Domini
1026 2520 1198 2555 Johannis
1218 2518 1394 2563 Dynham,
1417 2519 1553 2560 Militis,
1575 2529 1638 2562 per
1655 2519 1747 2552 idem
1766 2522 1851 2552 tem—

451 2581 517 2613 pus
529 2569 546 2584 ’'
571 2569 670 2610 (East
690 2566 851 2610 Horsley,
873 2568 917 2599 26
936 2565 1047 2608 Dec.).

305 2631 379 2657 Α-Ὀ·
416 2629 713 2678 Stokefleming,
736 2627 801 2665 Sir
819 2626 974 2664 Walter
992 2623 1042 2662 de
1062 2623 1310 2673 Colmptone‚
1333 2623 1453 2669 R,—

301 2665 378 2724 ggiff
413 2683 556 2716 Licence
581 2682 617 2715 of
639 2680 899 2714 non-residence
923 2679 978 2712 for
1001 2677 1100 2711 three
1123 2687 1235 2720 years
1263 2677 1281 2691 “
1293 2676 1387 2714 dum,
1413 2679 1542 2716 tamen,
1571 2675 1709 2708 steterit
1731 2675 1768 2708 in
1793 2673 1851 2708 ob-

302 2731 400 2765 Jmu-
458 2727 584 2769 sequiis
605 2725 744 2758 Domini
766 2723 911 2757 Comitis
930 2720 1086 2754 Marchie
1107 2731 1170 2763 per
1189 2719 1279 2752 idem
1298 2723 1436 2761 tempus
1447 2718 1465 2732 ’²
1490 2718 1656 2760 (London,
1679 2721 1722 2751 20
1741 2717 1848 2760 Clau.)-

305 2771 694 2824 muns'Confessions5
722 2777 788 2815 Ad
808 2775 1059 2815 audiendum
1080 2772 1417 2823 Confessio‘nes,—

411 2835 512 2875 Item,
532 2832 659 2865 eisdem
677 2831 731 2864 die
748 2836 783 2863 et
799 2830 885 2870 loco,
905 2829 1075 2862 Dominus
1093 2827 1260 2860 concessit
1278 2827 1395 2860 Fratri
1413 2824 1602 2858 Benedicto
1618 2824 1769 2867 Lugans,
1790 2825 1849 2858 Sa-

455 2887 511 2910 cre
530 2876 661 2918 Pagine
679 2873 883 2913 Professori‚
905 2872 1018 2905 Priori
1040 2872 1173 2904 Domus
1194 2871 1358 2904 Fratrum
1378 2869 1638 2902 Predicatorum
1660 2868 1701 2902 de
1721 2868 1847 2907 Truru,

453 2918 649 2954 Licenciam
670 2917 714 2950 ad
734 2916 943 2951 audiendum
965 2914 1206 2950 Confessiones
1225 2913 1379 2946 omnium
1399 2916 1436 2945 et
1456 2910 1669 2955 singulorum
1692 2909 1847 2955 paroehi-
