1988 3256
520 354 810 392 REGISTRUM
845 352 1301 391 commone—Anno
1339 343 1405 388 3⁰.
1613 342 1708 387 299

165 460 245 488 AU-
276 462 374 502 Item,
397 461 609 494 satisfactum
633 464 686 493 est
708 472 768 502 pro
791 460 965 493 Prebenda
987 460 1022 492 in
1047 459 1195 492 Ecclesia
1218 458 1335 492 Sancti
1359 458 1552 495 Karentoci,
1576 457 1618 489 de
1642 467 1711 499 qua

165 494 267 555 ¹v3313‘1
322 506 492 547 provisum
509 505 579 537 fuit
595 505 762 537 Edwardo
785 505 912 546 Elyer3
935 508 1038 546 prout
1051 505 1086 536 in
1105 504 1218 536 Litera
1242 502 1491 544 Acquietancie,
1516 502 1581 534 sub
1603 500 1712 542 sigillo

222 548 230 555 '
267 547 275 555 ‘
322 553 443 588 vestro,
460 549 592 591 plenius
607 548 810 580 continetur.

165 596 226 627 [fol.
281 593 462 632 Prebende,
479 596 605 632 autem,
622 593 655 624 in
672 592 820 624 Ecclesia
842 591 1026 630 Collegiata
1047 591 1090 623 de
1113 591 1268 632 Glasney,
1285 600 1388 632 quam
1404 589 1554 630 optinuit
1569 587 1710 629 Stepha-

165 630 243 661 ³4b·l
323 648 388 669 nus
406 636 552 678 Pempel,
567 636 701 668 fructus
716 641 799 667 sunt
813 635 1026 677 sequestrati.
1071 635 1238 666 Dominus
1254 634 1418 666 Ricardus
1433 633 1556 665 Bokelli
1569 635 1711 673 occupat

320 681 472 720 eandem,
498 684 535 712 et
561 683 615 712 est
640 680 765 711 citatus
789 679 1016 720 personaliter.
1063 679 1162 718 Item,
1190 678 1323 710 fructus
1353 677 1508 718 ejusdem
1535 676 1709 709 Prebende

319 727 402 758 sunt
417 724 618 766 sequestrati
635 734 695 765 pro
712 722 904 755 Provisione
919 722 1009 754 facta
1024 723 1066 754 de
1082 722 1199 754 eadem
1218 722 1318 753 Petro
1334 721 1481 762 crugou.

278 770 423 802 Fructus
439 768 581 799 Ecclesie
596 767 638 798 de
653 767 813 799 Toritone
828 766 989 808 predicte,
999 777 1041 798 ex
1053 777 1152 797 causa
1167 765 1326 807 predicta,
1339 765 1480 797 fecimus
1495 764 1707 806 sequestrari,

319 815 355 844 et
370 812 545 844 Rectorem
565 811 718 852 ejusdem
737 810 954 852 personaliter
969 809 1075 842 citari.

276 857 375 896 Item,
391 855 525 887 fructus
540 854 712 886 Prebende
734 854 777 886 de
799 854 987 886 Wodelond
1008 854 1043 885 in
1067 852 1213 885 Ecclesia
1236 852 1421 894 Collegiata
1443 853 1486 884 de
1509 852 1706 893 Cryditone,

320 910 379 941 pro
394 902 484 931 resta
498 909 557 938 xa,
573 909 614 930 ex
628 909 728 930 causa
750 898 910 940 predicta,
933 901 1017 929 sunt
1038 897 1242 938 sequestrati
1258 907 1267 936 ;
1290 900 1325 928 et
1350 896 1516 928 Dominus
1532 896 1554 928 J
1557 896 1707 927 ohannes

318 943 495 982 Carbonel,
525 945 722 985 procurator
757 941 955 983 possessoris
992 941 1164 973 Prehen‘le
1203 940 1362 982 predicte,
1397 940 1618 982 personaliter
1655 942 1708 971 est

288 1020 296 1025 ,
316 987 451 1020 citatus.

278 1032 422 1064 Fructus
437 1029 611 1062 Prehende
626 1029 668 1061 de
683 1029 873 1062 Stowforde
888 1028 923 1060 in
942 1028 1087 1060 Ecclesia
1103 1027 1287 1069 collegiata
1305 1027 1514 1068 Cryditonie,
1526 1027 1636 1068 primo
1650 1037 1710 1068 per

318 1074 507 1108 Johannem
524 1074 685 1115 Burgeys,
701 1073 868 1111 clericum,
886 1073 1099 1104 Auctor-itate
1114 1071 1315 1112 Apostolica,
1331 1075 1511 1112 acceptate,
1535 1074 1570 1102 et
1594 1074 1710 1112 postea

319 1129 378 1160 per
395 1118 579 1150 Dominum
595 1117 806 1150 Cardinalem
831 1116 1108 1149 Cantuariensem
1131 1115 1292 1157 Magistro
1318 1115 1495 1156 Radulpho
1511 1115 1707 1155 Tregresiou

318 1162 449 1200 collate,
468 1163 503 1193 et
517 1161 628 1193 adhuc
645 1171 792 1202 possesse
807 1171 866 1202 per
881 1161 1037 1199 eundem,
1055 1162 1138 1191 sunt
1152 1159 1356 1201 sequestrati
1372 1170 1380 1199 3
1396 1163 1431 1190 et
1441 1159 1531 1190 idem
1548 1158 1709 1200 Magister

319 1204 520 1246 Badulphus
534 1208 587 1236 est
601 1205 820 1246 personaliter
834 1204 966 1236 citatus.

275 1250 422 1282 Fructus
439 1249 583 1280 Ecclesie
595 1249 636 1280 de
651 1246 727 1280 Sele
744 1247 994 1286 Monachorum,
1012 1258 1070 1288 per
1085 1247 1274 1288 predictum
1291 1246 1478 1278 Dominum
1494 1245 1706 1279 cardinalem

321 1292 596 1326 Cantuatiensem
612 1292 732 1323 collate
754 1291 888 1323 cuidam
913 1291 1041 1323 Simoni
1064 1290 1294 1331 [Prestecote]‚
1318 1293 1401 1322 sunt
1423 1289 1650 1332 sequestrati3
1672 1293 1708 1321 et

319 1337 408 1368 idem
426 1336 542 1368 Simon
558 1338 612 1367 est
626 1336 846 1376 personaliter
859 1335 994 1367 citatus.

277 1381 377 1418 Item,
393 1379 527 1411 fructus
541 1379 687 1411 Ecclesie
709 1379 752 1410 de
775 1378 1050 1418 Cloveneburghe
1072 1377 1383 1419 [mannaborouth
1401 1387 1460 1419 per
1474 1377 1625 1409 eundum
1641 1377 1707 1408 Do—

319 1424 450 1456 minum
467 1423 679 1456 Cartlinalem
695 1423 813 1454 collate
829 1422 974 1454 Domino
990 1422 1137 1454 Roberto
1155 1423 1264 1463 Doget
1279 1432 1288 1460 3
1305 1422 1393 1453 idem
1412 1421 1580 1453 Robertus
1599 1421 1708 1462 Doget

318 1470 373 1500 est
388 1467 512 1499 citatus
528 1466 755 1508 personaliter,
772 1469 807 1498 et
822 1466 955 1498 fructus
971 1470 1054 1498 sunt
1068 1466 1280 1507 sequestrati.

276 1511 373 1551 Quia,
397 1522 485 1551 vem,
507 1511 550 1541 de
572 1510 729 1542 omnibus
751 1509 950 1551 hujusmodi
977 1509 1156 1549 Beneficiis,
1179 1520 1199 1541 a
1221 1513 1283 1540 xv⁰
1307 1509 1476 1541 Kalendas
1492 1508 1609 1540 Marcii
1632 1518 1707 1549 pre-

320 1553 413 1586 dicto
429 1554 622 1596 acceptatis,
639 1554 681 1586 ad
697 1554 835 1595 plenum
852 1564 920 1585 non
945 1554 1120 1594 potuimus
1142 1553 1326 1592 informari,
1343 1553 1440 1584 nobis
1456 1552 1576 1589 velitis,
1594 1552 1623 1583 si
1640 1551 1707 1593 pla-

321 1602 386 1637 cet,
402 1608 537 1639 parcere
551 1598 616 1629 ista
632 1597 702 1629 vice
715 1608 724 1636 ;
749 1600 784 1629 et
799 1598 970 1639 quamcito
979 1597 1154 1629 commode
1170 1597 1358 1638 poterimus
1373 1597 1415 1627 de
1431 1596 1602 1637 premissis
1614 1595 1709 1627 vobis

321 1642 453 1684 plenius
467 1641 698 1673 rescribemus.
744 1640 786 1672 In
809 1641 1030 1682 prosperitate
1045 1640 1158 1672 votiva
1170 1641 1229 1672 diu
1247 1651 1304 1671 vos
1327 1642 1501 1672 conservet
1516 1639 1622 1672 Filius
1636 1639 1710 1671 Vir·

317 1686 405 1727 ginis
420 1685 570 1718 Gloriose
584 1683 749 1717 !—Dated
767 1687 805 1716 at
822 1684 1068 1725 Westminster,
1085 1685 1106 1716 2
1125 1684 1214 1725 May.

166 1740 226 1772 “0¹-
273 1741 358 1779 The
385 1740 482 1778 War
508 1740 549 1777 in
578 1740 754 1788 Franee3
782 1740 847 1777 Ad
872 1740 1066 1778 orandum
1087 1752 1161 1788 pro
1189 1739 1428 1788 expedicione
1455 1737 1578 1776 Ducis
1608 1737 1711 1776 Lan-

163 1774 240 1806 fflb']
310 1794 450 1834 casco-ie
478 1792 599 1847 [John
627 1795 668 1832 of
696 1791 919 1845 Gaulit],—

274 1849 432 1888 Thomas,
451 1851 524 1888 etc„
542 1849 675 1880 Decano
690 1851 725 1880 et
740 1842 897 1889 Capitulo
913 1847 1060 1880 Ecclesie
1077 1850 1190 1879 nostre
1208 1847 1418 1879 Cathedralis
1436 1846 1575 1887 Exonie,
1591 1849 1627 1878 et
1642 1846 1709 1878 sin-

317 1893 404 1935 gulis
426 1892 679 1924 Archidiaconis
701 1892 737 1923 in
759 1891 851 1923 dicta
873 1896 987 1923 nostra
1014 1891 1168 1931 Ecclesia,
1187 1891 1239 1923 vel
1254 1901 1371 1922 eorum
1387 1890 1604 1930 Officiulibus,
1621 1890 1708 1922 salu-

319 1940 400 1975 tem,
416 1936 580 1968 ete—Ad
595 1935 754 1967 noticiam
770 1942 915 1967 vestram
933 1935 1100 1967 credimus
1116 1936 1304 1976 pervenisse
1326 1936 1506 1976 quomodo,
1523 1938 1601 1976 post
1623 1938 1708 1966 trac·

316 1983 411 2012 tatus
427 1979 517 2021 pacis
533 1979 658 2021 pluries
673 1990 750 2011 cum
767 1979 903 2011 Domini
927 1979 1035 2011 nostri
1059 1979 1158 2020 Regis
1179 1978 1378 2010 adversariis
1394 1978 1436 2010 de
1453 1978 1603 2016 Francia,
1622 1979 1709 2010 Sede

319 2023 511 2065 Apostolica
528 2023 707 2063 mediante,
731 2033 840 2064 nuper
861 2022 1004 2063 habitos,
1028 2026 1063 2055 et
1086 2033 1203 2054 omnes
1218 2022 1288 2054 vias
1305 2022 1394 2063 pacis
1411 2022 1627 2054 racionabiles
1650 2033 1710 2063 per

320 2067 486 2108 predictos
501 2067 717 2107 adversarios,
734 2069 775 2098 ut
789 2066 924 2104 dicitur,
940 2069 1119 2104 recusatas,
1132 2066 1274 2098 illustris
1289 2076 1328 2098 ac
1343 2068 1523 2107 prepotens
1540 2066 1708 2107 Princeps,

319 2110 486 2143 Dominus
501 2109 682 2149 Johannes,
700 2110 762 2142 Dei
777 2110 888 2151 gracia.
902 2110 975 2142 Rex
997 2110 1040 2141 de
1064 2109 1210 2142 Castella
1231 2113 1268 2141 et
1291 2110 1392 2149 Leon,
1413 2110 1489 2141 Dux
1506 2110 1707 2149 Lancastrie,

318 2165 386 2186 una
399 2164 477 2185 cum
493 2154 633 2185 diversis
649 2154 849 2193 Comitibus,
867 2154 1064 2193 Barouibus,
1081 2153 1222 2195 aliisque
1245 2152 1364 2184 multis
1389 2152 1495 2194 Regni
1512 2153 1706 2191 Nobilibus,

319 2209 378 2240 pro
394 2197 587 2229 defensione
609 2197 808 2239 hujusmodi
831 2197 938 2238 Regni
961 2200 1139 2236 terrarum,
1154 2197 1296 2239 jurium,
1321 2201 1359 2228 et
1380 2197 1596 2229 subditorum
1619 2197 1707 2238 ejus-

319 2244 398 2273 dem
420 2241 559 2273 Domini
580 2241 688 2273 nostri
710 2241 810 2282 Regis
832 2241 963 2281 Anglie,
980 2251 1059 2272 cum
1082 2240 1231 2272 exercitu
1255 2240 1375 2280 valido,
1397 2240 1441 2271 de
1463 2240 1601 2272 consilio
1624 2241 1709 2272 dicti

317 2284 456 2317 Domini
470 2284 576 2316 nostri
592 2285 690 2325 Regis
705 2284 826 2326 Anglie
842 2287 878 2316 et
894 2285 1074 2316 Procerum
1097 2284 1181 2315 dicti
1204 2284 1320 2324 Regni,
1339 2284 1530 2325 passagium
1546 2294 1649 2316 suum
1663 2285 1709 2316 ad

320 2329 437 2361 Partes
452 2331 583 2360 exteras
605 2328 820 2367 ordinaverit,
839 2327 1012 2370 quatinus,
1028 2327 1225 2360 coadunatis
1242 2327 1379 2367 viribus,
1396 2327 1516 2359 sevicia
1538 2328 1708 2360 dictorum

319 2372 596 2411 adversariorum,
611 2372 675 2403 sub
691 2371 812 2403 Divine
834 2371 1059 2403 miseracionis
1082 2371 1212 2411 fiducia,
1235 2374 1478 2412 compescatur.
1524 2371 1573 2403 Ut
1589 2382 1707 2403 eorun-

321 2416 398 2447 dem
415 2415 637 2447 Dominorum
649 2426 687 2447 ac
701 2426 839 2447 suorum
855 2426 893 2446 eo
908 2415 1036 2446 felicior
1050 2415 1094 2446 sit
1111 2424 1305 2456 progressus
1320 2424 1388 2456 quo
1404 2415 1468 2455 piis
1482 2415 1573 2455 apud
1596 2415 1708 2447 Deum

321 2459 453 2491 suffulti
468 2459 598 2490 fuerint
614 2458 841 2500 placacionum
857 2458 981 2499 officiis,
994 2459 1098 2499 vobis,
1113 2461 1150 2490 et
1165 2461 1316 2490 vestrum
1331 2458 1482 2499 singulis,
1498 2457 1546 2500 inj
1553 2459 1709 2500 ungimus

319 2506 355 2534 et
369 2502 580 2542 mandamus,
603 2505 639 2534 et
659 2502 695 2534 in
720 2502 865 2534 Domino
887 2502 1110 2540 obsecramus,
1135 2502 1296 2543 quatinus
1318 2502 1410 2542 apud
1436 2503 1533 2541 Eum,
1549 2502 1621 2534 sine
1634 2503 1709 2542 Quo

319 2545 422 2578 nichil
444 2548 497 2577 est
512 2545 672 2584 validum,
695 2546 828 2578 devotis
849 2545 988 2587 jejuniis
1011 2549 1047 2578 et
1069 2545 1278 2577 oracionibus
1301 2545 1474 2585 insistatis,
1498 2549 1533 2577 et
1557 2549 1709 2577 vestrum

319 2589 464 2630 quilibet
479 2589 616 2621 Clerum
632 2592 667 2621 et
684 2589 855 2630 populum,
872 2593 944 2620 tam
960 2592 1156 2630 exemptum
1179 2599 1281 2629 quam
1307 2593 1374 2620 non
1389 2592 1597 2630 exemptum,
1620 2590 1710 2620 infra

320 2643 380 2664 sue
394 2632 637 2674 jurisdiccionis
654 2632 779 2664 limites
801 2633 1038 2673 constitutum,
1054 2633 1097 2664 ad
1112 2633 1234 2664 similia
1255 2635 1292 2663 et
1307 2633 1349 2663 ad
1367 2633 1594 2664 Processiones
1610 2633 1708 2664 devo-

321 2679 384 2715 tas,
399 2675 551 2717 qualibet
566 2675 722 2707 videlicet
736 2674 818 2717 iiijta
832 2679 867 2708 et
883 2675 950 2717 vjta
973 2677 1063 2715 feria,
1079 2676 1228 2714 inducat,
1246 2678 1286 2707 ut
1308 2675 1380 2707 Rex
1399 2676 1525 2717 Regum
1543 2679 1579 2707 et
1595 2677 1708 2707 Domi-

322 2730 387 2751 nus
408 2719 658 2751 dominancium
682 2719 782 2751 dictis
804 2719 967 2759 Dominis,
992 2723 1028 2752 et
1049 2719 1206 2750 omnibus
1227 2719 1292 2750 sibi
1307 2719 1551 2760 assistentibus,
1569 2719 1710 2752 Celestis

321 2762 437 2794 auxilii
451 2762 595 2804 graciam
611 2763 762 2795 conferat
776 2766 812 2794 et
825 2763 994 2804 juvamen.
1057 2763 1116 2801 Ut,
1139 2766 1267 2801 autem,
1293 2762 1420 2795 Christi
1436 2763 1550 2794 fideles
1572 2763 1613 2794 ad
1637 2773 1709 2804 pre-

322 2806 421 2838 missa
436 2806 596 2838 allectivis
611 2806 904 2847 Indulgenciarum
923 2806 1119 2838 muneribus
1136 2805 1332 2847 propensius
1347 2806 1546 2846 excitentur,
1570 2807 1614 2838 de
1638 2807 1709 2846 Dei,

322 2849 436 2890 igitur,
460 2849 711 2890 omnipotentis
733 2850 841 2890 gracia
866 2849 1018 2891 Ejusque
1040 2850 1192 2881 inmensa
1221 2849 1453 2890 misericordia,
1483 2860 1521 2882 ac
1554 2850 1654 2881 Beate
1676 2850 1713 2881 et

322 2892 473 2925 Glorioso
487 2903 619 2934 semper
633 2893 780 2934 Virginis
796 2893 908 2932 Mario,
926 2893 1113 2925 Genetricis
1129 2893 1206 2931 Sue,
1226 2903 1354 2924 necnon
1370 2893 1552 2925 Beatorum
1568 2894 1711 2934 Aposto-

322 2935 434 2968 lorum
458 2935 551 2968 Petri
577 2938 614 2968 et
641 2936 747 2975 Pauli,
771 2937 997 2969 Patronorum
1019 2939 1225 2974 nostrorum,
1252 2936 1482 2978 Omniumque
1509 2937 1711 2969 Sanctorum

325 2978 454 3011 meritis
468 2981 505 3011 et
520 2979 674 3021 precibus
689 2979 904 3021 confidentes,
928 2980 1086 3012 omnibus
1108 2979 1316 3022 parochianis
1339 2980 1472 3021 nostris,
1489 2983 1525 3013 et
1539 2980 1613 3012 aliis
1629 2991 1711 3022 quo-
