1988 3256
474 331 762 373 REGISTRUM
809 338 1275 373 COMMUNE—ANNO-
1294 331 1314 372 1
1327 330 1388 372 5⁰.
1422 359 1426 362 v
1615 326 1706 374 571

323 445 534 476 mandamus
563 445 730 486 quatinus
761 446 896 477 dictum
929 446 1156 487 Seqnestrum
1180 446 1217 476 in
1240 446 1424 484 fructibus,
1447 445 1654 483 redditibus,
1678 448 1714 476 et

268 530 275 536 ι
323 490 552 529 proventibus
569 490 825 521 Beneficiorum
841 490 1081 530 predictorum
1105 491 1154 522 sic
1170 490 1280 521 fuisse
1297 492 1334 521 et
1349 500 1426 521 esse
1450 490 1711 530 interpositum,

323 534 408 564 loois
431 536 467 565 et
486 534 703 574 temporibus
727 535 772 566 ad
795 535 861 566 hoc
885 535 998 574 magis
1021 535 1186 575 congruis
1210 537 1247 566 et
1269 535 1462 575 oportunis,
1487 534 1716 574 solempniter

324 577 520 618 publicetis,
537 581 574 609 et
589 578 731 610 faciatis
746 589 810 619 per
825 579 912 609 alios
928 579 1110 619 publicari,
1129 577 1204 619 [et]
1230 579 1380 617 fructus,
1405 581 1483 617 etc.‚
1500 577 1713 619 hujusmodi,

324 624 444 662 preter
460 622 647 654 Porciones
663 633 836 663 congruas
851 633 915 663 pro
931 623 1067 654 Divinis
1082 624 1119 654 in
1136 623 1302 654 Ecclesiis
1317 623 1485 663 predictis
1497 621 1716 653 celebrandis

326 668 362 697 et
377 666 560 706 faciendis,
577 667 642 698 sub
657 669 735 698 arto
751 670 788 698 et
804 668 901 698 salvo
913 668 1122 699 custodiatis
1133 670 1170 698 et
1180 667 1349 699 custodiri
1361 667 1503 698 faciatis
1517 666 1715 707 Sequestro,

327 711 431 741 sicuti
447 711 490 742 de
506 711 639 742 eisdem
656 712 693 742 in
709 714 875 742 eventum
892 715 1010 743 vestro
1026 712 1182 752 periculo
1204 711 1388 742 volueritis
1411 711 1639 751 respondere3
1664 711 1715 740 in-

327 754 489 786 hibentes
504 756 622 796 palam
639 758 675 787 et
691 766 864 796 expresse,
882 756 946 787 sub
962 757 1062 797 penis
1077 757 1114 793 in
1132 756 1342 787 Sanctorum
1367 756 1514 786 Patrum
1538 755 1716 786 Constitu-

328 799 496 839 cionibus‚
513 801 550 830 in
566 800 632 831 hac
647 804 748 840 parte
764 801 831 831 rite
847 801 962 840 editis,
979 801 1165 839 contentis,
1182 811 1226 831 ne
1242 801 1319 840 quis
1336 799 1537 841 hujusmodi
1555 799 1716 839 Sequest-

330 853 408 874 rum
436 847 617 884 presumat
641 845 900 885 quomodolibet
924 848 1058 876 temere
1082 845 1222 876 violare.
1271 845 1327 882 Et,
1352 845 1381 875 si
1404 854 1491 885 quos
1514 843 1715 884 hujusmodi

333 887 510 928 Sequestri
541 889 729 919 violatores
759 889 994 929 reppereritis,
1018 890 1146 928 citetis,
1171 899 1233 920 seu
1257 889 1358 919 citari
1382 888 1532 927 faciatis,
1564 888 1716 926 eosdem,

330 933 575 972 peremptorie,
599 933 692 973 quod
714 936 942 973 compareant
965 943 1084 964 coram
1112 933 1259 964 officiali
1283 935 1406 963 nostro
1430 932 1630 972 Principali‚
1655 942 1717 963 seu

331 976 536 1008 Presidente
554 977 759 1009 Consistorii
776 978 888 1008 nostri
905 978 1112 1009 Exom'ensis
1127 980 1163 1008 et
1188 977 1438 1008 Commissario
1461 980 1582 1007 nostro
1606 976 1716 1007 Gene-

331 1020 407 1059 rali,
420 1021 457 1051 in
470 1021 627 1052 Ecclesia
635 1024 757 1052 nostra
771 1021 973 1053 Cathedrali
987 1022 1128 1061 Exonie,
1140 1022 1246 1052 certis
1256 1021 1415 1052 terminis
1426 1021 1717 1061 competentibus,

331 1075 394 1105 per
409 1075 471 1096 vos
487 1068 549 1096 aut
566 1066 829 1097 mandatarium
845 1069 1003 1097 vestrum
1019 1067 1055 1097 in
1071 1067 1138 1097 hac
1154 1069 1255 1106 parte
1280 1066 1413 1097 eisdem
1430 1068 1465 1096 et
1481 1075 1603 1096 eorum
1620 1065 1716 1095 cuili-

332 1109 392 1140 bet
408 1109 574 1149 primitus
589 1110 789 1150 assignatis,
806 1121 912 1150 super
933 1111 1143 1151 quibusdam
1168 1110 1327 1141 articulis
1351 1110 1580 1141 violacionem
1596 1109 1716 1150 hujus-

332 1153 427 1184 modi
445 1154 623 1195 Sequestri
639 1155 944 1194 concernentibus,
960 1155 1093 1187 eisdem
1109 1158 1194 1185 tunc
1209 1165 1252 1185 ex
1263 1154 1384 1185 Officio
1396 1157 1517 1184 nostro
1527 1153 1718 1184 obiciendis

332 1200 369 1228 et
387 1198 602 1238 exponendis
617 1202 723 1239 prout
739 1199 791 1230 eis
807 1199 946 1230 divisim
964 1202 1190 1237 concernunt,
1207 1199 1364 1238 legitime
1380 1198 1592 1238 responsuri,
1610 1207 1651 1228 ac
1674 1198 1717 1228 de

332 1242 483 1278 veritate
499 1243 658 1282 dicenda,
675 1243 703 1273 si
728 1246 898 1283 oporteat,
915 1243 1149 1283 personaliter
1164 1243 1327 1283 juraturi,
1344 1242 1543 1282 facturique
1559 1242 1716 1280 ulterius,

333 1289 400 1318 etc.
451 1287 502 1317 De
526 1287 593 1325 die,
617 1297 710 1326 vern,
734 1288 949 1327 recepcionis
973 1287 1209 1325 Presencium,
1234 1297 1370 1318 necnon
1394 1287 1478 1327 quid
1500 1286 1658 1317 feceritis
1681 1286 1717 1316 in

333 1331 524 1371 premissis,
551 1341 626 1370 nos,
654 1341 716 1362 seu
740 1332 874 1362 dictum
902 1332 1105 1370 Officialem,
1131 1333 1194 1362 aut
1218 1331 1461 1362 Presidentem
1486 1333 1522 1361 et
1548 1330 1716 1361 Commis-

335 1375 468 1406 sarium
494 1375 703 1415 predictum,
729 1376 818 1406 citra
847 1376 990 1407 Festum
1019 1375 1139 1406 Sancti
1166 1375 1336 1413 Barnabe,
1364 1374 1534 1415 Apostoli,
1560 1374 1718 1414 proximo

334 1418 507 1457 futurum,
524 1419 641 1450 debite
657 1420 859 1451 certificetis
875 1430 938 1460 per
954 1420 1091 1451 Literas
1106 1422 1243 1450 vestras
1258 1422 1431 1459 patentes,
1449 1419 1574 1449 harum
1591 1418 1718 1449 seriem

336 1472 377 1494 ac
401 1463 531 1494 cedule
554 1464 711 1503 predicte
734 1464 966 1502 continentes,
983 1464 1098 1504 sigillo
1121 1463 1300 1494 autentico
1321 1463 1718 1503 consignatas—natm

338 1507 493 1546 London,
512 1508 554 1539 19
568 1508 679 1548 April.

290 1571 500 1623 Hemyock
522 1571 762 1626 [Hemyoke,
786 1571 886 1626 MS]
903 1587 914 1620 3
943 1573 1008 1611 Sir
1027 1571 1207 1610 Richard
1226 1572 1373 1622 Spicer,
1396 1572 1515 1618 R„—

293 1627 438 1658 Licenee
455 1627 493 1659 of
514 1628 781 1660 non-residence
797 1628 854 1659 for
869 1632 939 1659 two
954 1639 1057 1670 years
1076 1626 1248 1669 (Londou,
1265 1629 1310 1658 20
1323 1626 1453 1668 April).
