1988 3256
139 446 216 474 AD.

139 480 216 508 1374.

460 342 750 378 REGISTRUM
785 345 1248 379 COMMUNE—ANNO
1291 337 1352 381 5⁰.
1585 335 1682 383 337

294 450 486 490 Londoniis,
510 451 577 493 vjto
599 452 682 484 Idus
705 452 830 494 Aprilis
854 451 890 495 [8
907 452 1027 493 April]‚
1051 452 1134 485 A.D.
1158 452 1220 485 M0.
1237 453 1371 486 cecum
1385 453 1501 495 lxxiijo
1516 465 1536 486 a
1551 454 1684 495 prefata

138 515 205 542 Vol.
222 514 248 543 Ι·
294 494 396 526 Curia
424 495 460 526 in
483 495 546 527 hac
568 499 665 536 parte
687 496 847 538 inspecta,
871 499 906 528 et
928 497 1062 528 Decano
1086 496 1351 528 Christianitatis
1375 498 1514 537 Exonie,
1537 498 1683 530 Ricardo

294 539 388 578 Gelli,
406 539 546 570 Notat-io
563 540 711 579 Publice,
728 544 762 571 et
778 541 922 572 Ricardo
946 540 1112 582 Medwyn,
1129 540 1259 579 clerico,
1277 540 1368 573 dicte
1382 544 1495 573 vestre
1518 541 1681 580 Dios-esis,

293 583 430 622 directa,
445 593 513 614 nou
529 583 696 622 obstante,
712 584 955 625 liberepoterit
971 583 1087 615 eadem
1104 584 1292 616 Pater-nitas
1315 588 1428 617 vestra
1449 586 1632 618 reverenda
1645 584 1682 618 id

292 627 400 659 faeere
415 630 451 658 et
466 626 587 668 exequi
603 627 694 668 quod
711 631 763 659 est
777 628 1046 660 suum.—-Dated
1062 628 1213 666 London,
1232 629 1271 660 13
1287 628 1308 661 J
1313 628 1381 670 uly.

248 672 368 702 -Alia
387 669 597 710 Dareium,-

291 714 497 753 Reverendo,
513 714 714 746 etc—Cum
730 724 791 746 nos
803 714 838 746 in
852 714 978 746 tutorio
990 714 1235 756 Appellacionis
1247 716 1392 757 negocio,
1405 716 1496 757 quod
1512 715 1682 748 occasione

291 757 541 790 fulminacionis
556 757 635 798 [etc,
659 763 696 789 ut
718 768 830 799 supra,
854 768 955 799 usque
977 759 1023 790 ad
1044 759 1200 799 curavit]‚
1223 759 1266 790 ab
1289 760 1442 791 examine
1465 759 1555 791 dicte
1579 759 1681 792 Curie

290 802 516 833 dimiserimus
531 812 591 843 per
607 802 799 841 Decretum,
814 802 952 843 justicia.
963 802 1128 833 suadente
1144 813 1152 840 ς
1169 803 1368 834 Paternitati
1382 806 1492 835 vestre
1501 803 1684 835 reverende

291 849 407 877 tenore
438 845 650 877 Presencium
681 845 880 877 intimamus
910 847 1012 886 quod,
1037 846 1245 878 Inhibicione
1267 857 1490 888 quacumque,
1514 847 1579 878 sub
1601 847 1683 879 data

293 889 484 929 Londoniis,
499 889 581 920 Idus
595 887 750 920 Octobris
765 889 822 929 [15
840 889 942 929 Oct.],
961 889 1047 921 A.D.
1061 888 1125 922 M0.
1139 890 1271 922 000ιὶῑιο
1285 889 1395 931 lxxij0,
1408 901 1427 921 a
1438 890 1568 931 prefata
1581 890 1683 922 Curia

290 933 326 964 in
342 932 404 964 hac
420 937 514 974 parte
530 933 720 974 impetrata,
739 943 777 964 ac
794 933 927 965 Decano
943 933 985 964 de
1001 933 1264 974 Estweflychyre
1280 933 1344 974 [the
1361 934 1513 975 Deam-y
1528 933 1569 975 of
1579 934 1682 974 Basa,

292 977 437 1008 Domino
453 975 623 1008 Willelmo
645 976 845 1016 Trewelove,
867 979 904 1008 et
927 976 1087 1018 Magistro
1110 977 1276 1008 Edwardo
1300 977 1435 1018 Helyer,
1459 978 1548 1010 dicte
1572 981 1683 1010 vestre

292 1020 449 1059 Diccesis,
474 1020 610 1059 directa,
642 1031 709 1051 non
735 1021 901 1059 obstante,
929 1020 1032 1051 libere
1058 1021 1185 1061 poterit
1210 1021 1327 1052 eadem
1354 1021 1544 1053 Pater-nitas
1570 1024 1683 1054 vestra

292 1065 475 1096 reverenda
489 1064 525 1095 id
540 1064 647 1095 facere
660 1067 694 1095 et
710 1064 831 1106 exequi
847 1065 938 1105 quod
953 1067 1006 1095 est
1021 1064 1293 1096 suum.—Dated
1315 1065 1466 1103 London,
1485 1066 1524 1097 13
1541 1063 1561 1095 J
1567 1065 1638 1107 uly.

248 1152 305 1191 St.
328 1153 483 1203 Illogan
500 1167 509 1200 3
530 1154 594 1191 Ad
612 1154 924 1202 sequestrandum
933 1154 1160 1203 fructus,—

249 1206 348 1246 Item,
374 1208 455 1239 xxix
482 1208 536 1239 die
563 1208 687 1239 mensis
712 1208 868 1248 predicti,
897 1208 1068 1239 emanavit
1096 1208 1296 1240 Mandatum
1323 1208 1492 1240 directum
1520 1209 1681 1250 Magistro

293 1251 423 1283 Simoni
439 1251 630 1292 Wytbielle,
649 1251 789 1283 Officiali
812 1251 993 1283 Peculiaris
1016 1251 1037 1283 J
1042 1251 1269 1283 urisdiccionis
1294 1252 1432 1283 Domini
1447 1252 1482 1284 in
1499 1252 1677 1292 cornubia,

293 1295 335 1326 ad
350 1295 610 1327 custodiendum
635 1295 858 1335 Sequestrum
880 1295 1118 1336 interpositum
1143 1306 1203 1336 per
1227 1295 1411 1327 Dominum
1435 1296 1469 1327 in
1492 1295 1683 1335 fructubus,

295 1341 368 1377 ete„
386 1338 530 1370 Ecclesie
546 1339 662 1370 Sancti
686 1339 826 1379 Illogani
841 1339 876 1370 in
895 1339 1064 1370 Cornubia
1080 1339 1239 1380 predicta,
1264 1339 1421 1371 videlicet
1436 1339 1478 1371 de
1493 1337 1573 1381 ijblm
1587 1340 1684 1371 annis

294 1381 364 1420 xli.,
381 1385 417 1413 et
431 1381 572 1423 singulis
587 1382 684 1413 annis
700 1382 778 1413 inde
794 1382 1025 1423 sequentibus,
1042 1393 1150 1423 usque
1165 1383 1347 1423 plenariam
1363 1384 1610 1423 reparacionem
1626 1384 1683 1415 de-

291 1425 445 1457 fectuum
462 1425 618 1465 cancelli,
635 1426 823 1466 domorum,
839 1429 875 1457 et
890 1426 1121 1458 clausurarum
1137 1426 1264 1458 ibidem
1279 1426 1544 1466 imminencium,
1563 1427 1615 1459 Os.

249 1513 462 1564 ReligiouS,
479 1513 635 1564 though
652 1513 866 1564 Chaplains
878 1514 919 1551 of
937 1513 1008 1551 the
1023 1512 1254 1564 Apostolick
1270 1514 1352 1560 See,
1371 1518 1414 1552 to
1428 1514 1478 1552 be
1496 1514 1685 1554 obedient

302 1572 344 1606 to
364 1568 468 1606 their
497 1568 702 1618 Superiors
719 1581 730 1615 3
761 1567 887 1616 Copia
905 1568 1132 1605 Literarum
1150 1568 1535 1616 Apostolicarum,——

250 1622 349 1660 Item,
366 1622 491 1653 eisdem
508 1622 572 1661 die,
588 1622 669 1662 loco,
686 1625 722 1654 et
737 1632 834 1660 anno,
850 1625 984 1662 recepta
999 1622 1145 1663 quadam
1161 1622 1256 1663 copia
1272 1622 1462 1653 Literarum
1475 1622 1681 1664 Apostolica-

292 1675 380 1704 rum,
404 1665 438 1696 in
461 1665 523 1697 hec
546 1665 891 1706 verba‚-—Greg0riu8‚
920 1670 996 1704 etc„
1018 1665 1063 1697 ad
1085 1668 1284 1706 perpetuam
1306 1665 1354 1697 rei
1376 1666 1681 1698 memoriam-Ad

292 1709 436 1740 Romani
452 1709 624 1740 Pontifiois
641 1709 889 1750 providenciam
905 1709 1182 1750 circumspectam
1205 1709 1252 1740 sic
1276 1709 1372 1740 Sedis
1395 1709 1586 1750 Apostolice
1610 1710 1680 1742 Pri-

293 1752 413 1792 vilegia
424 1755 460 1784 et
472 1752 612 1784 Indulta
623 1752 788 1784 moderari
799 1753 967 1793 pertinere
980 1752 1167 1784 dinoscitur
1182 1753 1274 1794 quod
1288 1763 1329 1784 ex
1345 1753 1392 1784 eis
1409 1754 1550 1785 materia
1567 1754 1682 1795 malig-

293 1796 397 1827 nandi
411 1796 497 1827 nulli
513 1796 623 1836 detur,
639 1806 677 1827 ac
699 1806 839 1837 persone
861 1806 928 1837 que
951 1796 1133 1837 Religionis
1156 1796 1276 1827 habitu
1292 1807 1408 1828 vacare
1428 1797 1554 1828 debent
1569 1798 1684 1829 studio

293 1840 348 1881 pie
364 1840 432 1871 vite
447 1850 485 1871 ac
501 1839 587 1871 bone
602 1840 803 1878 obediencie,
820 1842 856 1871 et
876 1850 895 1871 a
918 1840 1166 1881 perseverancia
1189 1839 1304 1871 Divini
1327 1839 1464 1872 Sex-vicii
1487 1841 1683 1872 nullatenus

291 1883 516 1915 retrahantur.
577 1884 664 1916 Sane
680 1894 788 1925 nuper
803 1883 846 1914 ad
861 1889 1016 1914 nostrum
1031 1883 1151 1915 relacio
1167 1883 1334 1924 fidedigna
1350 1884 1509 1924 perduxit
1524 1884 1681 1916 auditum

293 1927 384 1967 quod
396 1927 550 1958 nonnulli
561 1927 728 1967 Religioni,
741 1927 845 1958 eciam
858 1927 1097 1966 Menfficantes,
1112 1927 1217 1968 quiin
1232 1925 1421 1968 Capellanis
1434 1927 1529 1959 Sedis
1539 1928 1681 1968 Aposto-

292 1970 354 2002 lice
376 1981 411 2001 se
433 1970 534 2011 recipi
557 1973 791 2012 procurarunt,
815 1973 991 2011 propterea
1014 1970 1142 2002 bonum
1169 1970 1361 2003 obediencie
1383 1974 1419 2002 et
1441 1971 1682 2003 correccionem

292 2018 494 2052 recusantes,
510 2024 567 2054 per
578 2015 755 2054 mundum,
770 2017 804 2045 et
817 2018 855 2045 ut
867 2014 1052 2055 plurimum
1065 2014 1137 2045 sine
1152 2024 1290 2046 suorum
1307 2014 1525 2055 Superiorum
1535 2015 1683 2054 licencia,

291 2057 403 2099 sepius
418 2058 590 2098 evagando
605 2058 809 2097 discurrunt,
826 2062 861 2089 et
875 2059 1079 2098 quandoque
1093 2058 1136 2089 ad
1153 2058 1338 2089 Romanam
1355 2058 1489 2089 Curiam
1507 2059 1683 2098 accedunt,

293 2104 478 2132 asserentes
504 2101 576 2132 sine
600 2100 799 2142 hujusmodi
829 2111 969 2132 suorum
1000 2101 1219 2142 Supen‘orum
1250 2100 1387 2132 licencia
1416 2112 1452 2132 se
1481 2101 1544 2133 hoc
1574 2102 1682 2133 facere

292 2155 399 2186 posse.
443 2144 523 2183 Nos,
539 2144 654 2185 igitur,
670 2145 705 2176 in
722 2144 902 2186 premissis,
918 2148 1021 2185 prout
1036 2155 1076 2175 ex
1093 2145 1208 2176 debito
1231 2148 1388 2176 tenemur
1404 2145 1585 2177 Pastoralis
1602 2146 1679 2178 Offi-

291 2188 346 2226 cii,
363 2187 542 2219 salubriter
565 2188 739 2229 providere
761 2188 944 2229 cupientes,
962 2188 1175 2220 Auctoritate
1198 2188 1390 2229 Apostoliea
1412 2191 1527 2220 tenore
1543 2189 1685 2221 Presen-.

292 2231 382 2263 cium
397 2231 591 2270 statuimus,
609 2232 776 2269 volumus,
793 2235 829 2263 et
843 2232 947 2263 eciam
965 2231 1159 2263 ordinamus
1181 2232 1273 2272 quod
1296 2241 1412 2263 omnes
1427 2235 1462 2263 et
1477 2232 1601 2272 singuli
1617 2233 1680 2264 Re-

292 2274 401 2315 ligiosi
415 2285 706 2316 quorumcumque
723 2275 900 2314 Ordinum,
916 2275 1021 2306 eciam
1044 2275 1324 2312 Mendicancium,
1342 2275 1432 2307 dicte
1448 2275 1545 2307 Sedis
1561 2276 1677 2317 Capel-

292 2318 370 2358 lani,
387 2318 447 2359 qui
461 2322 544 2350 sunt
559 2322 594 2349 et
608 2318 745 2350 inantea
760 2321 870 2357 erunt,
889 2318 1026 2359 provide
1042 2328 1158 2349 eorum
1182 2318 1416 2359 Superioribus
1432 2322 1467 2350 et
1482 2320 1680 2351 correccioni

291 2361 441 2402 ipsorum
457 2362 490 2393 in
508 2362 664 2393 omnibus
681 2366 716 2394 et
732 2373 791 2403 per
806 2362 918 2393 omnia
933 2362 1004 2393 siut
1018 2361 1172 2402 subjecti,
1189 2372 1227 2393 ac
1242 2362 1271 2392 si
1288 2361 1438 2402 predicte
1454 2362 1550 2394 Sedis
1563 2363 1678 2404 Capel-

293 2405 361 2436 lani
376 2415 443 2436 non
466 2409 600 2444 essent3
623 2415 690 2437 non
713 2405 928 2437 obstantibus
951 2405 1235 2446 Exempcionibus
1257 2408 1292 2436 et
1314 2405 1386 2436 aliis
1408 2406 1680 2447 quibuscumque

293 2447 488 2488 Privilegiis,
506 2449 743 2490 Indulgenciis,
759 2452 795 2480 et
811 2449 948 2488 Graciis,
965 2459 1002 2479 ac
1016 2447 1140 2480 Literis
1157 2448 1368 2489 Apostolicis,
1386 2448 1574 2489 Capellanis
1586 2449 1676 2482 dicte

291 2491 397 2531 Sedis,
413 2491 467 2523 vel
481 2491 572 2531 alias,
588 2492 815 2524 communiter
830 2492 882 2523 vel
898 2491 1043 2530 divisim,
1059 2492 1123 2523 sub
1139 2502 1352 2533 quacumque
1363 2492 1471 2523 forma
1483 2493 1535 2524 vel
1545 2503 1677 2534 expres-

290 2534 383 2566 sione
398 2534 577 2567 verborum
592 2546 611 2567 a
625 2535 716 2567 dicta
732 2536 817 2568 Sede
827 2535 1000 2574 concessis,
1011 2536 1064 2566 vel
1075 2535 1295 2575 imposterum
1307 2535 1547 2574 concedendis;
1564 2536 1681 2579 eciam,

291 2578 319 2608 si
335 2578 377 2609 de
392 2578 458 2609 illis
474 2578 572 2619 plena
586 2582 622 2610 et
636 2589 791 2620 expressa
806 2578 946 2618 mencio,
961 2589 999 2610 ac
1014 2578 1058 2609 de
1072 2579 1174 2610 verbo
1190 2579 1231 2609 ad
1248 2578 1400 2618 verbum,
1412 2578 1447 2609 in
1460 2578 1678 2612 Presentibus

290 2620 336 2652 sit
349 2620 512 2659 habenda,
528 2632 661 2663 queque
675 2622 719 2653 ad
734 2622 797 2654 hoc
811 2622 912 2654 alicui
927 2622 962 2653 in
977 2622 1072 2653 nullo
1081 2621 1237 2654 volumus
1247 2621 1431 2662 suffragari.
1471 2622 1577 2663 Nulli,
1591 2633 1676 2665 ergo,

291 2663 468 2696 hominum
483 2664 591 2705 liceat,
607 2666 806 2698 ete—Data
821 2666 995 2705 Avinione,
1011 2665 1120 2707 primo
1135 2665 1190 2697 die
1205 2664 1330 2696 mensis
1343 2665 1546 2697 Decembris.

246 2752 534 2803 Botusfleming
551 2766 560 2798 ;
587 2754 742 2792 Licence
760 2760 797 2792 to
815 2754 1062 2800 celebrate,—

248 2806 347 2845 Item,
363 2807 488 2838 eisdem
512 2807 575 2846 die,
599 2807 682 2847 loeo,
707 2811 743 2839 et
763 2818 862 2846 anno,
886 2807 1052 2839 Dominus
1075 2806 1238 2838 concessit
1261 2805 1480 2846 [Licenciam]
1505 2806 1676 2840 willelmo

289 2849 411 2881 Talbot
426 2853 461 2881 et
477 2851 573 2882 uxori
588 2851 752 2892 ejusdem,
767 2852 860 2893 quod
883 2851 1023 2891 possint,
1046 2852 1119 2890 ete,
1142 2850 1179 2881 in
1202 2850 1356 2882 Oratorio
1378 2851 1563 2882 eorundem
1584 2852 1674 2892 apud
1697 2855 1701 2858 “

290 2893 472 2932 Moditone,
487 2893 575 2925 infra
592 2894 786 2926 Parochiatn
802 2895 844 2925 de
861 2893 1037 2925 Bodflimie
1051 2893 1087 2926 in
1102 2893 1251 2934 ipsorum
1269 2893 1437 2934 presencia
1454 2904 1462 2932 ;
1486 2904 1545 2936 per
1567 2905 1674 2927 unum

288 2946 415 2968 annum
432 2946 452 2968 a
465 2937 546 2969 data
561 2937 774 2970 Presencium
790 2938 996 2969 duraturam.

277 3005 312 3038 Y
