1988 3256
289 334 385 381 330
514 349 580 383 ΤΗ
587 352 616 383 Ε
641 350 888 385 REGISTER
911 350 971 383 OF
995 349 1175 384 BISHOP
1199 349 1605 384 BRANTYNGHAM.

288 448 365 509 {³333-
439 455 641 496 appensione
657 454 1007 487 communiri—Data
1022 458 1058 486 et
1073 457 1147 486 acta
1162 456 1244 486 sunt
1259 453 1321 486 hec
1335 454 1371 486 in
1386 448 1532 496 quadam
1549 463 1671 495 magna
1693 461 1835 492 camera,

288 504 392 544 V01.'1.
440 509 481 530 ex
498 502 592 539 parte
611 499 760 531 Australi
775 499 944 530 interioris
960 498 1108 531 Claustri
1126 499 1283 530 Fratrum
1300 498 1551 530 Predicatorum
1569 497 1831 534 Londoniarum‚

440 546 563 583 quarto
578 543 632 574 die
648 543 773 574 mensis
789 543 877 582 Maii,
896 543 994 574 Anno
1008 542 1051 574 ab
1067 542 1303 574 Incarnacione
1319 542 1466 582 Domini,
1485 541 1671 574 secundum
1695 549 1835 572 cursum

441 590 477 618 et
492 586 780 628 computacionem
805 586 951 618 Ecclesie
966 586 1156 627 Anglicane,
1174 586 1236 617 M0.
1255 585 1386 618 COCm⁰
1407 584 1526 627 lxxiiij,
1551 584 1741 617 Indiccione
1756 583 1834 625 xij⁵,

442 630 664 662 Pontificatus
680 630 898 670 Sanctissimi‚
923 634 998 669 etc.,
1025 630 1163 662 Domini
1188 630 1347 670 Gregorii,
1365 629 1488 661 Divina
1504 628 1720 661 Providencia
1742 627 1833 668 Pape

442 673 629 712 Undecimi,
648 674 747 705 Anno
763 676 885 716 quarto
899 685 907 713 ;
924 673 1137 715 presentibus
1152 676 1244 712 tunc,
1257 673 1395 712 ibidem,
1416 673 1618 704 Reverendis
1631 675 1665 704 et
1681 670 1834 703 discretis

439 717 541 757 Viris,
560 718 730 758 Magistris
745 718 767 750 J
770 718 902 749 ohanne
919 717 1054 759 Wyliet,
1072 718 1169 749 Sacre
1186 717 1310 758 Pagine
1333 717 1534 754 Professore,
1550 715 1754 748 Cancellario
1772 715 1832 746 Ec-

443 761 540 792 clesie
568 761 773 801 Exoniensis,
798 762 953 793 Johanne
975 761 1134 802 Appulbi,
1154 761 1289 793 Decano
1313 759 1427 792 Sancti
1450 760 1548 792 Pauli
1571 759 1832 798 Londoniarum,

443 805 611 836 Willelmo
635 806 738 847 Byde,
766 805 933 838 Canonico
965 805 1207 844 Saresbiriensi‚
1231 804 1386 836 Johanne
1413 803 1636 843 Blaunchard,
1660 801 1832 834 Archidis-

443 859 526 880 cono
556 847 801 890 Wygorniensi,
831 853 866 881 et
890 849 1045 881 Johanne
1068 848 1335 890 Schilyngforde,
1363 849 1504 880 Rectore
1528 848 1640 879 Prime
1663 845 1834 878 Porcionis

444 892 590 924 Ecclesie
613 894 655 923 de
685 893 905 932 Wodesdone,
937 892 1179 924 Lincoluiensis
1210 892 1366 930 moeonia,
1392 892 1520 932 Legum
1552 890 1766 929 Doctoribus,
1797 891 1834 920 et

445 936 617 968 Willelmo
634 937 799 978 Lorynge,
820 937 986 969 canonico
1006 936 1216 977 Bangorensi,
1239 934 1263 967 J
1265 936 1334 967 uris
1350 935 1465 968 Civilis
1487 935 1673 976 Inceptore,
1689 936 1726 965 et
1742 933 1833 964 Hen-

443 980 511 1012 rico
539 980 672 1022 Persay,
701 981 857 1013 Johanne
887 981 985 1022 Cary,
1012 984 1047 1012 et
1079 980 1246 1011 Willelmo
1277 980 1374 1021 Cary,
1404 989 1442 1011 ac
1470 979 1544 1010 aliis
1575 976 1834 1020 quampluribus

444 1024 590 1056 testibus
619 1024 662 1056 ad
693 1024 854 1066 premissa
886 1024 1010 1056 vocatis
1032 1023 1220 1065 specialiter
1249 1026 1284 1054 et
1312 1021 1542 1064 rogatis.—Et
1563 1033 1633 1063 ego,
1665 1021 1835 1053 Robertus

444 1067 594 1105 Worthe‚
629 1067 778 1107 clericus,
813 1068 1012 1100 Exoniensis
1035 1067 1195 1105 Diocesis‚
1222 1067 1381 1099 Publicus
1406 1066 1618 1098 Auctoritate
1643 1064 1834 1107 Apostolica

444 1112 615 1151 Notarius,
632 1112 801 1152 premissis
816 1112 973 1143 omnibus
989 1114 1024 1143 et
1039 1111 1189 1152 singulis,
1205 1111 1287 1142 dum
1311 1111 1368 1150 sic,
1393 1113 1432 1141 ut
1455 1109 1676 1151 premittitur,
1695 1118 1755 1150 per
1772 1109 1833 1139 Re-

445 1156 607 1187 verendos
622 1155 657 1187 iu
676 1155 810 1187 Christo
827 1156 955 1196 Patres,
980 1155 1143 1186 Dominos
1167 1155 1318 1186 London.
1345 1157 1379 1185 et
1405 1154 1564 1195 Wynton.
1584 1153 1773 1194 Episcopos,
1797 1161 1836 1183 sc

447 1199 691 1231 Cancellarium
706 1203 741 1230 et
756 1199 959 1231 Nicholaum
982 1199 1159 1240 predictos,
1184 1201 1219 1230 et
1241 1208 1352 1230 coram
1368 1198 1415 1229 eis
1431 1197 1619 1239 agebantur
1641 1199 1676 1228 et
1698 1195 1834 1235 fiebant,

445 1254 513 1275 una
528 1253 605 1274 cum
625 1243 827 1278 Reverendis
842 1243 940 1283 Viris,
957 1243 1102 1274 testibus
1125 1242 1375 1284 prenominatis,
1399 1251 1534 1283 presens
1556 1240 1706 1279 interfui,
1730 1249 1836 1280 eaque

444 1287 557 1318 omnia
571 1292 606 1318 et
621 1287 753 1328 singula
768 1287 814 1318 sic
829 1286 900 1318 fieri
912 1287 981 1318 vidi
997 1289 1032 1318 et
1046 1286 1170 1326 audivi,
1181 1285 1306 1327 scripsi,
1317 1288 1353 1317 et
1368 1286 1402 1316 in
1414 1285 1500 1316 hanc
1513 1284 1681 1326 publicam
1693 1284 1836 1315 formam

445 1331 566 1372 redegi,
583 1341 621 1362 ac
636 1330 678 1362 de
694 1331 853 1362 mandato
869 1330 1062 1368 eorundem,
1078 1330 1281 1371 signumque
1290 1339 1404 1361 meum
1420 1329 1558 1360 solitum
1574 1331 1610 1360 ct
1625 1337 1747 1359 nomen
1759 1337 1836 1358 con-

446 1378 593 1414 suetum,
610 1385 677 1405 una
703 1385 780 1405 cum
804 1374 912 1415 sigillo
935 1374 1123 1406 Reverendi
1137 1373 1255 1412 Patris,
1269 1372 1406 1404 Domini
1423 1372 1664 1404 Londoniensis
1679 1369 1837 1412 Episcopi

446 1418 597 1459 predicti,
615 1428 653 1449 ac
668 1418 764 1459 signo
779 1421 814 1449 et
829 1418 1076 1459 subscripcione
1097 1417 1249 1458 Magistri
1265 1416 1449 1455 Edmundi,
1466 1416 1678 1448 Auctoritate
1695 1417 1835 1456 Aposto-

445 1462 509 1494 lica
524 1461 657 1494 Notarii
674 1461 803 1493 Publici
819 1461 1010 1503 subscripti,
1026 1461 1166 1503 apposui
1188 1464 1336 1502 rogatus,
1359 1461 1394 1492 in
1418 1459 1519 1492 fidem
1543 1462 1578 1491 et
1601 1457 1836 1491 testimonium

446 1506 599 1537 omnium
617 1505 864 1547 premissorum.

402 1550 539 1588 —Item,
567 1550 637 1580 alia
660 1548 855 1590 mbscripcio
881 1549 1021 1590 ejusdem
1050 1548 1186 1581 Notarii
1211 1548 1247 1580 in
1276 1547 1354 1580 aliis
1380 1546 1501 1579 Litoris
1527 1557 1625 1588 penes
1655 1544 1837 1578 Dominum

446 1593 693 1632 remanentibus,
710 1593 768 1624 sub
783 1592 844 1624 hac
854 1592 968 1633 forma
984 1592 1209 1632 verborum,—

407 1639 451 1669 Et
466 1648 535 1678 ego,
554 1637 723 1669 Robertus
738 1636 879 1668 Worthe
895 1635 974 1678 [etc.‚
991 1641 1028 1668 ut
1043 1647 1146 1677 supra
1168 1646 1267 1677 usque
1282 1635 1327 1667 ad
1344 1634 1482 1675 audivi],
1499 1644 1538 1666 ac
1553 1645 1600 1674 es,
1617 1633 1660 1665 de
1675 1633 1836 1664 mandato

448 1681 641 1721 eorundem,
674 1680 853 1722 puplicavi,
882 1684 916 1712 et
946 1681 980 1711 in
1005 1680 1091 1712 hanc
1125 1680 1292 1721 puplicam
1320 1679 1462 1710 formam
1487 1678 1608 1719 redegi,
1635 1680 1671 1709 et
1701 1675 1838 1708 aliunde

448 1727 631 1766 occupatus
661 1735 720 1766 per
751 1724 855 1755 alium
885 1724 986 1756 scribi
1016 1724 1089 1763 feci,
1117 1724 1320 1765 signumque
1346 1733 1459 1754 meum
1485 1722 1625 1754 solitum
1651 1724 1688 1753 et
1714 1730 1838 1752 nomen

448 1771 659 1807 consuetum,
673 1778 741 1799 una
762 1778 839 1800 cum
856 1767 964 1808 sigillo
982 1767 1169 1799 Reverendi
1192 1767 1312 1804 Patris,
1333 1766 1470 1798 Domini
1494 1764 1736 1797 Londoniensis
1760 1763 1838 1805 Epi-

449 1812 540 1853 scopi
556 1812 708 1853 predicti,
733 1822 771 1843 ac
802 1811 897 1852 signo
919 1814 955 1843 et
977 1811 1223 1852 subscripcione
1241 1810 1391 1852 Magistri
1415 1809 1601 1848 Edmundi,
1625 1807 1839 1840 Auctoritate

449 1856 641 1897 Apostolica
657 1855 797 1887 Notarii·
812 1855 943 1886 Publici
966 1855 1156 1896 subscripti,
1182 1854 1322 1896 apposui
1342 1857 1480 1894 rogatus
1502 1853 1538 1884 in
1561 1853 1663 1884 fidem
1686 1855 1719 1883 et
1743 1850 1839 1883 tosti-

450 1900 603 1931 monium
620 1899 771 1930 omnium
790 1899 1035 1939 premissorum.
1073 1899 1216 1930 Constat
1231 1898 1342 1938 michi,
1356 1897 1496 1929 Notario
1506 1897 1664 1938 predicto,
1675 1895 1717 1927 de
1730 1894 1840 1926 verbis

450 1948 479 1975 et
495 1943 636 1975 Rectoris
652 1943 716 1974 sub
731 1943 900 1974 tricesima
916 1953 1013 1982 nona,
1031 1942 1201 1974 Robertum
1217 1942 1280 1973 sub
1296 1941 1551 1983 quadragesima
1567 1943 1600 1972 et
1616 1940 1681 1971 sub
1696 1939 1837 1981 quadra-

449 1987 576 2028 gesima
591 1987 724 2028 quinta,
751 1986 896 2018 Rectoris
917 1986 982 2018 sub
1004 1986 1281 2028 quinquagesima
1302 1985 1399 2016 lineis
1415 1995 1434 2016 a
1449 1984 1557 2025 capite
1579 1982 1685 2025 hujus
1708 1983 1838 2014 Instru-

451 2030 558 2062 meuti
588 2030 820 2062 descendendo
858 2029 1082 2061 inter-lineatis
1098 2040 1107 2069 ;
1145 2040 1211 2071 que
1240 2028 1312 2060 fieri
1342 2028 1405 2060 feci
1442 2027 1613 2069 scriptoris
1649 2025 1840 2069 supplendo

451 2074 635 2114 defectum,
656 2076 692 2105 et
707 2084 746 2105 ea
760 2073 836 2105 volo
851 2073 944 2104 omni
960 2073 1044 2105 vicio
1060 2076 1095 2105 et
1110 2072 1299 2114 suspicione
1314 2082 1434 2104 carere.

407 2129 535 2168 South
556 2129 652 2167 Pool
681 2126 803 2182 [Pole,
835 2126 964 2180 MS.];
993 2129 1056 2166 Sir
1082 2127 1258 2166 William
1287 2127 1579 2177 Dounebrigge‚
1601 2126 1719 2172 R„—

298 2186 359 2217 [fol.
408 2185 546 2217 Licence
562 2184 597 2215 of
612 2183 867 2214 non-residence
882 2183 935 2214 for
950 2194 969 2214 a
984 2194 1073 2224 year,
1091 2182 1111 2197 “
1123 2183 1218 2222 dum,
1233 2185 1358 2221 tamen,
1374 2185 1443 2213 stet
1459 2181 1494 2212 in
1509 2180 1678 2222 obsequiis
1702 2178 1838 2211 Domini

298 2219 354 2250 42]
451 2227 612 2259 Willelmi
628 2227 670 2258 de
687 2227 889 2268 Gunthorpe
902 2227 920 2239 ’¹
938 2226 1104 2267 (London,
1121 2225 1140 2260 7
1157 2226 1260 2267 May).

411 2282 636 2333 waorthy,
657 2281 764 2319 John
784 2281 1013 2332 Flemynge,
1034 2281 1152 2327 R„—

408 2337 547 2368 Licence
569 2336 605 2367 of
628 2335 879 2367 non-residence
901 2335 953 2366 for
975 2335 1071 2367 three
1094 2345 1198 2375 years,
1224 2334 1348 2373 “dum,
1372 2336 1496 2372 tamen,
1520 2335 1590 2364 stet
1611 2332 1645 2364 in
1669 2331 1839 2373 obsequiis

452 2379 605 2421 Magistri
620 2379 748 2411 'rhome
763 2379 806 2410 de
824 2379 939 2410 Monte
955 2382 1056 2410 acuto
1068 2379 1087 2392 ’¹
1107 2380 1211 2418 (same
1226 2377 1330 2417 date).

506 2544 748 2612 [mutatio
786 2546 921 2599 &nni
961 2545 1354 2599 wuitszaaciunis
1395 2540 1636 2608 Bantius]

301 2631 352 2692 {⁴33¹ss
411 2631 700 2681 Illegitima0y;
722 2628 1038 2677 Dispensacio‚--

354 2685 360 2692 ·
411 2686 563 2726 —Roger
579 2684 687 2723 omel’
705 2682 909 2722 ⁸⁰h⁰¹⁸¹3—“
922 2682 964 2713 de
978 2680 1150 2723 P'Wbitem
1165 2681 1300 2723 genitus
1314 2684 1351 2712 et
1365 2681 1477 2712 soluta
1489 2681 1508 2693 ”
1526 2680 1646 2721 (ΟῙμι,
1664 2679 1703 2712 27
1722 2679 1825 2721 May)⁸

411 2741 610 2779 Oratories
627 2751 637 2786 ς
666 2739 819 2776 Licence
839 2744 876 2775 to
895 2737 1141 2782 celebrate,—

299 2796 390 2830 Jum-
414 2796 514 2832 Item,
537 2793 628 2834 apud
658 2792 765 2833 Clyst,
789 2792 898 2833 primo
921 2791 975 2822 die
998 2790 1122 2822 mensis
1144 2790 1166 2823 J
1170 2790 1250 2828 unii,
1277 2790 1444 2822 Dominus
1465 2789 1630 2821 concessit
1651 2787 1839 2821 Licenciam

301 2837 347 2858 ¹³⁵·
452 2837 620 2869 Willelmo
650 2835 843 2877 Huwysche
873 2837 909 2866 et
939 2834 1080 2866 Ricarde
1110 2833 1207 2866 uxori
1238 2833 1402 2875 ejusdem,
1426 2833 1517 2874 quod
1541 2832 1681 2874 possint,
1705 2834 1779 2870 etc„
1802 2830 1836 2863 iu

453 2880 611 2913 Maneriis
625 2879 696 2911 suis
711 2880 753 2910 de
769 2877 1011 2917 Tremetheret,
1027 2877 1216 2917 Rathwille,
1232 2882 1267 2908 et
1284 2877 1431 2909 Haltone
1452 2874 1505 2918 [in
1523 2875 1636 2915 Duloe,
1658 2874 1838 2914 Lanaalloa,

452 2924 522 2957 and
538 2924 584 2956 St.
603 2921 802 2962 DominicIcJ,
823 2922 859 2953 in
875 2931 991 2953 eorum
1008 2920 1176 2962 presencia
1191 2930 1250 2952 seu
1266 2919 1405 2952 alterius
1420 2919 1613 2959 eorundem,
1629 2921 1693 2952 etc.
1709 2928 1719 2958 ;
1734 2928 1841 2960 usque

453 2969 592 3000 Festum
610 2965 735 2998 Pasche
752 2965 902 3007 proximo
918 2964 1076 2996 futurum
1091 2964 1329 2996 tantummodo
1345 2964 1554 2995 duraturam.

1980 933 1988 1180 „.-....—-—...—.x.·..-
