1988 3256
306 351 401 396 444
517 363 620 396 'run
655 360 897 397 REGISTER
932 360 994 395 or
1029 359 1207 397 msflor
1242 359 1643 397 BRANTYNGHAM.

301 468 337 495 A
343 466 377 493 D·
458 468 626 501 ordinario
642 468 813 500 valeamus
832 466 979 509 [libere]¹
995 478 1176 507 excercere,
1199 467 1264 500 sub
1286 467 1443 510 gravibus
1466 468 1561 510 penis
1584 470 1619 500 et
1641 467 1790 500 censuris
1812 466 1849 501 in

302 503 405 564 1938?ss
459 524 529 552 vos,
548 513 576 544 si
593 512 811 544 Presentibus
835 512 973 543 minime
995 522 1110 553 parere
1132 512 1307 552 duxeritis,
1331 523 1399 544 non
1421 512 1591 544 immerito
1613 511 1845 544 fulminandis.

331 545 348 564 ⁰
459 557 510 588 De
541 556 605 596 die,
630 567 717 595 vero,
742 555 943 597 recepcionis
968 555 1192 596 Presencium,
1217 559 1252 588 et
1275 556 1357 598 quid
1381 566 1482 598 super
1505 556 1569 588 hiis
1599 555 1756 596 feceritis,
1787 565 1847 598 seu

457 600 622 631 duxeritis
653 600 855 638 faciendum,
888 610 957 638 nos,
984 602 1046 631 aut
1072 603 1203 631 nostras
1230 600 1318 631 vices
1344 603 1498 641 gerentes
1525 599 1734 642 hujusmodi,
1763 598 1848 631 citra

458 645 599 676 Festum
624 643 738 675 Sancti
763 643 906 684 Georgii,
935 643 1093 682 Martii-is,
1118 643 1270 684 proximo
1291 643 1361 685 jam
1384 644 1554 683 futurum,
1577 643 1767 676 certificetis
1790 653 1850 684 per

458 691 594 727 vestras,
618 698 677 718 seu
701 687 757 718 ille
781 690 930 718 vestrum
954 687 1116 718 certificet
1131 687 1189 728 qui
1205 698 1341 728 presens
1363 688 1564 719 Mandatum
1587 687 1750 729 receperit
1771 697 1848 719 exe-

457 731 633 772 quendum
657 741 715 771 per
731 741 807 762 suas
825 730 953 761 Literas
970 733 1134 771 patentes,
1152 731 1270 762 harum
1295 731 1425 771 seriem,
1442 735 1477 763 et
1492 732 1674 763 citatorum
1699 731 1844 771 nomina,

456 775 557 816 juxta
573 775 724 815 gradum,
742 777 882 813 statum,
901 777 937 805 et
951 774 1151 815 qualitatem
1168 775 1362 814 eorundem,
1383 785 1450 806 una
1471 786 1547 807 cum
1572 776 1673 807 modo
1687 778 1724 807 et
1739 775 1847 807 forma

457 819 637 851 Citacionis
667 822 789 857 vestre,
816 817 868 857 [uc
893 818 1138 859 specificacione
1168 818 1364 850 defectuum
1388 819 1422 851 in
1447 819 1615 851 natalibus
1641 822 1678 851 et
1704 819 1847 851 aliorum

456 862 785 903 impedimentorum,
805 862 833 892 si
850 872 915 903 que
929 860 1141 902 paciantur-P,
1154 861 1310 893 seriosius
1322 863 1543 902 continentes,
1555 862 1663 902 sigillo
1674 862 1847 895 autentico

458 905 840 946 consignatas—Dat&
855 909 891 936 at
915 905 1021 946 Clyst,
1039 907 1080 937 22
1097 906 1367 944 Maron-Item,
1391 906 1516 938 eisdem
1538 906 1593 938 die
1617 911 1652 938 et
1673 906 1755 946 loco,
1772 917 1847 939 con-

458 949 579 981 similia
596 949 756 981 Mandata
771 949 912 980 fuerunt
928 949 1056 981 directa
1072 949 1323 981 Archidiaconis
1347 950 1514 988 Tottonie,
1536 950 1796 991 Barnastapolie,
1812 953 1849 982 et

460 993 744 1031 Exonie.——Item,
762 992 882 1034 quinto
898 993 953 1024 die
970 993 1104 1034 Aprilis,
1123 1004 1182 1034 pro
1200 993 1354 1034 Collegiis
1379 994 1573 1032 Griditonie,
1597 995 1720 1026 Sancte
1743 994 1849 1026 Marie

457 1039 498 1068 de
527 1038 641 1078 Otery,
675 1037 851 1078 Glasneye,
879 1040 915 1067 et
939 1037 1053 1068 Sancti
1085 1037 1271 1076 Carentoci‚
1302 1041 1505 1069 emanarunt
1536 1038 1696 1070 Mandata
1726 1038 1847 1070 similia

459 1081 620 1112 Mandato
638 1090 696 1121 pro
712 1080 858 1111 Ecclesia
874 1080 1079 1119 Cathedrali,
1099 1081 1213 1122 paucis
1228 1081 1382 1113 mutatis.

416 1125 482 1156 Pro
501 1124 667 1164 Reliyiosis
682 1126 720 1155 in
744 1123 989 1163 Visicacionef—

414 1169 568 1207 Thomas,
585 1171 659 1207 etc.,
679 1167 842 1208 Religioso
861 1167 948 1206 Viro,
973 1167 1146 1199 Prioratus
1170 1168 1285 1203 Sancti
1308 1167 1461 1200 Nicholai
1487 1169 1613 1201 Exonie
1637 1169 1752 1209 Priori,
1769 1172 1848 1209 etc.‚

458 1212 612 1251 salutem,
630 1216 734 1243 etc.—
742 1211 828 1250 Quia
843 1222 914 1250 nos,
933 1215 1007 1250 etc,
1024 1215 1060 1243 ut
1081 1222 1194 1252 supra,
1211 1211 1273 1243 tali
1288 1212 1350 1251 die,
1368 1216 1404 1243 ut
1426 1223 1537 1253 supra,
1556 1223 1623 1251 vos,
1639 1216 1675 1244 et
1698 1213 1847 1245 Domum

460 1259 605 1287 vestram
629 1259 698 1286 tam
722 1255 756 1286 in
780 1253 888 1295 eripite
904 1265 1006 1295 quam
1029 1255 1063 1286 in
1088 1255 1257 1294 membris,
1274 1255 1308 1286 in
1332 1256 1442 1287 Domo
1459 1261 1568 1287 vestra
1584 1256 1781 1297 Capitulari,
1797 1257 1850 1289 in-

459 1299 632 1331 tendimus
650 1299 793 1338 visitat-e,
818 1309 945 1330 necnon
969 1299 1138 1340 quomodo
1161 1302 1197 1331 et
1219 1299 1365 1340 qualiter
1388 1299 1625 1332 Ordinaciones
1648 1303 1684 1332 et
1707 1301 1851 1333 Decreta

304 1343 351 1371 sol.
371 1344 414 1370 89
461 1344 495 1375 in
523 1343 653 1384 prefata
680 1343 798 1381 Domo,
814 1342 857 1373 ad
882 1342 1016 1373 laudem
1046 1343 1106 1374 Dei
1133 1342 1261 1383 Suique
1289 1343 1442 1374 Nominis
1466 1344 1606 1385 gloriam
1629 1347 1665 1376 et
1689 1344 1849 1376 honorem

457 1387 558 1426 edita,
575 1397 594 1418 a
610 1385 705 1418 vobis
721 1397 758 1418 ac
773 1386 930 1418 omnibus
946 1390 981 1418 et
1004 1386 1144 1427 singulis
1169 1386 1339 1418 Monachis
1362 1387 1547 1438 ceterisque
1572 1387 1736 1420 Ministris
1758 1388 1847 1431 ejus-

460 1431 538 1462 dem
555 1431 684 1461 Domus
700 1429 829 1461 fuerint
852 1430 1036 1469 observata,
1054 1429 1267 1471 qualiterque
1282 1430 1460 1462 versemini
1481 1432 1568 1463 circa
1589 1431 1769 1473 Discipline
1791 1432 1847 1463 ob-

459 1474 661 1506 servanciam
681 1473 873 1514 Regularis;
891 1473 932 1504 de
948 1477 1051 1513 statu,
1064 1474 1178 1512 eciam,
1193 1478 1226 1505 et
1242 1474 1403 1515 regimine
1419 1475 1548 1515 prefate
1562 1475 1690 1506 Domus
1705 1475 1848 1507 interius

459 1522 494 1550 et
509 1518 656 1549 exterius
672 1517 882 1557 investigare,
899 1517 1076 1558 inqui1··e1e,
1088 1521 1124 1548 et
1139 1497 1262 1557 vi'dere,
1273 1529 1310 1549 ac
1326 1528 1364 1549 ea
1376 1528 1442 1559 que
1457 1518 1683 1550 invenerimus
1699 1519 1850 1559 neglecta

458 1562 509 1594 vel
525 1562 646 1593 omissa
662 1561 696 1593 in
714 1561 881 1602 premissis
898 1565 1035 1602 paterna
1050 1561 1225 1593 affeccione
1240 1562 1402 1602 corrigere
1424 1566 1460 1593 et
1482 1562 1516 1593 in
1540 1565 1669 1594 statum
1692 1563 1849 1595 debitum

458 1606 616 1637 reducere
630 1604 730 1646 juxta
754 1605 839 1636 vires
856 1615 863 1642 ;
888 1605 1041 1646 quocirca
1064 1605 1157 1636 vobis
1180 1605 1435 1645 committimus,
1451 1608 1525 1645 etc„
1542 1606 1703 1647 quatinus
1724 1606 1848 1647 citetis,

458 1652 535 1689 eto„
559 1659 675 1680 omnes
697 1652 733 1679 et
755 1648 904 1689 singulos
927 1649 1074 1689 sepefate
1098 1649 1227 1680 Domus
1251 1649 1516 1681 Commonachos
1539 1650 1640 1691 quod,
1663 1652 1741 1690 etc.‚
1758 1650 1850 1682 dicto

459 1693 523 1732 die,
552 1696 625 1730 ete„
656 1703 733 1724 cum
760 1692 1014 1723 continuacione
1039 1695 1075 1723 et
1102 1692 1335 1733 prorogacione
1365 1693 1496 1724 dierum
1527 1697 1563 1725 et
1593 1693 1741 1725 locorum
1767 1698 1851 1726 tunc

458 1736 685 1778 sequencium,
709 1736 744 1767 in
770 1736 876 1767 Domo
895 1738 1009 1767 vestra
1032 1736 1218 1776 Capitulari
1241 1736 1390 1777 predicta
1413 1747 1505 1768 more
1527 1737 1626 1769 solito
1649 1737 1850 1779 congregati,

460 1780 657 1821 hujusmodi
689 1779 900 1811 visitacionis
931 1783 1044 1810 nostre
1085 1780 1240 1811 Officium
1272 1780 1437 1811 Canonice
1467 1780 1622 1820 subituri,
1653 1785 1852 1823 statumque

460 1824 614 1864 ejusdem
631 1824 762 1855 Domus
778 1826 887 1854 vestre
903 1823 999 1854 nobis
1017 1823 1146 1864 plenius
1163 1823 1370 1862 exhibituri,
1363 1834 1370 1842 ·
1394 1834 1533 1864 necnon,
1550 1825 1726 1856 veritatem
1749 1835 1852 1866 quum

459 1867 615 1899 noverint
629 1878 730 1908 super
753 1870 836 1898 tunc
858 1867 901 1898 ab
926 1867 972 1898 eis
995 1867 1203 1908 inquirendis
1222 1867 1456 1899 Visitacionem
1481 1871 1631 1899 nostram
1655 1868 1852 1910 hujusmodi

460 1911 738 1942 concernentibus
762 1910 971 1950 deposituri;
1003 1910 1136 1948 facturi,
1161 1913 1234 1950 etc„
1258 1916 1296 1942 ut
1317 1911 1471 1942 mihitur
1489 1922 1552 1952 pro
1575 1912 1715 1944 Ecclesia
1739 1912 1786 1944 Oa
1788 1911 1852 1944 the-

458 1954 682 1994 drali,—Vos,
709 1954 822 1993 eciam,
849 1935 992 1985 Domine
1024 1954 1127 1993 Prior,
1157 1957 1220 1985 etc.
1270 1954 1387 1994 Quem,
1412 1958 1537 1995 autem,
1569 1956 1765 1995 terminum,
1788 1959 1850 1988 etc.

461 1998 572 2037 Vobis,
591 1998 703 2036 eciam,
722 1998 866 2029 Domine
890 1998 993 2036 Prior,
1012 2000 1128 2029 tenore
1152 1998 1366 2029 Presencium
1390 1998 1582 2030 inhibemus
1605 2009 1647 2030 ne
1669 1999 1851 2040 quicquam

460 2043 493 2073 in
512 2041 736 2092 prejudicium
754 2041 966 2073 Visitacionis
988 2044 1102 2072 nostre
1125 2041 1331 2081 hujusmodi,
1348 2052 1367 2072 ἰ
1389 2044 1540 2083 tempore
1563 2043 1777 2075 Presencium
1798 2053 1848 2074 re-

459 2085 632 2127 cepcionis,
663 2084 883 2126 quovismodo
913 2084 1137 2125 attemptetis,
1162 2085 1301 2124 faciatis,
1332 2095 1389 2116 seu
1423 2086 1627 2125 permittatis
1657 2086 1849 2128 aliqualiter

460 2129 668 2170 attemptari.
715 2129 765 2160 De
781 2128 844 2166 die,
862 2131 935 2168 etc„
953 2129 1052 2159 dictis
1068 2128 1121 2159 die
1137 2131 1173 2159 et
1188 2128 1259 2159 Ioco
1274 2129 1463 2160 certificetis
1486 2139 1545 2171 per
1570 2129 1697 2162 Literns
1720 2133 1848 2162 vestras

460 2175 623 2214 patentes,
640 2172 760 2203 harum
783 2172 902 2203 seriem
926 2175 961 2203 et
985 2171 1309 2204 Commonachorum
1335 2175 1524 2204 vestrorum
1549 2173 1744 2215 hujusmodi
1767 2173 1846 2206 cita-

460 2221 574 2248 torum
597 2216 733 2247 nomina
758 2215 913 2247 seriosius
939 2216 1162 2254 continentes,
1189 2219 1300 2246 vestro
1326 2215 1434 2256 sigillo
1458 2217 1788 2256 sigillatas—Dated
1809 2220 1848 2249 at

461 2260 566 2300 Clyst,
592 2259 631 2293 27
657 2259 927 2298 Marcu—Item,
945 2259 1070 2291 eisdem
1094 2259 1147 2290 die
1170 2264 1206 2290 et
1228 2259 1311 2298 loco,
1337 2259 1502 2292 consimili
1525 2261 1624 2292 modo
1647 2261 1847 2293 mandatum

461 2304 530 2335 fuit
545 2303 617 2334 aliis
633 2303 814 2344 Religiosis.

416 2347 527 2378 -Pro
544 2346 770 2379 &aelredi-atico
785 2349 822 2378 in
838 2345 1163 2378 Archidtaconatibus
1190 2346 1340 2386 Tottom'e,
1362 2346 1620 2389 Barnastapolie‚
1636 2352 1666 2381 et
1689 2346 1850 2381 cornubie

457 2390 640 2430 colligendo,
656 2390 798 2421 durante
823 2389 1012 2422 visitacione
1028 2392 1064 2421 in
1079 2389 1251 2428 eisdem,—

414 2435 568 2473 Thomas,
584 2438 658 2473 etc,
677 2434 843 2473 Magistris
858 2434 879 2466 J
883 2433 1006 2465 ohanni
1022 2434 1238 2473 Northwode,
1256 2434 1396 2466 Officiali
1411 2437 1525 2467 nostre
1542 2435 1722 2467 Peculiaris
1737 2436 1759 2468 J
1763 2435 1845 2468 uris-

459 2477 617 2509 diccionis
632 2477 667 2508 in
691 2477 849 2517 Devonia,
866 2481 902 2509 et
927 2477 1091 2508 Willelmo
1117 2477 1215 2517 Piers,
1234 2478 1406 2509 Advocato
1429 2479 1535 2510 nostri
1559 2479 1753 2511 Consistorii
1778 2479 1846 2511 Ex-

462 2520 617 2560 oniensis,
655 2521 810 2561 salutem,
842 2521 1007 2552 etc.—Ad
1045 2521 1237 2559 levandum,
1268 2522 1503 2562 colligendum,
1533 2525 1569 2554 et
1605 2522 1844 2564 recipiendum,

463 2565 592 2596 meliori
623 2565 722 2596 modo
752 2575 819 2605 quo
850 2564 1012 2606 poteritis,
1042 2564 1315 2596 Cathedraticum
1347 2569 1382 2597 et
1412 2565 1515 2597 eciam
1542 2566 1785 2607 Synodatieum
1810 2566 1846 2598 iu
1892 2576 1895 2579 ⁴

460 2608 741 2640 Archidiaconatu
766 2608 975 2639 Tottoniensi
998 2608 1093 2639 nobis
1116 2619 1175 2648 pro
1198 2608 1339 2639 instanti
1361 2619 1448 2640 anno
1471 2609 1584 2641 debita
1607 2620 1667 2642 seu
1682 2610 1845 2649 debenda,
1860 2619 1868 2626 ·
1987 2646 1988 2649 Ἰ

461 2663 481 2683 a
496 2652 585 2683 Viris
602 2651 841 2683 Ecclesiasticis
857 2656 891 2683 et
907 2662 1022 2683 eorum
1041 2651 1213 2683 Beneficiis
1235 2651 1359 2683 ibidem
1383 2652 1479 2684 annis
1501 2653 1641 2694 singulis
1663 2653 1747 2686 solvi
1769 2663 1845 2685 con·
1983 2656 1988 2690 ¹,

461 2698 582 2733 sueta;
620 2705 758 2734 necnon,
790 2695 943 2726 denarios
975 2695 1270 2735 Indulgenciarum
1302 2695 1447 2727 Ecclesie
1484 2699 1599 2728 nostre
1638 2697 1846 2736 Exoniensis,
1982 2702 1984 2704 ’

462 2739 606 2770 durante
634 2738 836 2770 Visitacione
861 2739 896 2770 in
925 2738 1204 2770 Aichidiaconatu
1231 2739 1380 2779 predicto
1403 2742 1439 2771 et
1461 2740 1629 2780 pendente
1651 2740 1846 2782 inexpleta·
1837 2763 1847 2779 ‚

462 2782 556 2813 vobis
583 2781 792 2823 conjunctim
819 2785 855 2813 et
880 2782 1024 2821 divisim,
1051 2782 1093 2813 de
1118 2792 1262 2823 quorum
1292 2782 1464 2821 fidelitate,
1495 2785 1573 2822 etc„
1601 2783 1847 2816 committimus

461 2826 668 2865 facultatem,
697 2835 774 2856 cum
805 2825 989 2866 cujuslibet
1019 2825 1221 2857 coliercionis
1252 2826 1418 2858 Canonice
1451 2829 1627 2867 potestate.
1634 2827 1788 2859 —Dnted
1810 2829 1848 2859 at

463 2869 570 2911 Clyst,
591 2870 609 2901 5
627 2869 888 2910 Ap1i1.—Simili
905 2870 1003 2900 modo
1026 2869 1240 2900 commissum
1263 2869 1332 2900 fuit
1354 2869 1444 2901 dicto
1468 2869 1607 2902 Officiali
1630 2873 1666 2903 et
1689 2870 1849 2912 Magistro

311 2969 322 2989 ²
347 2971 499 3003 Inserted
517 2970 620 3002 above
637 2970 696 3002 the
712 2970 787 3002 line.
1093 2968 1106 2989 ²
1132 2970 1250 3002 Added
1267 2970 1300 3002 in
1320 2970 1377 3002 the
1393 2971 1532 3013 margin.
