1988 3256
471 331 763 366 REGISTRUM
799 330 1261 365 COMMUNE—-ANNO
1301 321 1394 366 15⁰.
1615 320 1709 368 567

321 440 433 470 nostri
449 440 678 480 impressione
694 440 731 470 in
747 440 850 471 dorso
874 439 980 479 sigilli
1004 438 1238 478 consignatas,
1255 437 1400 468 minime
1416 438 1649 476 exhibuerint,
1667 438 1709 469 de

259 491 266 498 ·
321 486 440 515 cetero
454 484 664 515 admittatis.
712 484 768 522 Et,
786 484 814 514 si
831 484 946 524 alique
963 483 1080 514 Litere
1097 484 1268 522 suspecte,
1286 484 1322 513 et
1345 482 1466 513 taliter
1481 485 1521 513 ut
1536 483 1709 522 premitti-

266 525 272 531 ’
320 531 382 559 tur
396 538 466 559 non
483 529 622 569 signate
638 528 694 559 vel
709 528 864 559 exhibite
880 527 1016 559 fuerint
1031 530 1067 558 et
1084 529 1233 564 ostense,
1251 537 1310 557 eas
1333 527 1517 557 retineatis
1533 529 1568 558 et
1585 527 1629 558 ad
1645 537 1710 558 nos

320 573 482 604 celeriter
506 573 770 604 transmittatis.
817 573 860 603 In
885 572 986 613 cujus
1010 572 1060 602 rei
1086 571 1329 602 testimonium
1357 571 1511 611 sigillum
1539 573 1710 610 nostrum,

316 627 387 648 una
414 627 494 648 cum
521 617 751 658 impressione
779 617 875 648 anuli
906 616 1018 647 nostri
1045 617 1083 646 in
1110 615 1224 654 dorso,
1252 615 1402 646 fecimus
1429 615 1497 646 hiis
1525 616 1710 656 apponi.—

317 662 433 692 Dated
450 662 606 701 London,
623 662 645 693 9
661 662 794 693 March.

273 716 433 754 Letters
454 716 748 767 Dimissory,—

275 771 624 856 Righffissefflhar’
638 772 780 810 deacon,
799 771 870 802 “ad
885 771 1031 802 Sacrum
1045 770 1305 801 Presbiteratus
1319 770 1514 801 Ordinem”
1536 768 1709 811 (London,

273 870 446 922 Colyton
462 884 473 917 3
492 870 863 916 Penitenciaria,--

274 926 436 965 Thomas,
453 928 531 965 ete„
548 926 718 966 Magistro
735 925 885 957 Ricardo
901 925 943 956 de
954 925 1198 966 Wykeslonde,
1211 924 1352 955 Vicario
1369 925 1543 965 Perpetuo
1556 925 1711 956 Ecclesie

320 971 535 1002 Parochialis
561 971 604 1002 de
630 970 811 1011 Colytone,
840 970 1001 1008 salutem,
1025 969 1194 1001 etc.--Ad
1217 969 1430 1000 audiendum
1447 970 1483 999 in
1499 969 1576 1000 foro
1593 970 1709 1001 anime

322 1015 568 1046 Confessiones
594 1015 885 1055 parochianorum
912 1017 1053 1045 tuorum
1081 1024 1389 1054 quorumcumque,
1414 1014 1575 1054 ipsosque
1598 1014 1709 1045 absol-

319 1060 471 1091 vendum
496 1060 539 1090 de
563 1059 717 1099 peccatis
739 1059 812 1090 suis
837 1059 902 1090 tibi
928 1059 1102 1090 veraciter
1123 1058 1293 1089 confessis
1317 1056 1402 1098 (eta,
1427 1059 1463 1088 in
1487 1058 1540 1089 the
1559 1069 1707 1089 common

314 1101 446 1144 form);
477 1104 554 1142 tibi,
578 1103 621 1134 de
644 1103 746 1144 cujus
769 1103 986 1134 consciencie
1010 1103 1166 1143 puritate
1190 1113 1231 1134 ac
1258 1103 1574 1143 circumspeccione
1597 1106 1633 1134 et
1658 1104 1708 1134 in-

319 1148 457 1179 dustria
478 1148 620 1188 plenam
642 1148 680 1178 in
704 1148 854 1178 Domino
869 1148 1033 1178 fiduciam
1050 1147 1215 1187 gerimus,
1233 1150 1354 1178 tenore
1371 1147 1598 1178 Presencium
1615 1148 1709 1179 vices

316 1195 457 1223 nostras
473 1192 728 1223 committimus
744 1195 780 1223 et
789 1192 983 1232 plenariam
994 1193 1207 1232 potestatem
1224 1206 1231 1229 ;
1249 1192 1476 1222 Presentibus
1488 1192 1533 1223 ad
1548 1194 1708 1223 nostrum

317 1237 579 1277 beneplacitum
595 1237 948 1268 duraturis.—Dated
965 1236 1120 1274 London,
1139 1237 1179 1267 11
1199 1236 1330 1267 March.

270 1290 577 1383 DzffliShssdffd
607 1290 860 1329 audiendum
881 1290 1153 1340 Confessiones
1173 1290 1515 1339 parochianorum
1537 1290 1705 1340 Capelle,

340 1351 392 1382 ‘tte
406 1359 456 1394 pe
535 1351 668 1391 nte,—--

275 1401 436 1439 Thomas,
453 1403 531 1439 etc„
548 1401 698 1432 Domino
715 1401 852 1440 Rogero
871 1398 933 1441 [de
951 1398 1175 1440 Saresbiria],
1192 1400 1332 1431 Vieario
1350 1400 1504 1431 Ecclesie
1522 1401 1705 1432 Parochia-

317 1445 362 1476 lis
383 1445 426 1476 de
449 1445 621 1483 Kentone,
645 1447 682 1476 et
697 1445 870 1476 Willelmo
895 1445 1086 1485 Skynnere,
1109 1445 1299 1484 capellano,
1322 1445 1483 1483 salutem,
1505 1445 1706 1476 etc.-Cum

319 1489 499 1520 occasione
530 1489 784 1521 subtraccionis
819 1489 1003 1530 eujusdam
1035 1488 1215 1529 Capeliani
1251 1489 1379 1529 ydonei
1415 1489 1451 1519 in
1491 1489 1633 1529 Capella
1664 1490 1707 1521 de

319 1533 472 1565 Coctone
505 1531 677 1574 [C'ofton›],
701 1533 796 1564 infra
822 1534 910 1565 fines
936 1536 973 1564 et
995 1533 1127 1564 limites
1150 1533 1364 1564 Parochialis
1384 1533 1538 1564 Ecclesie
1554 1533 1597 1564 de
1614 1534 1706 1565 Dou-

318 1578 439 1618 lysche
467 1578 608 1615 situata,
633 1588 697 1618 per
719 1578 899 1609 Vicarium
924 1578 1018 1609 dicte
1043 1578 1196 1608 Ecclesie
1221 1578 1263 1608 de
1286 1577 1483 1618 Doulysche
1508 1579 1706 1618 sumptibus

319 1623 392 1653 suis
409 1622 521 1652 solum
538 1625 574 1653 et
589 1622 779 1653 insolidum
795 1622 1006 1661 inveniendi,
1018 1632 1058 1653 ac
1075 1622 1297 1662 parochianis
1313 1622 1405 1653 dicte
1423 1622 1563 1662 Capelle
1581 1623 1706 1654 Missas

318 1669 355 1698 et
382 1667 451 1697 alia
479 1667 608 1697 Divina
634 1666 755 1698 Officia
782 1667 819 1697 in
846 1667 969 1697 eadem
995 1666 1137 1707 Capella
1159 1666 1307 1706 singulis
1323 1667 1425 1697 annis
1446 1667 1705 1707 imperpetuum

318 1711 538 1749 celebraturi,
557 1711 852 1751 Sacramentaque
868 1713 905 1742 et
922 1710 1197 1742 Sacramentalia
1208 1711 1340 1741 eisdem
1351 1711 1596 1750 ministraturi,
1613 1712 1707 1742 inter

319 1755 432 1786 dictos
447 1755 686 1795 parochianos,
703 1766 746 1786 ex
761 1758 861 1795 parte
877 1765 957 1794 una,
974 1758 1010 1786 et
1026 1755 1136 1795 ipsius
1161 1755 1315 1786 Ecclesie
1332 1755 1374 1785 de
1391 1755 1589 1796 Doulysche
1605 1756 1705 1787 Vica-

318 1800 409 1830 rium
426 1799 486 1840 qui
501 1810 595 1831 nunc
611 1802 674 1838 est,
691 1810 733 1830 ex
749 1800 871 1838 altera,
888 1800 931 1831 lis
947 1800 984 1830 in
1001 1799 1107 1830 Curia
1121 1799 1364 1830 Cantuariensi
1377 1800 1528 1839 pendeat
1540 1800 1706 1840 indecisa,

317 1844 494 1884 nichilque
510 1844 685 1884 pendente
698 1844 899 1885 hujusmodi
915 1844 977 1875 lite
994 1844 1030 1874 in
1046 1844 1278 1884 prejudicium
1292 1844 1442 1884 alicujus
1454 1844 1616 1875 Parcium
1629 1855 1705 1885 pre-

318 1888 492 1919 dictarum
508 1888 634 1919 debeat
650 1888 830 1926 innovari3
846 1888 956 1927 vobis,
972 1888 1091 1928 igitur,
1108 1888 1324 1928 conjunctim
1337 1891 1373 1919 et
1385 1888 1535 1927 divisim,
1549 1889 1594 1920 ad
1609 1890 1705 1920 audi-

317 1932 447 1964 endum
465 1932 710 1963 Confessiones
730 1933 1024 1972 parochianorum
1047 1933 1205 1973 ejusdem
1224 1932 1374 1973 Capelle,
1391 1933 1552 1974 ipsosque
1569 1933 1611 1964 de
1626 1944 1704 1974 pec-

318 1977 407 2008 catis
432 1977 514 2015 suis,
542 1977 642 2007 vobis
664 1979 726 2008 aut
747 1977 851 2008 alteri
866 1979 1023 2008 vestrum
1041 1976 1220 2015 confflssis,
1237 1977 1498 2016 absolvendum,
1516 1988 1556 2008 ac
1572 1978 1704 2009 eisdem

318 2021 535 2061 penitencias
552 2021 723 2052 salutares
739 2021 1006 2062 injungendum,
1019 2031 1155 2052 necnon
1174 2021 1439 2052 Sacramentum
1457 2022 1658 2053 Eukaristie
1668 2023 1705 2053 in

319 2065 423 2096 Festo
450 2065 583 2097 Pasche
608 2066 767 2105 proximo
790 2076 884 2096 nunc
900 2065 1031 2104 futuro,
1049 2066 1145 2096 salvo
1162 2066 1198 2096 in
1215 2066 1376 2096 omnibus
1391 2066 1469 2107 jure
1486 2066 1623 2106 prefate
1642 2067 1703 2098 Ec-

317 2109 422 2140 clesie
438 2109 653 2141 Parochialis
674 2112 710 2141 et
736 2110 894 2141 Matricis
911 2110 953 2141 de
970 2110 1178 2150 Doulysche,
1195 2112 1231 2140 et
1248 2110 1378 2150 absque
1394 2110 1471 2150 ejus
1487 2113 1523 2142 et
1540 2111 1612 2142 litis
1629 2122 1704 2152 pre-

318 2154 447 2194 scripte
478 2154 714 2194 dependencie
741 2154 946 2195 prejudicio,
971 2155 1008 2185 in
1033 2155 1129 2185 dicta
1155 2154 1311 2185 Ecclesia
1338 2155 1381 2185 de
1407 2155 1568 2186 Kentone
1585 2156 1703 2187 minis-

318 2198 495 2236 trandum,
519 2201 641 2230 tenore
660 2199 885 2230 Presencium
907 2199 1161 2229 committimus
1183 2201 1407 2239 potestatem.
1455 2200 1497 2230 In
1520 2201 1621 2241 cujus
1642 2201 1703 2239 rei,

317 2242 545 2273 etc.—-—Dated
560 2242 715 2281 London,
734 2243 775 2273 13
793 2243 925 2274 March.

273 2294 538 2341 Confessions,
577 2298 679 2342 etc.;
728 2296 880 2334 Contra
916 2296 1078 2334 Fratres
1115 2296 1321 2335 audientes
1361 2296 1634 2346 Confessio‘nes
1670 2306 1705 2337 et

324 2348 629 2386 elemosinarum
660 2356 920 2398 questores,-

273 2403 435 2442 Thomas,
451 2406 529 2443 etc„
547 2404 692 2436 officiali
713 2407 834 2436 nostro
856 2405 1054 2446 Principali,
1077 2408 1122 2444 et,
1142 2406 1180 2436 in
1203 2406 1280 2447 ejus
1303 2406 1476 2446 absencia,
1498 2407 1703 2440 Consistorii

317 2448 430 2479 nostri
455 2448 661 2480 Exom’ensis
688 2448 904 2488 Presidenti3
935 2460 1081 2488 necnon,
1110 2450 1376 2482 Archidiaconis
1403 2452 1534 2483 nostris
1560 2453 1702 2492 Exonie,

318 2492 491 2531 Tottonie‚
509 2492 783 2533 Barnastapolie‚
800 2496 836 2524 et
861 2494 1045 2533 Cornubie‚
1071 2504 1133 2525 seu
1154 2505 1275 2525 eorum
1300 2495 1523 2534 Officialibus,
1541 2498 1702 2536 salutem,

317 2536 522 2567 εἴα-83118
546 2547 588 2567 ex
612 2536 710 2568 fama
733 2538 874 2577 publica
894 2537 1070 2569 referente
1097 2541 1134 2569 et
1160 2538 1246 2569 facti
1272 2540 1492 2579 experiencia
1515 2541 1703 2573 didicimus

316 2580 410 2621 quod
424 2581 583 2611 nonnulli
608 2581 749 2612 Fratres
773 2581 943 2613 Ordinum
968 2582 1259 2621 Mendicancium,
1276 2593 1317 2614 ac
1335 2584 1405 2623 alii,
1422 2585 1467 2615 ad
1488 2586 1701 2617 audiendum

318 2624 563 2656 Confessiones
586 2625 806 2656 subditorum
826 2629 1026 2657 nostrorum
1050 2629 1086 2657 et
1109 2627 1249 2658 eosdem
1274 2628 1317 2658 de
1333 2630 1486 2668 peccatis
1503 2630 1575 2661 suis
1590 2631 1701 2662 absol-

315 2668 480 2707 vendum,
495 2668 606 2699 eciam
627 2669 664 2699 in
680 2669 818 2700 casibus
835 2670 915 2701 Sedi
938 2670 1138 2711 Apostolice
1162 2674 1198 2702 et
1213 2672 1313 2702 nobis
1336 2674 1533 2712 reservatis,
1550 2677 1702 2714 potesta-

317 2715 389 2743 tem
416 2713 546 2743 habere
570 2712 788 2744 mendaciter
809 2724 846 2745 se
872 2717 1035 2745 asserunt
1062 2718 1098 2746 et
1125 2716 1340 2755 confingunt,
1366 2717 1504 2757 aliique,
1522 2722 1702 2758 questores

316 2756 584 2787 elemosinarum
611 2757 870 2796 pretendentes,
896 2768 937 2789 ac
961 2759 1115 2798 sigillum
1136 2762 1296 2790 nostrum
1319 2760 1410 2791 falso
1430 2761 1645 2794 fabricantes
1665 2766 1702 2794 et

317 2800 567 2840 confingentes,
589 2801 718 2832 Literis
738 2802 912 2842 pretensis
935 2803 1076 2841 nostris,
1093 2813 1172 2833 cum
1197 2813 1268 2834 non
1295 2804 1376 2842 sint,
1394 2804 1436 2835 de
1463 2806 1702 2846 Indulgenciis

316 2844 492 2884 protensis
518 2844 585 2875 sibi
612 2845 794 2883 concessis,
811 2855 986 2886 apponere
1012 2850 1231 2886 presumunt,
1247 2850 1287 2878 ut
1311 2849 1478 2888 pecunias
1504 2859 1526 2880 a
1553 2851 1703 2883 subditis

316 2889 447 2920 nostris
461 2898 504 2919 ea
518 2889 698 2920 occasione
714 2889 821 2921 cicius
836 2890 976 2921 valeant
999 2894 1215 2931 extorquere,
1231 2892 1268 2922 in
1284 2891 1458 2923 dictorum
1482 2894 1702 2926 subditorum

316 2934 516 2966 nostrorum
543 2933 788 2977 decepcionem
815 2934 1044 2978 multiplicem
1070 2935 1278 2968 animarum.
1326 2935 1443 2976 Vobis,
1467 2937 1587 2979 igitur,
1610 2949 1701 2972 com-
