1988 3256
440 393 730 431 REGISTRUM
765 394 1228 432 commune—ANNO
1270 383 1332 433 7⁰.
1563 383 1623 431 37
1631 386 1659 430 3

114 503 192 530 Α-Π·
229 504 329 545 Item,
355 504 548 544 Londoniis,
571 516 594 537 x
616 505 671 537 die
693 504 778 537 dicti
800 504 933 544 mensis,
956 503 1123 536 Dominus
1145 503 1310 535 concessit
1331 502 1481 535 Johanni
1496 502 1663 534 Wadham

113 537 208 598 ¹v³⁷¹⁶·1
273 549 461 580 Licenciam
483 549 575 590 quod
597 549 712 590 possit,
736 549 856 587 facere,
881 551 956 588 etc„
981 548 1014 579 in
1037 548 1208 589 presencia
1230 547 1346 588 ipsius,
1369 547 1405 579 in
1421 546 1559 588 Capella
1572 547 1663 578 infra

141 579 180 598 ⁰⁹
209 590 217 598 ⁰
271 592 462 667 Elianerium
484 603 585 625 suum
609 594 652 624 de
673 593 707 625 la
730 593 821 634 Egge
843 591 956 634 [Edyq
983 594 1020 623 in
1048 590 1297 633 Brauscombe];
1326 591 1490 633 quamdiu
1516 590 1664 622 Domino

303 636 434 668 acuerit
467 640 530 668 etc.

226 646 327 719 Ῑιξω,
350 660 487 719 ἰὴίᾶέω,
510 679 616 721 xxviij
645 680 709 719 die,
737 679 905 711 Dominus
933 678 1098 711 concessit
1124 678 1314 710 Licenciam
1341 677 1488 710 Domino
1514 677 1666 710 ,Iohanni

270 724 447 765 Fitzpayn,
471 723 583 762 Militi,
599 727 636 755 et
651 723 843 765 Margarete
858 723 956 755 uxori
975 722 1140 764 ejusdem,
1164 722 1256 763 quod
1271 723 1403 763 possint
1416 722 1527 753 facere
1542 721 1666 753 Divina

268 767 439 807 celebrari,
462 770 539 806 etc,
562 767 598 798 in
620 767 793 808 presencia
813 767 964 808 ipsorum
987 770 1023 798 et
1044 776 1162 798 eorum
1184 766 1335 806 alterius,
1358 766 1394 797 in
1418 765 1555 806 Capella
1576 765 1668 797 infra

269 811 459 842 Manerium
475 811 518 842 de
536 811 800 852 Westodeleghe.
817 811 852 842 in
872 810 1030 842 Parochia
1044 809 1088 841 de
1104 810 1329 851 Estodeleghe
1346 819 1354 846 ;
1377 809 1551 850 quamdiu,
1567 812 1630 840 etc.

114 854 200 882 Juu-
227 855 327 894 Item,
343 854 480 893 ibidem,
495 854 606 896 primo
621 855 676 886 die
691 854 815 886 mensis
831 854 925 892 Julii,
942 853 1110 886 Dominus
1133 854 1298 885 concessit
1314 852 1503 885 Licenciam
1519 853 1666 884 Domino

117 895 164 915 υς·
268 897 448 939 Radulpho
463 898 693 940 Carmynowe,
712 898 822 938 Militi,
838 898 929 940 quod
945 898 1061 939 possit,
1077 900 1152 936 etc„
1167 897 1204 928 in
1220 897 1356 938 Capella
1371 897 1461 928 infra
1476 896 1667 928 Manerium

268 952 370 974 suum
393 942 435 974 de
450 942 629 984 Tynteyne
643 942 696 982 [in
711 942 758 974 St.
776 941 884 982 Tudy]
900 951 908 980 ;
931 941 1106 983 quamdiu,
1122 944 1188 973 ete.

227 1007 380 1045 Polsloe
399 1007 538 1058 Priory
554 1020 566 1055 3
596 1006 799 1057 Confessor
816 1007 1024 1056 deputatus
1035 1019 1113 1056 pro
1133 1006 1335 1045 Prior-issa
1362 1012 1397 1044 et
1429 1005 1668 1045 Concanoni-

265 1062 346 1100 clais
363 1062 410 1100 de
427 1062 626 1109 Polam,—

226 1116 326 1154 Item,
343 1115 536 1155 Londoniis,
552 1115 658 1148 tercio
672 1115 737 1155 die,
749 1115 916 1147 Dominus
931 1115 1112 1156 deputavit
1126 1115 1283 1147 Fratrem
1300 1114 1321 1146 J
1323 1114 1492 1146 ohannem
1508 1114 1667 1147 Trewent

271 1159 505 1192 Confessorem
522 1160 682 1192 Prior-isse
697 1162 733 1191 et
749 1159 1081 1192 Concanonicharum
1095 1159 1270 1190 Prioratus
1282 1159 1325 1190 de
1338 1158 1458 1198 Polslo,
1470 1158 1514 1190 ad
1529 1158 1667 1190 audien-

271 1203 355 1235 dum
380 1203 613 1235 confessiones
639 1204 801 1245 ipsarum,
831 1206 868 1235 et
893 1203 1028 1235 easdem
1055 1202 1310 1241 absolvendum,
1337 1202 1443 1234 eciam
1465 1202 1501 1234 in
1523 1202 1669 1234 casubus

272 1246 420 1279 Domino
446 1257 467 1278 a
491 1247 569 1289 jure
595 1247 649 1279 vel
674 1247 922 1279 consuetudine
947 1246 1149 1284 reservatis;
1178 1247 1222 1278 ad
1248 1246 1502 1287 beneplacitum
1529 1245 1668 1278 Domini

271 1291 484 1322 duraturam.

228 1350 692 1402 Letters-Dimissory,--

230 1404 392 1436 Edmund
403 1405 642 1447 Spychewyke,
654 1405 760 1445 clerk,
777 1405 796 1421 “
807 1405 851 1437 ad
863 1415 979 1437 omnes
992 1405 1146 1445 Ordines,
1159 1407 1231 1437 tam
1243 1404 1362 1437 Sacros
1374 1415 1476 1447 quam
1490 1404 1637 1436 Minores
1650 1403 1669 1417 ’'

228 1492 250 1524 J
253 1448 714 1534 oliIdofflgEeggdlgygcholar,
731 1493 804 1525 “ad
820 1503 936 1525 omnes
952 1493 1107 1532 Ordines,
1133 1495 1206 1525 tam
1229 1492 1348 1525 Sacros
1370 1502 1474 1534 quam
1489 1491 1638 1524 Minores
1650 1491 1670 1505 ’⁹

229 1535 380 1611 ngsffl'nnela
392 1537 604 1619 glai‘liie'londe,
616 1579 764 1620 accolite‚
779 1579 848 1612 “ad
859 1590 975 1612 omnes
987 1580 1106 1612 Sacros
1119 1578 1289 1612 Ordines'’
1301 1579 1500 1622 (Salisbury,
1508 1579 1549 1612 17
1560 1579 1582 1611 J
1585 1578 1667 1620 uly).

229 1623 382 1706 Wfflaissnnss
396 1624 522 1708 ἓξὲξ-0,
545 1623 685 1664 scholar,
710 1624 730 1639 “
742 1624 785 1656 ad
808 1634 925 1656 omnes
948 1624 1102 1665 Ordines,
1126 1627 1200 1656 tam
1223 1624 1342 1656 Sacros
1363 1634 1467 1665 quam
1492 1623 1638 1655 Minores
1650 1622 1668 1636 ’¹

229 1733 406 1772 Blisland
427 1731 632 1786 [Blistone‚
654 1732 756 1787 MS.]
770 1747 782 1782 3
810 1734 874 1772 Sir
891 1733 999 1772 John
1018 1734 1316 1781 Cristenmasse,
1338 1734 1455 1781 R,—

230 1787 370 1819 Licence
384 1788 420 1819 of
434 1787 689 1820 non-residence
703 1788 758 1820 for
772 1798 793 1820 a
807 1798 897 1829 year,
916 1788 935 1803 ‘⁴
947 1788 1237 1830 contemplacione
1249 1788 1474 1820 Dominorum
1483 1786 1665 1820 Cantuari-

272 1831 361 1863 ensis
376 1835 413 1864 et
430 1831 674 1864 Londoniensis
686 1832 706 1845 '⁹
722 1832 889 1872 (London‚
905 1833 948 1864 20
963 1832 1072 1873 July).

229 1891 439 1938 Oratories,
461 1896 533 1930 etc.
554 1905 566 1940 ;
593 1892 751 1930 Licence
773 1899 810 1930 to
829 1892 1077 1938 celebrate,—

232 1946 331 1985 Item,
347 1946 383 1977 in
400 1946 532 1977 Palacio
548 1946 687 1985 Exonie,
703 1944 832 1987 xxiiijto
847 1946 911 1986 die,
934 1946 1101 1978 Dominus
1123 1946 1289 1978 concessit
1312 1946 1501 1978 Licenciam
1525 1945 1668 1978 Ricardo

271 1989 314 2021 de
331 1989 543 2021 Chuseldene
558 1992 595 2021 et
610 1989 684 2031 ejus
707 1990 814 2029 uxori,
833 1991 925 2032 quod
949 1991 1079 2031 possint
1101 1990 1223 2030 facere,
1242 1994 1317 2029 etc„
1333 1991 1370 2021 in
1387 1990 1558 2032 presencia
1579 1990 1666 2030 ipso-

270 2043 349 2065 rum
358 2044 418 2065 seu
429 2043 547 2065 eorum
559 2033 706 2072 alterius,
718 2033 753 2065 iu
767 2034 903 2075 Capella
913 2034 983 2065 sive
995 2034 1152 2066 Oratorio
1162 2034 1251 2065 infra
1262 2033 1470 2065 mansionem
1481 2033 1668 2065 eorundem

271 2077 314 2108 de
330 2077 535 2108 Holecombe
548 2078 663 2118 Roges,
679 2078 714 2109 in
728 2077 888 2109 Parochia
900 2077 943 2109 de
955 2077 1158 2109 Holecombe
1170 2078 1279 2119 Roges
1294 2078 1459 2110 situatam
1476 2087 1485 2116 3
1501 2077 1666 2119 quamdiu

274 2119 421 2152 Domino
436 2120 611 2162 placuerit.

230 2163 329 2203 Item,
347 2164 475 2196 eisdem
490 2165 545 2195 die
567 2168 604 2196 et
625 2164 708 2203 loco,
725 2164 892 2196 Dominus
907 2164 1071 2196 concessit
1086 2165 1295 2196 consimilem
1311 2164 1501 2197 Licenciam
1517 2164 1667 2196 Roberto

273 2207 444 2240 Chalouns
458 2210 495 2239 et
510 2208 585 2249 ejus
597 2208 704 2244 uxori,
716 2208 750 2239 in
765 2208 901 2249 Capella
912 2208 982 2240 sive
994 2208 1150 2240 Oratorio
1159 2209 1249 2240 infra
1260 2209 1466 2240 mansionem
1479 2208 1666 2240 eorundem

271 2251 314 2326 d?
330 2251 618 2293 Chanounsleghe,
633 2251 670 2283 in
686 2251 844 2283 Parochia
860 2252 903 2283 de
918 2252 1122 2293 Plymptone
1137 2252 1315 2290 situatam;
1333 2252 1498 2294 quamdiu
1514 2252 1661 2283 Domino

274 2305 298 2336 p
310 2295 450 2327 acuerit.

229 2337 329 2378 Item,
353 2338 550 2378 Criditonie,
573 2337 678 2380 xxviij
703 2338 768 2378 die,
794 2338 917 2379 Agnes,
944 2338 1063 2370 relicta
1077 2339 1240 2370 Willelmi
1269 2338 1313 2370 de
1338 2338 1514 2380 Uppehey‚
1541 2338 1664 2370 habuit

271 2382 469 2422 Licenciam,
482 2385 557 2422 etc,
569 2382 604 2413 in
617 2382 789 2423 presencia
797 2382 913 2423 ipsius,
925 2382 960 2414 in
972 2382 1109 2423 Capella
1123 2382 1193 2414 sive
1205 2382 1361 2414 Oratorio
1372 2382 1461 2414 infra
1473 2382 1663 2414 Manerium

271 2426 314 2457 de
329 2425 504 2467 Uppehey,
520 2425 554 2457 in
572 2425 733 2457 Parochia
747 2426 789 2457 de
803 2426 1020 2458 Axeminstre
1035 2436 1044 2463 3
1067 2436 1128 2467 per
1141 2436 1250 2458 unum
1264 2436 1404 2458 annum.

119 2466 180 2493 AU-
229 2468 330 2508 Item,
343 2469 541 2508 Criditonie,
551 2480 619 2501 xxv
630 2469 695 2508 die,
707 2469 872 2501 Dominus
883 2469 1047 2501 concessit
1056 2470 1245 2501 Licenciam
1254 2469 1527 2501 inhabitantibus
1538 2469 1661 2501 Villam

119 2507 189 2561 ξῧζ
271 2513 315 2544 de
330 2512 562 2554 Margheyewe
577 2511 788 2553 [Marazatonl
803 2513 838 2544 in
855 2513 1035 2552 Cornubia,
1051 2513 1143 2554 quod
1157 2513 1289 2554 possint
1310 2513 1420 2545 facere
1437 2513 1561 2544 Divina
1575 2513 1660 2545 cele·

119 2567 168 2595 s01,
178 2568 221 2594 60,
273 2556 374 2595 brari,
391 2556 426 2587 iu
442 2556 612 2597 presencia
626 2556 777 2597 ipsorum
793 2559 829 2588 et
843 2566 961 2589 eorum
983 2557 1136 2598 alicujus,
1152 2557 1187 2588 in
1204 2556 1341 2598 Capella
1362 2557 1406 2588 de
1430 2557 1460 2588 M
1465 2556 1662 2598 argheyewe

270 2599 431 2641 predicta,
446 2599 481 2631 in
499 2599 660 2631 Parochia
675 2599 791 2632 Sancti
807 2600 942 2632 Hillarii
956 2611 966 2639 ;
993 2610 1054 2641 per
1070 2611 1177 2632 unum
1192 2611 1321 2632 annum
1337 2600 1551 2632 duraturam.

118 2667 189 2728 {gb
226 2664 593 2714 Bratton-Fleming
612 2662 832 2718 [Brattone,
854 2662 970 2718 MS.],
990 2666 1142 2704 Master
1159 2666 1333 2704 William
1354 2666 1522 2718 Crydye,
1544 2667 1662 2714 R„—

118 2708 200 2762 „321‘
230 2719 370 2769 Licence
385 2718 421 2750 of
438 2718 693 2750 non-residence
707 2719 761 2751 for
775 2730 796 2751 a
809 2730 899 2761 year,
917 2719 935 2736 “
948 2719 993 2752 ad
1007 2719 1218 2752 studendum
1232 2720 1268 2752 in
1288 2720 1402 2762 aliquo
1424 2720 1540 2752 studio
1561 2731 1660 2762 gene-

271 2762 335 2795 rah
347 2762 366 2776 '’
382 2761 598 2804 (Chudleigh,
615 2763 634 2795 3
650 2762 768 2805 Sept.).

227 2822 689 2873 Letters-Dimissory,-—-
1671 2865 1675 2868 Δ

226 2876 318 2910 John
341 2877 442 2917 Grey,
465 2875 624 2908 “habens
650 2876 799 2909 Primam
825 2877 1015 2909 Tonsuram
1031 2877 1110 2917 3'ad
1136 2887 1253 2909 omnes
1276 2876 1418 2909 Ordines
1442 2880 1513 2910 tam
1541 2878 1660 2915 Sacros
1695 2897 1699 2901 -

270 2930 373 2962 quam
389 2919 537 2951 Minores
551 2919 570 2933 '’
588 2919 694 2959 (same
708 2920 814 2960 date).

119 2964 182 2991 No·
230 2963 387 2996 Nicholas
402 2963 540 3004 Sparke,
556 2962 653 3003 prim.
671 2967 763 3003 tom„
781 2964 799 2980 ‘⁴
812 2963 855 2995 ad
871 2974 987 2995 omnes
1006 2963 1158 3004 Ordines,
1175 2963 1262 2996 etc.''
1279 2964 1401 3006 (Clyst,
1419 2964 1457 2996 11
1475 2965 1509 2996 N
1510 2964 1588 3005 ov.).

116 3005 196 3059 ἔξέ·
228 3007 380 3049 Stephen
395 3006 572 3047 Wenarde,
587 3007 737 3048 accolito,
755 3007 830 3039 “ad
844 3008 961 3040 omnes
977 3008 1095 3040 Sacros
1111 3008 1255 3041 Ordines
1268 3009 1286 3021 '¹
1305 3009 1410 3049 (same
1430 3008 1535 3048 date).
1549 3026 1567 3039 ο
