1988 3256
382 354 478 399 554

379 465 414 493 A.
420 465 455 494 D.

379 500 454 527 1384.

1764 7 1791 14 Η

1980 310 1981 314 Α
1975 181 1988 292 ..fin-...M
1981 111 1988 141 ,mc
1954 0 1988 89 „iti-Q

592 366 693 400 THE
730 366 972 402 REGISTER
1008 366 1069 400 OF
1103 366 1282 401 BISHOP
1316 365 1718 402 BRANTYNGHAM.

537 479 580 501 ex
596 480 703 502 causa
727 470 901 511 premissa
927 470 1274 511 sequestraverimus‚
1300 469 1445 512 justicia
1467 470 1648 510 suadente,
1663 480 1706 503 ac
1721 467 1928 503 Custodiam
1981 470 1988 518 ξ

380 533 434 560 Vol
464 534 479 559 1
537 515 696 556 ejusdem
714 515 893 556 Sequestri
909 515 1058 556 prefatis
1074 515 1117 546 de
1135 514 1263 547 Setone
1279 516 1316 546 et
1331 514 1546 557 Axmynstre
1570 515 1808 548 Ecclesiarum
1822 513 1926 547 ‘Vica-
1983 524 1988 559 ς

379 566 425 595 fol,
436 555 517 595 ¹132&
538 559 601 591 riis
623 560 903 591 commiserimus
925 570 988 600 per
1011 560 1222 598 Decretum3
1256 559 1315 600 qui
1338 559 1541 601 hujusmodi
1564 562 1707 592 centum
1730 559 1859 591 solidos
1882 557 1927 590 do
1984 571 1988 588 :

482 1655 623 1694 Lifton
639 1669 650 1703 3
679 1655 836 1694 Master
855 1655 1061 1694 Laurence
1081 1655 1241 1702 Steven,
1262 1655 1362 1694 alias
1381 1655 1598 1703 Bedeman,
1620 1655 1742 1703 R„—

483 1712 631 1744 Licence
648 1711 686 1743 of
700 1711 967 1743 non-residence
991 1711 1048 1743 for
1070 1721 1092 1743 a
1114 1721 1209 1752 year,
1233 1713 1271 1743 to
1294 1712 1401 1754 study
1417 1713 1456 1744 at
1472 1711 1606 1744 Oxford
1631 1709 1736 1753 (East
1752 1711 1916 1754 Horsley,

478 1822 537 1860 St.
560 1821 775 1868 Crantock,
793 1820 863 1860 the
877 1820 1097 1872 Collegiate
1112 1820 1274 1860 Churoh
1288 1821 1331 1860 of
1343 1834 1354 1868 ;
1372 1821 1626 1872 sequestrum
1639 1821 1921 1872 immeritum
1936 1824 1940 1851 ’-

482 1986 644 2026 Thomas,
661 1988 738 2026 etc.,
756 1986 897 2018 Decano
914 1986 1069 2017 Ecclesie
1085 1987 1205 2017 nostre
1222 1985 1415 2026 Collegiate
1433 1985 1554 2018 Sancti
1570 1985 1772 2026 Karentoci,
1782 1986 1821 2018 in
1831 1985 1915 2018 Cor·

534 603 710 636 fructibus
726 604 863 645 prefate
880 604 1020 636 Vicarie
1037 604 1192 636 Ecclesie
1216 604 1259 635 de
1277 603 1446 645 Colytone
1469 606 1672 646 exegerunt,
1689 614 1730 636 ac
1745 603 1857 636 eciam
1871 612 1926 635 re·
1984 620 1988 622 -

535 651 705 689 ceperunt
718 663 726 688 3
758 649 910 688 eosdem,
942 651 1073 688 tamen,
1106 648 1256 680 Domino
1294 649 1327 680 N
1329 649 1476 688 icholao,
1507 649 1649 681 Vicario
1687 648 1844 681 Ecclesie
1881 647 1926 680 de

535 693 746 733 Axmouthe,
763 696 799 725 et
816 693 966 725 Ricardo
983 694 1107 733 Brode,
1124 693 1170 725 ad
1184 692 1364 734 prefatum
1381 694 1584 726 Cancellum
1601 693 1756 726 Ecclesia
1767 693 1812 725 de
1825 691 1927 734 coly-

534 739 617 769 tone
634 738 791 770 construi
804 748 866 770 seu
878 738 1035 778 reparari
1047 737 1250 769 faciendum
1259 748 1323 778 per
1334 748 1399 770 nos
1409 738 1568 779 legitime
1581 738 1770 779 deputatis,
1780 737 1927 776 solvere,

536 792 598 814 seu
614 783 657 814 de
673 782 806 815 eisdem
822 782 908 823 ipsis
925 782 1141 822 satisfacere,
1153 784 1259 823 prout
1274 793 1317 814 ex
1331 783 1506 815 relacione
1522 783 1780 824 fidedignorum
1791 780 1926 824 wcepi·

535 837 624 866 mus,
641 827 772 868 absque
788 837 895 859 causa
909 827 1115 858 racionabili
1130 837 1358 868 quacumque,
1374 827 1518 868 penitus
1539 828 1748 859 recusarunt
1770 828 1808 859 et
1826 835 1926 859 reou-
1984 846 1988 850 ·

534 873 616 903 sant
639 872 781 914 injuste,
805 872 889 903 licet
905 882 947 903 ex
962 873 1063 912 parte
1080 871 1213 903 Decani
1229 873 1266 903 et
1282 872 1446 912 Capituli,
1462 872 1776 913 proprietariorum
1790 870 1926 912 predic·

534 918 661 956 torum,
689 916 799 948 fuerit
824 918 861 947 et
884 916 931 948 sit
954 917 997 947 de
1021 916 1126 948 dictis
1149 916 1270 948 decem
1285 916 1386 948 libris
1400 916 1601 957 porcionem
1617 917 1774 957 ipsorum
1789 915 1925 950 contin-

533 961 699 1001 gentibus
725 962 864 1002 integre
881 961 1114 1000 satisfactum,
1133 961 1250 1002 sicque
1266 961 1448 993 occasione
1460 971 1531 993 non
1547 961 1735 993 solucionis
1750 961 1926 993 dictorum

533 1007 676 1037 centum
693 1005 883 1037 solidorum
900 1006 1119 1037 construccio
1135 1007 1171 1037 et
1186 1006 1368 1046 reparacio
1392 1005 1547 1037 Cancelli
1561 1006 1693 1046 prefati
1709 1005 1873 1037 differtur
1886 1006 1940 1038 et*

531 1051 694 1091 nequiter
709 1050 912 1082 retardatur
925 1064 932 1088 ;
948 1050 1058 1089 vobis,
1074 1050 1193 1090 igitur,
1211 1050 1445 1082 communiter
1456 1053 1493 1082 et
1505 1051 1656 1090 divisim,
1668 1049 1924 1082 committimus
1962 1051 1963 1054 ’

533 1096 570 1126 et
596 1095 806 1126 mandamus
833 1095 1009 1135 quatinus,
1039 1095 1068 1126 si
1095 1097 1150 1126 est
1172 1094 1234 1134 ita,
1259 1094 1418 1127 Vicarios
1442 1095 1485 1126 de
1510 1095 1638 1127 Setone
1654 1097 1691 1127 et
1705 1094 1923 1136 Axmynstre
1964 1118 1967 1121 ι

531 1139 699 1179 prefatos,
728 1139 814 1176 dicti
837 1139 1016 1179 Sequestri
1040 1139 1152 1170 nostri
1176 1139 1358 1179 Custodes,
1374 1139 1499 1180 primo,
1523 1140 1686 1179 secundo,
1703 1141 1741 1171 et
1755 1138 1866 1172 tercio
1880 1148 1924 1172 ao
1964 1162 1966 1165 -

531 1184 777 1224 peremptorie,
792 1183 951 1224 legitime
967 1183 1151 1222 moneatis,
1168 1185 1205 1215 et
1227 1183 1417 1215 efficaciter
1431 1184 1618 1224 inducatis,
1634 1184 1810 1225 quatinus,
1826 1180 1923 1215 infra

531 1229 652 1259 decem
684 1229 759 1260 dies
788 1230 869 1268 post
905 1228 1120 1259 Moniciones
1157 1230 1295 1260 vestras
1333 1228 1546 1270 hujusmodi,
1583 1228 1734 1269 prefatis
1770 1228 1923 1260 Domino

531 1273 702 1304 Nicholao
728 1274 765 1304 et
790 1273 940 1304 Ricardo
967 1273 1010 1304 de
1034 1272 1139 1304 dictis
1163 1272 1188 1304 C
1207 1272 1327 1305 solidis
1343 1272 1576 1313 satisfaciant,
1591 1275 1633 1304 ut
1648 1274 1836 1312 tenentur;
1858 1282 1924 1314 per

531 1317 625 1358 ipsos
641 1318 678 1348 in
694 1328 779 1349 usus
794 1317 1070 1349 construccionis
1093 1327 1156 1348 seu
1178 1317 1416 1358 reparacionis
1438 1317 1640 1359 hujusmodi
1664 1317 1828 1350 celeriter
1841 1327 1922 1350 con-

530 1362 722 1393 vertendis.
770 1362 825 1401 Et,
851 1362 897 1393 ad
923 1362 990 1393 hoc
1016 1361 1229 1401 faciendum,
1257 1362 1399 1394 eosdem
1414 1372 1478 1403 per
1493 1372 1730 1403 quascumque
1746 1361 1923 1394 Censuras

532 1406 798 1438 Ecclesiasticas
816 1406 991 1438 Canonice
1007 1406 1236 1446 compellatis.
1282 1406 1340 1437 Ad
1355 1416 1422 1447 que
1437 1407 1610 1447 premissa
1621 1406 1794 1446 facienda,
1809 1405 1920 1446 vobis,

531 1451 766 1482 communiter
781 1453 818 1482 et
834 1451 984 1489 divisim,
1002 1452 1123 1482 tenore
1140 1451 1366 1482 Presencium
1390 1451 1645 1483 committimus
1659 1451 1755 1483 vices
1769 1451 1920 1491 nostras,

530 1506 611 1527 cum
635 1495 824 1537 cujuslibet
851 1495 1067 1527 cohercionis
1096 1495 1271 1527 Canonice
1294 1497 1482 1536 potestate.
1530 1496 1577 1527 Et
1603 1495 1687 1537 quid
1701 1495 1860 1528 feceritis
1881 1495 1920 1527 iu

529 1540 711 1581 premissis
727 1550 801 1579 nos,
818 1540 909 1571 citra
925 1540 1070 1571 Festum
1089 1539 1209 1571 Sancti
1226 1540 1409 1572 Michaelis
1424 1540 1638 1581 Archangeli
1653 1540 1812 1582 proximo
1826 1549 1922 1572 nuno

527 1584 699 1625 futurum,
716 1584 928 1624 certificetis,
945 1584 1174 1616 etc.——Dated
1189 1584 1345 1624 London,
1363 1585 1406 1615 10
1422 1584 1638 1626 September.

528 1757 569 1787 15
591 1753 703 1797 Sept.)
710 1780 717 1788 .

533 1876 580 1914 in
616 1876 810 1915 Porcio‘ne
839 1875 919 1914 sive
947 1875 1144 1914 Pensione
1171 1875 1374 1914 «Iohannis
1405 1876 1632 1915 Homewelle
1663 1875 1712 1915 in
1740 1875 1919 1916 Ecclesia

535 1930 753 1981 Colleqiata
771 1929 912 1969 Sancti
938 1929 1222 1976 Kasrentoci,—
1931 1933 1933 1937 ·

526 2031 644 2070 nubia,
670 2031 831 2069 salutem,
856 2029 1059 2061 etc-Cum
1083 2040 1381 2071 quorumcumque
1406 2030 1734 2062 Ecclesiasticorum
1748 2030 1934 2063 Virorum..

525 2075 736 2107 secularium
752 2075 1050 2114 beneficiatorum,
1067 2076 1187 2106 nostre
1203 2074 1370 2114 Diocesis,
1394 2084 1435 2106 ac
1457 2074 1687 2106 familiarium
1701 2077 1915 2116 nostrorum,
1938 2103 1939 2107 ,

526 2120 570 2151 ab
586 2120 756 2151 intestato
772 2118 1031 2158 decedencium,
1055 2118 1227 2150 bonorum
1250 2119 1407 2150 omnium
1431 2119 1614 2151 mobilium
1629 2119 1916 2160 Administraoio,
1932 2128 1934 2133 ·

524 2174 671 2203 necnon,
689 2164 718 2195 si
735 2163 972 2195 Testamentis
995 2163 1146 2194 conditis
1162 2163 1207 2194 ab
1222 2163 1290 2195 hac
1313 2163 1390 2194 luce
1413 2163 1655 2204 migraverint,
1673 2163 1914 2197 Testamentu-

523 2219 603 2240 rum
619 2218 762 2240 suorum
777 2207 980 2249 hujusmodi
996 2207 1208 2247 Insinuacio,
1226 2207 1463 2247 Examinacio,
1480 2210 1517 2240 et
1531 2206 1764 2250 Approbacib,
1786 2219 1830 2241 ac
1850 2207 1915 2241 Ul·

523 2253 691 2284 timarum
713 2252 947 2284 Voluntatum
970 2252 1079 2284 tuicio
1102 2254 1139 2283 et
1161 2251 1494 2284 Administracionis
1516 2252 1688 2284 bonorum
1709 2251 1926 2295 hujusmodi.-

525 2297 743 2336 Commissio,
760 2297 806 2328 ad
820 2306 895 2335 nos,
919 2297 962 2328 de
984 2296 1063 2338 jure
1086 2297 1123 2327 et
1140 2295 1401 2328 Consuetudine
1425 2297 1571 2338 antiqua
1586 2297 1766 2338 laudabili,
1781 2293 1929 2331 abolit!

522 2342 656 2374 usitata
677 2341 834 2382 legitime
851 2343 887 2373 et
902 2340 1109 2382 prescripta,
1133 2341 1362 2372 dinoscantur
1383 2341 1520 2373 notorie
1542 2342 1742 2382 pertinere}
1764 2341 1812 2374 ad
1831 2350 1917 2376 nov

523 2388 665 2427 trasque
682 2396 786 2418 aures
801 2385 940 2417 noviter
956 2385 1003 2417 sit
1019 2385 1209 2417 deductum
1231 2385 1254 2416 J
1255 2385 1430 2417 ohannem
1454 2386 1668 2426 Hanewelle‚
1684 2386 1851 2419 clericum
1873 2387 1923 2419 οἵ

522 2430 735 2462 familiarem
751 2432 922 2469 nostrum,
938 2430 976 2460 in
992 2429 1088 2461 dicta
1104 2429 1262 2461 Ecclesia
1279 2429 1474 2471 Collegiata
1491 2429 1612 2462 Sancti
1624 2430 1816 2463 Karentooi
1825 2430 1922 2464 Pol·-v

521 2475 658 2507 cionem
675 2485 736 2507 seu
752 2474 961 2506 Pensionem
985 2484 1139 2506 annuam
1163 2484 1224 2506 sex
1246 2484 1445 2506 marcarum
1468 2475 1552 2506 dum
1574 2474 1664 2506 vixit
1678 2476 1899 2517 optinentem

521 2520 675 2551 humane
692 2519 796 2551 sortis
813 2519 971 2550 debitum
987 2518 1218 2559 persolvisse;
1242 2528 1287 2550 ne
1310 2518 1433 2550 Porcio
1457 2519 1529 2551 sive
1553 2518 1680 2551 Pensio
1694 2518 1926 2562 hujusmodi„

521 2574 616 2596 nunc
632 2564 699 2596 sibi
715 2563 843 2603 debita,
868 2563 1083 2604 dilapidetur
1106 2573 1167 2594 seu
1189 2563 1346 2594 indebite
1369 2563 1570 2604 dissipetur,
1586 2563 1630 2595 de
1645 2564 1772 2605 quibus
1785 2562 1923 2597 verini-v

520 2608 653 2640 militer
674 2608 917 2647 formidamus,
941 2607 1090 2639 eandem
1113 2607 1319 2639 Porcionem
1343 2617 1405 2638 seu
1427 2607 1637 2639 Pensionem
1660 2607 1728 2640 sibi
1750 2606 1927 2642 debitam

521 2654 642 2684 tenore
659 2652 885 2684 Presencium
902 2653 1173 2692 sequestramus,
1191 2651 1396 2683 Custodiam
1418 2651 1622 2693 hujusmodi
1639 2651 1818 2694 Sequestri
1839 2651 1908 2685 tib!
1920 2659 1925 2666 ”

521 2697 558 2727 in
575 2697 724 2728 Domino
740 2696 1013 2728 committentes.
1061 2695 1231 2735 Quocirca
1254 2696 1329 2735 tibi,
1353 2696 1391 2727 in
1413 2696 1546 2728 virtute
1569 2696 1790 2737 Obediencie,
1813 2706 1906 2730 com-

520 2742 696 2773 mittimus
720 2743 756 2772 et
778 2741 988 2772 mandamus
1011 2740 1177 2780 quatinus
1199 2739 1402 2781 hujusmodi
1426 2740 1653 2782 Sequestrum
1676 2744 1838 2774 nostrum
1851 2750 1906 2774 so-

520 2786 709 2827 lempniter
731 2785 919 2826 publicetis
931 2798 940 2823 ;
967 2784 1169 2825 hujusmodi
1193 2784 1398 2816 Porcionem
1422 2795 1484 2817 seu
1507 2784 1716 2818 Pensionem
1739 2785 1805 2818 sub
1827 2786 1926 2819 arto·

520 2830 721 2862 custodiens
746 2829 943 2870 Sequestro,
969 2828 1073 2860 sicuti
1090 2829 1133 2860 de
1149 2828 1272 2860 eadem
1288 2828 1390 2861 nobis
1405 2831 1467 2860 tuo
1482 2829 1665 2862 volueritis
1679 2829 1836 2872 periculo
1849 2839 1904 2863 re-
1922 2851 1924 2854 >

518 2875 700 2915 spondere.
747 2873 924 2913 Inhibeas,
940 2873 1094 2914 insuper,
1110 2872 1228 2914 palam
1251 2874 1288 2904 et
1310 2883 1482 2914 expresse,
1507 2873 1572 2906 sub
1590 2874 1692 2914 penis
1706 2874 1744 2907 in
1760 2874 1909 2907 Sancto·

517 2928 597 2950 rum
612 2919 759 2950 Patrum
777 2917 1100 2950 Constitucionibus
1114 2917 1152 2948 in
1167 2917 1234 2949 hac
1249 2919 1350 2958 parte
1365 2917 1510 2958 provide
1525 2917 1618 2958 latis,
1634 2928 1679 2950 ne
1694 2919 1773 2960 quis
1782 2917 1905 2961 huju·-

517 2963 613 2995 modi
630 2962 857 3004 Sequestrum
873 2963 1034 2994 nostrum
1048 2963 1231 3002 presumat
1246 2961 1507 3003 quomodolibet
1521 2964 1655 2995 temere
1669 2963 1812 2996 violare.
1857 2961 1909 2998 RS,
