1988 3256
507 362 795 400 REGISTRUM
831 361 1295 400 οοΜΜυΝΕ-ΑΝΝΟ
1337 354 1398 400 3⁰.
1629 352 1725 400 297

183 471 504 516 A·1?·Canonica
519 477 556 505 et
578 473 668 506 trina
690 473 878 505 Monicione
900 473 1070 515 premissa,
1087 482 1229 511 exnunc,
1247 475 1350 513 prout
1372 474 1508 510 extunc,
1525 471 1667 503 ferimus
1689 471 1725 503 iu

186 505 294 568 {3313}
337 516 401 548 hiis
417 517 558 559 Scriptis
575 528 582 557 3
607 517 817 559 ulteriusque
833 517 956 549 facturi
971 519 1007 549 et
1022 516 1198 558 recepturi,
1215 519 1278 548 etc.
1325 516 1423 555 Item,
1440 515 1544 547 simili
1567 515 1668 547 modo
1690 517 1727 547 et

244 559 252 566 '
337 561 455 599 forma,
479 561 582 600 vobis,
606 564 641 593 et
664 564 817 593 vestrum
841 561 989 600 cuilibet,
1012 559 1260 592 committimus
1283 562 1319 591 et
1341 560 1542 591 mandamus
1565 559 1727 600 quatinus

337 604 471 636 fructus
501 608 537 636 et
568 608 752 645 proventus
782 605 935 636 omnium
966 607 1002 636 et
1032 604 1240 645 singulorum
1271 603 1514 635 Beneficiorum
1542 603 1576 634 in
1606 603 1727 634 vestris

340 648 496 687 Ecclesia,
533 648 689 688 Civitate,
721 652 756 680 et
787 648 917 680 Diocesi
949 647 1087 687 Exonie,
1112 659 1132 678 a
1159 657 1203 678 xv
1229 647 1400 679 Kalendas
1419 647 1499 678 Maii
1521 646 1577 687 [17
1601 645 1726 688 April]‚

339 692 561 723 Pontificatus
577 692 715 723 Domini
730 692 837 724 nostri
854 692 943 733 Pape
959 691 1111 732 Gregorii
1128 689 1219 723 lei
1231 691 1331 722 Anno
1346 690 1464 732 primo,
1478 691 1562 722 citra
1575 690 1727 722 Auctori-

339 738 411 766 tate
436 735 626 776 Apostolica
649 735 702 767 vel
725 736 928 777 Legatorum
951 735 1036 777 ejus,
1059 745 1118 766 seu
1141 735 1233 774 alias,
1258 735 1300 766 de
1323 734 1429 776 ipsius
1459 733 1598 766 Domini
1620 734 1728 765 nostri

341 779 430 820 Pape
447 780 617 819 Mandato,
634 779 832 811 collatorum
849 782 884 810 et
907 783 1123 820 preterquam
1145 778 1181 809 in
1203 779 1313 810 forma
1335 788 1523 819 pauperum
1546 778 1589 809 ab
1611 788 1726 819 expec-

343 823 496 854 tantibus
522 826 782 864 acceptatorum,
807 823 1036 864 sequestretis,
1064 825 1099 854 et
1123 822 1257 854 realiter
1283 822 1414 853 faciatis
1445 821 1658 863 sequestrari,
1690 832 1729 853 ac

343 866 451 898 teneri
477 866 620 899 firmiter
649 867 713 898 sub
744 867 925 908 Sequestro
954 876 1131 908 quousque
1161 866 1203 897 de
1235 865 1351 907 primis
1377 866 1557 897 fruotubus
1579 866 1729 906 ipsorum

344 910 586 942 Beneficiorum
610 909 690 942 Sedi
711 910 902 951 Apostolice
924 910 1100 941 reservatis
1124 909 1232 941 eidem
1257 910 1406 946 Camere,
1422 920 1481 941 seu
1505 909 1601 940 nobis
1623 909 1730 951 ipsius

343 954 489 993 nomine,
506 954 610 985 fuerit
625 954 754 995 integre
777 954 998 987 satisfactum.
1045 954 1232 990 Monentes,
1249 953 1363 992 eciam,
1380 953 1531 994 ipsorum
1547 953 1728 985 Beneficio-

344 1008 421 1029 rum
445 1008 646 1039 possessores
669 1008 786 1029 omnes
808 1001 844 1028 et
866 997 1024 1038 singulos,
1048 1007 1108 1028 seu
1131 1007 1247 1028 eorum
1271 999 1504 1038 procuratores
1520 996 1572 1028 vel
1588 1007 1728 1038 occupa-

344 1043 443 1081 tores,
465 1041 627 1083 quatinus
643 1041 739 1073 nobis
761 1041 970 1073 satisfaciant
993 1041 1034 1072 de
1057 1040 1156 1072 dictis
1179 1040 1296 1082 primis
1312 1040 1494 1072 fructubus
1509 1040 1596 1072 infra
1612 1051 1729 1081 supra·

344 1085 475 1116 dictum
498 1085 693 1125 terminum,
717 1085 770 1116 vel
793 1085 873 1116 alias
895 1087 1110 1126 compareant
1133 1095 1244 1116 coram
1268 1084 1372 1123 nobis,
1396 1084 1432 1116 in
1455 1084 1547 1115 dicto
1573 1084 1729 1122 termino,

345 1128 521 1169 allegaturi
543 1133 578 1160 et
597 1128 721 1160 facturi
743 1129 834 1170 quod
858 1129 962 1160 fuerit
984 1128 1134 1168 racionis,
1157 1128 1222 1159 sub
1245 1127 1338 1169 penis
1361 1130 1397 1160 et
1419 1127 1598 1159 sentenciis
1613 1138 1731 1169 supra-

345 1172 487 1214 scriptis.
533 1172 720 1212 Mittentes,
745 1172 859 1212 eciam,
874 1172 982 1211 nobis,
1008 1171 1126 1203 Frater
1147 1171 1338 1210 reverende,
1362 1171 1444 1203 citra
1468 1171 1599 1203 dictum
1615 1171 1730 1203 termi-

346 1226 429 1247 num
446 1215 517 1248 ixli.
534 1226 580 1247 vs.
599 1215 847 1255 sterlingorum,
864 1226 922 1257 per
937 1226 996 1247 vos
1007 1215 1198 1256 Apostolice
1215 1216 1352 1247 Camere
1368 1215 1499 1246 debitos
1515 1215 1556 1246 de
1573 1215 1655 1247 A.D.
1670 1215 1731 1247 M0.

348 1259 480 1291 COCm⁰
494 1257 622 1300 lxxij‘l0,
641 1270 700 1300 pro
715 1259 869 1291 Denariis
886 1259 981 1291 Beati
1005 1259 1107 1291 Petri.
1171 1260 1218 1291 Et
1239 1259 1322 1301 quid
1338 1259 1373 1290 in
1391 1259 1560 1300 premissis
1575 1259 1731 1298 feceritis,

345 1306 381 1334 et
397 1303 467 1334 fieri
481 1303 638 1343 feceritis,
654 1313 726 1342 nos,
745 1303 844 1335 dictis
867 1303 921 1334 die
944 1306 980 1335 et
1001 1302 1082 1342 loco,
1099 1302 1258 1334 distincte
1274 1306 1307 1334 et
1325 1305 1439 1344 aperte
1461 1302 1651 1334 certificetis
1674 1313 1733 1344 per

349 1346 477 1378 Literas
501 1349 629 1378 vestras
652 1350 816 1388 patentes,
839 1346 960 1378 harum
983 1346 1102 1378 seriem
1125 1356 1163 1378 ac
1184 1345 1322 1378 nomina
1346 1345 1586 1378 Beneficiorum
1610 1346 1666 1386 sic,
1691 1348 1732 1377 ut

347 1390 567 1431 premittitur,
584 1390 796 1422 Auctoritate
811 1390 1003 1432 Apostolica
1018 1389 1215 1421 collatorum
1232 1393 1267 1421 et
1282 1393 1543 1430 acceptatorum,
1567 1400 1605 1421 ac
1627 1389 1732 1422 eciam

346 1434 482 1465 nomina
497 1437 534 1466 et
548 1434 746 1475 cognomina
762 1434 886 1475 quibus
901 1433 1099 1475 hujusmodi
1121 1433 1286 1465 Beneficia
1307 1433 1438 1473 collata,
1455 1436 1491 1465 et
1506 1444 1651 1475 quorum
1673 1444 1731 1465 no-

346 1478 495 1509 minibus
510 1481 681 1518 acceptata
703 1477 842 1515 fuerint,
865 1488 1001 1509 necnon·
1017 1477 1225 1509 execucionis
1248 1481 1358 1509 vestre
1379 1477 1468 1509 facte
1490 1477 1525 1509 in
1550 1477 1729 1519 premissis,

345 1521 477 1562 plenius
492 1521 871 1553 continentes.—Dated
887 1521 1039 1561 London,
1058 1522 1074 1552 1
1094 1521 1173 1553 Feb.

301 1564 493 1598 —Nomina
508 1565 812 1597 denunciandorum
827 1564 866 1597 dc
880 1565 995 1607 quibus
1009 1575 1111 1606 supra
1119 1564 1162 1604 fit
1178 1564 1298 1596 mencio
1312 1569 1390 1596 sunt
1404 1564 1514 1605 hec,-

303 1608 469 1640 Dominus
484 1608 674 1640 Willelmus
689 1608 872 1650 congham,
890 1611 1085 1649 procurator
1099 1608 1130 1640 J.
1149 1608 1295 1649 cheyne.

303 1652 469 1684 Dominus
492 1652 663 1684 ,Iohannes
684 1652 859 1694 [Raulyn]‚
884 1654 1006 1684 Rector
1037 1651 1183 1684 Ecclesie
1211 1652 1334 1685 Sancte
1366 1652 1505 1692 Ladoce,
1537 1655 1733 1694 procurator

346 1695 482 1727 Domini
497 1696 549 1727 W.
570 1696 702 1736 Mugge.

301 1739 488 1771 Edwardus
505 1739 618 1781 Elyer,
639 1739 825 1771 Canonicus
840 1738 987 1771 Ecclesie
1004 1738 1119 1771 Sancti
1135 1738 1327 1771 Karentoci.

301 1783 395 1814 Prior
410 1783 452 1814 de
469 1783 604 1824 Cowyk.
650 1783 744 1815 Prior
759 1781 1117 1815 romnis—Nomina
1136 1782 1365 1823 Beneficiorum
1377 1783 1681 1824 sequestrandwum
1692 1782 1732 1815 de

343 1826 458 1868 quibus
471 1837 574 1867 supra
582 1826 625 1867 fit
639 1829 759 1859 mencio
773 1831 850 1859 sunt
865 1826 978 1865 hec,—

301 1871 352 1902 De
369 1870 543 1902 Prebenda
557 1880 659 1912 quam
676 1871 824 1912 possedit
847 1870 957 1902 David
980 1870 1145 1912 Maynard
1167 1870 1202 1901 in
1226 1870 1373 1902 Ecclesia
1396 1871 1512 1902 Sancti
1534 1870 1727 1910 Karentoci,

341 1913 511 1946 debentur
525 1913 669 1946 fructus.

299 1957 351 1989 De
367 1957 647 1989 Archidiaconatu
664 1957 885 1997 Tottonieusi,
902 1957 1033 1988 racione
1050 1957 1252 1989 Provisiouis
1268 1957 1366 1997 facte,
1384 1958 1426 1989 de
1441 1958 1569 1997 eodem,
1589 1958 1730 1990 Ricardo

342 2001 561 2076 ὀνῖοΚίἕΙιὼγῐ
580 2012 640 2042 per
655 2000 894 2033 Innocencium
909 2001 1051 2042 [Papam
1066 1999 1140 2042 VIJ,
1154 1999 1206 2032 vto
1221 2001 1390 2033 Kalendas
1407 2001 1617 2041 Novembris,
1631 2003 1730 2033 Anno

403 2063 445 2067 —
462 2048 591 2076 ructus.

298 2088 348 2119 De
366 2088 528 2120 Beneficio
544 2088 635 2130 quod
651 2088 809 2129 optinuit,
827 2087 878 2119 vel
895 2088 1037 2129 optinet,
1054 2087 1237 2120 Nicholaus
1253 2089 1296 2120 de
1312 2089 1446 2121 Thobro
1461 2089 1496 2120 in
1514 2088 1661 2121 Civitate
1678 2088 1731 2120 vel

342 2132 472 2163 Diocesi
491 2132 804 2163 Exonie—fructun.

187 2173 252 2204 [tol.
301 2174 351 2206 De
375 2175 548 2207 Prebenda
563 2176 606 2207 de
621 2175 798 2207 Carswelle
813 2175 848 2206 in
868 2174 1012 2206 Ecclesia
1037 2175 1218 2216 Collegiata
1242 2175 1449 2217 Cryditouie,
1466 2175 1597 2207 racione
1613 2175 1729 2208 confir-

344 2218 505 2250 macionis
520 2219 609 2251 facte
625 2219 667 2250 de
682 2219 798 2250 eadem
815 2219 848 2250 J.
869 2217 1204 2259 cheyne,-fructus.

299 2262 350 2293 De
366 2262 540 2294 Prebenda
551 2262 586 2294 in
597 2262 745 2294 Ecclesia
754 2262 945 2301 Exoniensi‚
956 2272 1059 2303 quam
1072 2262 1223 2303 optinuit
1235 2262 1428 2303 Stephanus
1439 2263 1518 2294 Pem
1523 2262 1586 2304 pel,
1599 2262 1730 2294 racione

343 2306 544 2337 Provisiouis
559 2306 648 2337 facte
663 2306 706 2337 de
720 2306 837 2337 eadem
853 2306 883 2338 J.
904 2306 1236 2346 cheyne‚—fructus.

298 2349 350 2380 De
367 2349 540 2380 Prebenda
555 2349 700 2381 Ecclesie
717 2349 898 2388 Collegiate
914 2349 1029 2381 Sancti
1040 2349 1231 2388 Karentoci,
1248 2359 1351 2390 quam
1367 2349 1518 2390 optinuit
1540 2349 1730 2382 willelmus

341 2392 565 2434 Thynghulle,
582 2393 712 2424 racione
723 2392 924 2424 Provisiouis
941 2393 1028 2424 facte
1044 2393 1086 2423 de
1101 2393 1218 2424 eadem
1234 2393 1401 2424 Edwardo
1417 2393 1706 2432 Elier,-fructus.

300 2436 352 2467 De
383 2436 556 2468 Prebenda
586 2436 731 2468 Ecclesie
763 2436 943 2477 Collegiate
966 2437 1008 2467 de
1031 2436 1206 2477 Glasneye,
1231 2446 1334 2477 quam
1357 2437 1507 2477 optinuit
1537 2437 1730 2478 Stephanus

345 2479 492 2520 Pempel,
512 2479 643 2511 racione
660 2479 862 2511 Provisiouis
878 2479 965 2511 facte
981 2480 1022 2511 de
1038 2479 1154 2511 eadem
1170 2479 1207 2511 Τ.
1224 2479 1612 2519 Woderone,—fructus.

300 2522 399 2562 Item,
412 2523 454 2554 de
468 2523 596 2562 eadem,
610 2523 742 2555 racione
759 2523 958 2554 Provisiouis
973 2523 1061 2554 facte
1080 2523 1179 2555 Petro
1196 2523 1331 2564 Crugou
1346 2534 1405 2564 per
1418 2523 1604 2563 Urbanum,
1615 2524 1730 2556 Nonas

345 2566 470 2606 Marcii,
486 2566 585 2598 Anno
608 2567 905 2605 terem—tructus.

303 2609 354 2640 De
373 2609 518 2641 Ecclesia
533 2610 575 2641 de
587 2610 753 2649 Toritonc,
770 2609 903 2641 racione
926 2609 1127 2641 Provisiouis
1143 2609 1230 2641 facte
1254 2609 1295 2641 de
1318 2610 1435 2641 eadem
1458 2610 1628 2642 Willelmo
1652 2610 1729 2642 Bik-

346 2652 472 2694 brugge
488 2664 546 2693 per
562 2653 749 2693 Urbanum,
767 2653 800 2695 vj
819 2653 900 2685 Idus
917 2653 1073 2694 Augusti,
1091 2653 1190 2684 Anno
1208 2651 1466 2693 Vt0,—frnetus.

303 2695 355 2727 De
370 2696 546 2728 Prebenda
567 2697 610 2728 de
625 2697 815 2728 Wodelond
838 2696 873 2728 in
896 2697 1043 2728 Ecclesia
1066 2696 1262 2737 Cryditonie
1287 2696 1481 2737 Collegiata,
1503 2697 1634 2729 racione
1650 2697 1728 2729 Pro·

347 2740 483 2771 visionis
498 2739 586 2771 facte
601 2740 643 2771 de
658 2741 773 2771 eadem
789 2740 821 2772 J.
843 2740 943 2779 Mere,
961 2751 1019 2781 pro
1035 2743 1124 2771 resta
1149 2738 1243 2781 [reste
1257 2739 1296 2772 de
1311 2740 1642 2781 compta—fruetus.

304 2783 496 2814 —Nomina
510 2783 742 2824 Reliqiosorum
757 2783 796 2815 de
812 2783 929 2824 quibus
943 2793 1046 2823 supra
1053 2783 1095 2823 fit
1110 2785 1231 2814 mencio
1245 2788 1322 2814 sunt
1336 2783 1446 2822 hec,—

305 2826 459 2858 Decanus
474 2829 510 2858 et
527 2827 722 2868 Capitulum
737 2827 872 2866 debent,
889 2837 948 2868 pro
963 2837 1051 2858 anno
1066 2823 1128 2867 ijdo
1144 2826 1380 2858 Nunciacionis
1395 2830 1508 2859 nostre
1546 2841 1558 2848 ·
1658 2827 1731 2868 vijs.

197 2925 210 2947 ¹
227 2927 295 3003 Elis·
315 2937 424 3004 {lating
445 2929 525 3004 dggs
554 2932 617 2961 not
646 2939 768 3004 appreatr
798 2929 832 2961 in
863 2938 929 3003 alx-Pr
1040 2928 1174 2960 became
1194 2928 1354 2961 Subdean
1369 2940 1405 2961 as
1420 2929 1473 2961 far
1488 2929 1571 2962 back
1587 2940 1622 2962 as
1640 2930 1734 2962 1336.

286 2980 314 3002 is
346 2983 366 3004 o
428 2983 462 3004 rc
511 2983 630 3004 eacons
646 2983 665 3004 ο
724 2983 744 3003 o
761 2982 830 3004 nes.
912 2982 930 3003 e
