1988 3256
338 316 445 364 534>

338 431 373 459 A.
378 431 415 459 D.

340 466 415 492 1384.

339 499 402 526 Vol.
416 500 439 526 Ι.

340 532 392 559 fol.

342 567 418 594 123b.

448 1954 649 2005 Irregular
679 1957 968 1995 Ministrations
997 1957 1050 2008 by
1081 1958 1305 2007 Religions;
1341 1957 1576 1994 Mamlatum
1613 1969 1658 1993 ne
1698 1953 1903 2004 Reliqiosi'
1932 1967 1939 2012 ss

449 2063 610 2102 Thomas,
627 2066 704 2103 etc.,
728 2066 870 2097 Decano
893 2066 1173 2097 Christianitatis
1196 2066 1349 2104 Exonie;
1373 2075 1519 2102 necnon,
1537 2064 1686 2095 Domino
1703 2062 1883 2101 Nicholao,

554 332 654 365 THE
690 329 931 367 REGISTER
966 333 1027 366 oF
1061 329 1239 368 BISHOP
1274 329 1674 368 BRANTYNGHAM.

498 437 620 467 contra
658 436 779 467 taliter
816 437 1061 478 delinquentes
1098 438 1243 478 provide
1281 438 1363 475 lata,
1403 436 1675 478 dampnabiliter
1711 430 1884 470 involuti3

497 479 649 520 quidam,
666 482 796 519 tamen,
813 481 983 513 Dominus
999 482 1194 514 Willelmus
1216 483 1404 522 Ambroke,
1421 481 1632 523 capellanus,
1648 481 1685 512 et
1707 477 1887 510 Johannes

498 524 621 563 Raufe,
638 527 757 556 nostre
768 526 925 557 Diocesis
937 528 973 557 et
986 526 1251 558 cantuariensis
1263 527 1446 558 Provincie
1459 525 1600 564 subditi,
1612 522 1782 556 nonnulla
1792 521 1885 553 bona

498 570 534 599 et
560 579 627 607 res,
655 569 819 601 videlicet
843 570 988 610 Calices,
1012 571 1146 610 Libros,
1169 571 1401 610 Vestimenta,
1425 581 1466 602 ac
1489 571 1559 602 alia
1580 570 1673 600 bona
1695 569 1731 599 et
1754 576 1811 598 res
1840 565 1884 596 de

497 613 598 644 bonis
615 613 796 645 Prioratus
812 615 985 654 Tottonie‚
1003 617 1038 646 et
1054 615 1148 647 infra
1163 616 1313 647 eundem
1330 616 1528 647 Prioratum
1549 612 1750 651 existencia,
1766 612 1887 652 preter

498 660 535 688 et
551 659 674 689 contra
689 659 909 690 voluntatem
924 662 986 690 aut
1002 660 1268 701 permissionem
1292 660 1424 691 Prioris
1440 659 1621 690 Prioratus
1635 657 1805 699 ejusdem,
1821 656 1884 686 aut

498 702 643 733 alterius
659 703 909 744 cujuscumque
925 704 984 744 qui
1001 704 1201 745 hujusmodi
1218 715 1335 736 rerum
1359 704 1527 736 custodiis
1546 703 1690 734 fuerant
1713 698 1883 741 deputati,

499 746 541 777 de
557 747 679 778 eodem
696 748 859 778 Prioratu
874 749 1088 788 abstrahere,
1104 749 1286 787 abducere,
1303 752 1339 780 et
1355 751 1584 786 contrectare,
1593 756 1703 788 eaque
1715 753 1885 785 occupare

499 793 535 821 et
552 791 720 829 detinere,
736 794 870 823 temere
886 796 1187 833 presumpserunt,
1203 793 1415 831 abstrahive,
1431 793 1568 831 abduci,
1592 791 1648 823 vel
1671 787 1883 822 contrectari

499 835 670 874 fecerunt,
696 846 758 867 seu
780 837 982 878 hujusmodi
1006 838 1282 869 abstraccionem
1306 841 1368 869 aut
1391 836 1718 874 contrectacionem,
1742 832 1884 865 nomine

500 890 562 911 suo
578 879 721 919 factam,
743 883 858 912 ratam
882 881 1081 913 habuerunt
1101 883 1235 923 pariter
1256 885 1291 913 et
1314 885 1505 922 acceptam,
1527 881 1718 921 eademque
1741 878 1834 909 bona
1848 878 1885 909 et

498 934 554 955 res
570 925 733 965 nequiter
749 925 909 957 detinent
926 928 961 957 et
979 929 1151 967 occupant
1168 927 1210 958 de
1227 927 1393 967 presenti,
1405 930 1511 967 prout
1523 936 1566 957 ex
1578 924 1677 966 gravi
1689 921 1885 964 conquesti-

498 978 564 999 one
580 969 711 1000 Prioris
727 969 812 1001 dicti
830 970 1010 1002 Prioratus
1026 971 1189 1002 Tottonie
1205 971 1306 1002 nobis
1329 971 1447 1002 extitit
1470 971 1685 1007 intimatum,
1701 968 1739 999 in
1753 966 1885 999 anima-

498 1023 576 1043 rum
609 1023 751 1044 suarum
782 1015 915 1055 grande
946 1015 1139 1055 periculum
1170 1018 1206 1047 et
1237 1016 1386 1047 aliorum
1416 1015 1651 1055 perniciosum
1675 1011 1884 1052 exemplum.

499 1057 668 1096 Quocirca
683 1058 783 1089 vobis
806 1060 1041 1090 communiter
1062 1062 1098 1091 et
1122 1060 1272 1098 divisim,
1297 1062 1374 1098 etc„
1398 1059 1653 1091 committimus
1677 1059 1714 1089 et
1741 1055 1884 1087 manda·

498 1111 576 1132 mus
599 1102 774 1142 quatinus,
792 1103 821 1134 si
837 1106 891 1134 est
915 1104 975 1142 ita,
1000 1104 1112 1135 dictos
1136 1105 1304 1136 Dominos
1327 1104 1541 1135 Willelmum
1565 1105 1601 1134 et
1623 1102 1832 1139 Johannem,
1848 1101 1886 1132 et

496 1146 652 1186 ipsorum
668 1149 867 1188 utrumque,
885 1148 1003 1187 semel,
1026 1149 1188 1187 secundo,
1210 1151 1246 1180 et
1265 1149 1374 1180 tercio
1396 1159 1436 1179 ac
1458 1146 1703 1188 peremptorie,
1726 1144 1885 1186 legitime

497 1191 680 1230 moneatis,
697 1194 734 1222 et
749 1191 938 1223 efficaciter
949 1193 1136 1231 inducatis,
1148 1193 1240 1234 quod
1252 1193 1454 1234 hujusmodi
1466 1192 1611 1230 Calices,
1625 1191 1758 1228 Libros,
1768 1188 1883 1220 Vesti-

496 1237 627 1274 menta,
644 1246 684 1266 ac
701 1236 770 1267 alia
785 1236 877 1267 bona
893 1247 1109 1278 quecumque
1129 1238 1171 1268 de
1199 1237 1300 1268 bonis
1322 1237 1472 1277 predicti
1496 1237 1687 1274 Prioratus,
1703 1244 1767 1275 per
1788 1234 1884 1274 ipsos

495 1282 557 1310 aut
567 1279 723 1320 ipsorum
734 1281 885 1311 alterum
894 1282 1194 1323 qualitercumque
1205 1284 1384 1322 occupata,
1396 1281 1508 1312 Priori
1521 1280 1680 1322 ejusdem
1691 1279 1882 1316 Prior-atus,

495 1323 590 1354 infra
606 1324 726 1355 decem
743 1325 817 1356 dies
833 1327 912 1365 post
930 1326 1145 1357 Moniciones
1160 1328 1296 1357 vestras
1312 1325 1514 1367 hujusmodi
1530 1324 1722 1356 inmediate
1738 1332 1882 1364 sequen-

495 1370 559 1406 tes,
584 1371 757 1408 quatenus
779 1370 920 1400 eosdem
944 1371 1179 1407 communiter
1201 1381 1263 1401 seu
1286 1370 1426 1401 divisim
1450 1370 1590 1408 attinet,
1614 1368 1814 1406 restituant,
1842 1368 1883 1398 ut

495 1415 672 1451 tenentur,
697 1413 761 1444 sub
784 1423 875 1454 pena
899 1414 1284 1446 Excommunicacionis
1308 1415 1453 1456 Majoris
1475 1414 1512 1445 in
1536 1413 1677 1445 eosdem
1700 1414 1736 1443 et
1760 1421 1882 1443 eornm

495 1457 686 1497 quemlibet
702 1468 773 1489 non
789 1458 968 1490 immerito
983 1459 1214 1490 fulminande.
1261 1459 1426 1499 Alioquin
1447 1458 1575 1497 citetis,
1600 1467 1662 1489 seu
1677 1456 1780 1488 citari
1795 1455 1880 1487 faci-

494 1501 563 1532 atis
579 1502 731 1540 eosdem,
748 1503 994 1543 peremptorie,
1011 1504 1103 1544 quod
1120 1506 1346 1544 compareant
1359 1513 1475 1534 coram
1490 1502 1637 1534 officiali
1650 1503 1770 1532 nostro
1782 1499 1880 1531 Prin-

495 1545 609 1585 cipali,
626 1556 697 1585 seu,
714 1547 751 1577 in
767 1547 845 1588 ejus
867 1548 1041 1586 absencia,
1067 1548 1271 1579 Presidente
1295 1548 1407 1579 nostri
1432 1546 1638 1579 Consistorii
1663 1544 1881 1583 Exoniensis,

495 1590 551 1621 die
567 1591 732 1622 Mercurii
744 1591 781 1622 in
797 1592 951 1623 crastino
967 1593 1062 1623 Festi
1076 1592 1300 1624 Invencionis
1314 1591 1440 1623 Sancte
1454 1591 1576 1623 Crucis
1587 1590 1747 1631 proximo
1757 1589 1882 1627 futuri,

495 1645 635 1665 causam
652 1635 911 1674 racionabilem,
929 1646 990 1667 seu
1013 1647 1136 1668 causas
1159 1636 1399 1675 racionabiles,
1424 1636 1453 1667 si
1476 1646 1562 1677 quas
1585 1645 1649 1676 pro
1665 1644 1701 1666 se
1718 1633 1883 1672 habeant,

494 1689 600 1719 quare
617 1679 662 1711 ad
677 1679 942 1712 restitucionem
958 1681 1160 1722 hujusmodi
1178 1681 1344 1719 Calieum,
1362 1681 1556 1719 Librorum,
1569 1679 1883 1716 Vestimentorum,
1938 1711 1939 1714 Ἰ

495 1725 531 1754 et
547 1723 696 1754 aliorum
712 1724 884 1755 bonorum
899 1725 1139 1766 predictorum
1155 1725 1317 1766 compelli
1333 1735 1403 1756 non
1420 1725 1582 1763 debeant,
1597 1724 1635 1754 in
1651 1722 1771 1754 debita
1791 1721 1882 1763 juris

494 1767 619 1807 forma,
636 1770 742 1809 prout
757 1779 816 1800 eos
832 1770 1067 1801 communiter
1090 1780 1151 1801 seu
1174 1770 1314 1801 divisim
1338 1769 1528 1808 concernit,
1551 1766 1765 1809 proposituri
1780 1767 1818 1798 et
1833 1765 1880 1798 le·
1935 1782 1938 1784 v

494 1812 617 1851 gitime
633 1813 825 1853 probaturi,
850 1815 896 1853 et,
914 1814 942 1845 si
958 1816 1129 1855 oporteat,
1147 1814 1189 1846 de
1205 1815 1354 1846 veritate
1371 1814 1519 1845 dicenda
1541 1812 1774 1853 personaliter
1786 1810 1880 1852 jura-
1932 1826 1935 1828 ·

495 1856 587 1895 turi;
611 1857 829 1898 ulteriusque
845 1858 976 1889 facturi
993 1862 1029 1890 et
1045 1859 1221 1899 recepturi
1237 1859 1329 1899 quod
1344 1858 1487 1899 justicia
1510 1856 1682 1889 suadebit.
1728 1855 1774 1886 Et,
1797 1854 1882 1896 quid

494 1900 651 1932 feceritis
666 1901 704 1932 in
718 1902 910 1942 premissis,
928 1903 1155 1934 etc.—Dated
1171 1905 1209 1934 at
1226 1903 1335 1944 Clyst,
1357 1903 1400 1933 22
1416 1902 1527 1943 April.

484 2010 704 2047 ministrent
725 2012 1016 2049 Sacramentum
1036 2011 1330 2057 Eukaristie,—

496 2108 636 2140 Rectori
662 2109 817 2141 Ecclesie
845 2110 1059 2141 Parochialis
1085 2111 1212 2142 Sancte
1240 2111 1349 2141 Marie
1381 2110 1535 2152 Majoris,
1567 2111 1686 2140 nostre
1717 2106 1885 2140 Civitatis

496 2153 637 2192 Exonie,
663 2163 704 2184 ac
730 2154 883 2185 Johanni
900 2155 1021 2194 Lucas,
1039 2155 1174 2193 clerico,
1191 2155 1351 2193 salutem,
1367 2154 1580 2192 etc—Cum,
1605 2152 1796 2184 secundum
1821 2151 1880 2183 Sa-
1928 2160 1933 2187 ·,

495 2207 634 2228 crorum
651 2197 833 2229 Canonum
850 2199 1032 2237 Instituta,
1049 2209 1170 2230 omnes
1193 2201 1229 2230 et
1253 2199 1381 2239 singuli
1406 2198 1572 2238 Religiosi
1587 2197 1647 2238 qui
1662 2196 1798 2228 clericis
1819 2197 1883 2227 aut

496 2241 593 2273 laicis
611 2241 879 2274 Sacramentum
903 2243 1094 2275 Unccionis
1118 2244 1283 2274 Extreme
1307 2244 1362 2274 vel
1386 2242 1596 2281 Eukaristie,
1613 2240 1882 2273 matrimoniave
1902 2271 1906 2273 ,
1925 2279 1927 2282 .

497 2286 759 2327 solempnizare,
785 2297 855 2318 non
887 2287 1009 2319 habita
1040 2298 1144 2328 super
1175 2288 1243 2319 hiis
1274 2287 1488 2319 Parochialis
1515 2285 1706 2318 Presbiteri
1734 2283 1880 2316 licencia
1922 2326 1926 2330 .

496 2331 648 2371 speciali,
664 2332 952 2372 presumpserint,
970 2332 1040 2363 sint
1058 2332 1244 2364 Sentencia
1257 2330 1640 2363 Excommunicacionis
1651 2329 1795 2371 Maioris
1806 2329 1883 2370 ipso
1922 2332 1927 2353 Γ

495 2374 590 2406 facto
606 2375 878 2416 dampnabiliter
893 2377 1052 2415 involuti,
1069 2377 1253 2408 dunitaxat
1276 2386 1339 2417 per
1363 2376 1488 2408 Sedem
1512 2374 1750 2415 Apostolicam
1771 2372 1883 2405 absol-

496 2419 611 2458 vendi,
627 2429 668 2451 ac
684 2430 747 2461 per
763 2421 935 2452 Locorum
952 2421 1164 2460 Ordinarios,
1181 2423 1365 2461 postquam
1383 2421 1425 2451 de
1442 2420 1507 2451 hoc
1525 2419 1576 2451 eis
1599 2418 1808 2456 constiterit,
1832 2416 1883 2449 sio

497 2464 790 2495 excommunicati
814 2465 952 2505 publice
975 2465 1192 2503 nunciandi;
1224 2465 1375 2506 quidam,
1401 2467 1530 2502 tamen,
1556 2463 1680 2494 Frater
1702 2462 1882 2494 ,Iohannes

499 2507 534 2543 Ια
551 2507 652 2539 blank
668 2508 790 2547 spaceJ,
809 2509 1004 2550 Religiosus
1020 2510 1063 2541 de
1081 2510 1211 2541 Ordine
1229 2509 1391 2540 Fratrum
1416 2508 1690 2546 Predicatorum,
1707 2507 1743 2537 in
1759 2505 1880 2538 eodem
1920 2512 1925 2515 ¹

499 2551 628 2583 Ordine
659 2563 821 2593 expresse
853 2553 1041 2594 professus,
1071 2554 1337 2585 Sacramentum
1363 2552 1562 2584 Eukaristie
1585 2550 1739 2583 ‚Iohanni
1763 2548 1880 2592 Grey,'

498 2595 575 2627 Civi
592 2596 684 2628 dicte
702 2597 866 2629 Civitatis
890 2598 1032 2636 Exonie,
1057 2598 1151 2629 infra
1175 2598 1380 2629 Parochiam
1406 2597 1559 2628 Ecclesie
1584 2595 1703 2627 Sancti
1728 2593 1880 2635 Georgii,

497 2639 655 2680 ejusdem
684 2641 848 2673 Civitatis
876 2642 1018 2681 Exonie,
1045 2642 1267 2683 parochiano,
1292 2642 1328 2672 in
1352 2642 1418 2673 hoc
1442 2642 1548 2672 Sacro
1570 2642 1606 2671 et
1631 2639 1758 2671 celebri
1776 2638 1881 2670 Festo

498 2684 630 2716 Pasche
646 2685 805 2726 proximo
828 2686 1008 2727 preterito,
1032 2688 1137 2727 prout
1160 2697 1202 2717 ex
1226 2686 1481 2726 fidedignorum
1505 2684 1717 2722 testimonio,
1733 2684 1770 2714 et
1784 2682 1882 2714 fama
1919 2686 1922 2687 ’

496 2728 637 2768 publica
651 2729 837 2769 referente,
853 2730 1062 2770 accepimus,
1078 2741 1149 2761 non
1166 2730 1286 2761 habita
1310 2740 1414 2770 super
1429 2730 1494 2761 hoc
1510 2730 1630 2760 nostra
1646 2729 1707 2759 aut
1723 2726 1882 2759 Rectoris

495 2772 654 2813 ejusdem
672 2773 837 2812 Ecclesie,
853 2775 907 2805 vel
926 2775 1115 2806 Presbiteri
1132 2774 1356 2812 Parochialis,
1374 2774 1519 2805 licencia
1532 2772 1684 2814 aliquali,
1697 2775 1751 2803 set
1763 2773 1883 2812 preter
1920 2771 1925 2795 -'

495 2819 530 2847 et
547 2819 669 2848 contra
685 2818 903 2850 voluntatem
927 2819 1128 2857 eorundem,
1154 2821 1189 2849 et
1213 2819 1367 2859 ipsorum
1392 2817 1589 2859 cujuslibet,
1607 2820 1738 2847 temere
1762 2815 1880 2846 minis·
1914 2832 1923 2843 1

495 2861 622 2899 travit;
647 2862 777 2893 dictam
796 2862 940 2904 Majoris
957 2863 1341 2895 Excommunicacionis
1359 2862 1580 2894 Sentenciam
1597 2861 1672 2902 ipso
1688 2859 1784 2891 facto
1794 2858 1880 2900 pub-
1918 2901 1922 2905 Δ

546 2925 552 2943 ·
581 2926 635 2956 He
652 2936 724 2957 was
742 2927 865 2968 Mayor
881 2927 919 2958 of
935 2927 1064 2959 1312th
1079 2927 1115 2958 in
1134 2927 1229 2967 1376,
1249 2928 1344 2966 1381,
1365 2912 1460 2966 1395,
1477 2926 1547 2958 and
1565 2926 1660 2958 1400.
