1988 3256
0 673 4 678 v
0 559 9 649 v-v-w
0 362 10 536 ·—--⁴-ww—-.v-x
0 272 14 350 W*-

162 466 236 528 aa:

163 534 224 562 Vol.
239 534 263 562 1.

164 989 212 1016 fol.

163 1023 226 1050 251³.

491 359 783 395 REGISTRUM
818 358 1279 394 οοΜΜυΝΕ-ΑΝΝΟ
1317 348 1380 393 3⁰.
1608 345 1705 392 279

319 466 442 498 Liberis
457 466 659 508 Apostolicis
681 465 858 505 attribute,
877 465 981 505 vobis,
998 465 1034 498 et
1050 467 1162 498 vestro
1185 464 1282 497 Clero
1305 466 1341 496 et
1363 462 1603 495 Ecclesiasticis
1626 462 1704 495 Per-

318 510 408 542 sonis
436 513 623 542 vestrarum
650 510 839 542 civitatum
865 513 901 541 et
926 509 1128 547 Diocesium,
1152 509 1273 540 damus
1296 511 1332 539 et
1353 507 1574 548 assignamus,
1599 506 1649 538 ita
1670 509 1707 538 et

320 554 434 586 taliter
449 553 540 595 quod
556 564 626 591 vos,
645 557 681 585 et
697 554 799 585 vestri
822 553 987 586 Officiales
1009 556 1045 584 et
1067 553 1200 592 Vicarii,
1215 552 1340 594 quibus
1362 562 1463 592 super
1485 550 1549 582 hoc
1571 550 1707 591 plenam

323 598 537 629 concedimus
552 600 668 629 tenore
685 597 896 629 Preseucium
914 598 1119 636 facultatem,
1138 596 1303 637 predictos
1319 598 1504 627 trescentos
1520 597 1556 626 et
1566 594 1708 635 triginta

316 645 386 673 tres
397 641 538 673 florenos
553 641 627 672 auri
643 642 684 672 ‹le
697 641 846 680 Camera,
863 651 882 672 a
897 641 1047 682 predicto
1063 640 1209 672 Domino
1219 638 1477 680 Archiepiscopo
1492 637 1704 677 Eboracensi,

316 696 376 726 pro
399 695 435 716 se
457 689 493 716 et
515 685 740 726 Suffraganeis
762 685 832 716 suis
858 695 896 715 ac
910 685 1018 716 ›Olero
1044 694 1183 715 suarum
1212 683 1400 715 Oivitatum
1427 685 1463 713 et
1489 681 1706 720 Diocesium;

316 729 499 766 residuum,
527 738 615 767 vero,
643 727 799 759 videlicet
833 727 926 759 Mille
955 727 1096 759 florenos
1121 727 1197 758 auri
1222 727 1265 758 de
1292 726 1441 765 Camers,
1467 725 1522 756 vel
1545 725 1703 764 valorem,

315 783 335 803 a
351 772 504 803 Dominis
522 772 694 813 Episcopis
709 771 933 812 Suffraganeis
949 771 1070 803 vestris
1085 782 1123 802 ac
1136 771 1233 803 clero
1248 773 1284 802 et
1298 768 1537 802 Ecclesiasticis
1550 768 1705 800 Personis

316 819 427 847 vestre
443 815 626 853 Provincie,
644 815 866 855 Secularibus,
883 818 957 854 etc„
974 827 992 846 a
1008 815 1150 855 siugulis
1165 824 1282 846 eorum
1305 824 1364 855 pro
1379 816 1454 845 rata
1475 815 1705 854 proventuum

315 860 475 900 ipsorum,
491 862 528 891 et
549 859 768 890 consideratis
790 859 1010 890 facultatibus
1033 858 1228 897 eorundem,
1247 868 1350 898 super
1371 867 1440 898 quo
1455 859 1603 888 vestram
1627 865 1702 887 con-

316 903 491 934 scienciam
519 913 707 941 oneramus,
734 907 846 943 petere
873 905 908 933 et
938 903 1078 943 exigere,
1102 904 1138 933 et
1159 901 1249 943 ipsos
1272 902 1312 932 ad
1341 901 1404 932 hoc
1434 911 1493 940 per
1517 900 1703 931 Censuram

319 946 584 978 Ecclesiasticam
616 957 732 987 cogere
761 949 797 978 et
826 946 1034 986 compellere,
1061 949 1097 977 et
1126 957 1146 976 a
1171 945 1291 976 vestris
1322 944 1510 977 Sentenciis
1531 943 1703 974 absolvere

317 991 454 1022 valeatis
470 993 506 1022 et
522 990 665 1031 possitis.
710 991 754 1020 Et
769 989 870 1021 simili
888 990 986 1020 modo
1003 989 1110 1020 eidem
1127 989 1332 1028 Reverendo,
1349 992 1427 1027 etc.,
1446 986 1703 1027 Archiepiscopo

316 1034 527 1073 Eboracensi,
550 1034 774 1065 contributori
798 1033 958 1074 predicto,
981 1032 1164 1064 rehabendi
1187 1035 1220 1064 et
1245 1031 1383 1073 petendi
1405 1042 1424 1062 a
1447 1030 1601 1062 Dominis
1623 1030 1702 1071 Epi-

315 1077 424 1119 scopis
439 1078 662 1119 Snffraganeis
681 1077 762 1115 suis,
780 1077 922 1118 aliisque
936 1077 1063 1108 clericis
1078 1087 1217 1108 suarum
1234 1076 1422 1108 Civitatum
1437 1078 1474 1106 et
1496 1073 1700 1112 Diocesium,

316 1121 483 1163 exemptis
512 1125 549 1153 et
576 1131 644 1152 non
675 1121 849 1162 exemptis,
880 1121 1005 1152 dictam
1035 1130 1204 1151 summam
1234 1122 1463 1151 trecentorum
1498 1121 1534 1149 et
1562 1117 1703 1158 triginta

316 1165 423 1196 trium
446 1165 658 1204 florenorum,
684 1167 786 1205 prout
807 1164 962 1204 superius
985 1164 1195 1205 exprimitur,
1221 1174 1288 1194 una
1310 1173 1388 1194 cum
1410 1162 1513 1203 justis
1535 1161 1700 1202 expensis,

317 1211 352 1240 et
369 1208 517 1240 Censura
538 1208 639 1240 simili
661 1208 883 1248 compellendi
906 1208 1027 1239 damus
1049 1211 1085 1238 et
1107 1207 1322 1239 concedimus
1345 1210 1461 1237 tenore
1484 1205 1701 1237 Presencium

316 1252 525 1284 facultatem.
586 1252 626 1283 In
649 1262 806 1293 quorum,
830 1254 904 1290 etc„
930 1254 1119 1292 presentem
1141 1254 1295 1282 nostrum
1319 1250 1516 1282 Processum
1551 1259 1610 1289 per
1631 1248 1701 1280 No-

317 1295 442 1327 tarium
473 1299 628 1327 nostrum
665 1295 914 1336 infrascriptum
946 1295 1047 1326 scribi
1084 1298 1120 1326 et
1157 1293 1318 1335 publicari
1347 1293 1499 1332 fecimus,
1530 1296 1567 1323 et
1595 1291 1704 1323 nostri

317 1339 417 1380 sigilli
446 1339 647 1380 appensione
677 1339 849 1370 muniti.-
861 1339 987 1370 Datum
1018 1338 1053 1369 in
1079 1338 1225 1370 Civitate
1249 1336 1493 1375 cantuariensi,
1517 1336 1571 1367 die
1594 1335 1702 1377 prima

318 1383 443 1414 mensis
472 1383 578 1422 Junii,
611 1383 709 1414 Anno
738 1393 757 1413 a
792 1382 983 1414 Nativitate
1017 1382 1154 1413 Domini
1187 1381 1249 1413 ΜΟ.
1283 1381 1414 1413 CCCmo
1443 1376 1575 1421 lxxide.
1623 1379 1699 1410 Pre-

318 1426 471 1458 sentibus
497 1426 642 1458 Domino
671 1426 826 1458 Johanne
857 1425 1039 1464 Peresselli,
1066 1425 1235 1458 canonico
1265 1428 1301 1456 et
1333 1423 1573 1455 Elemosinario
1599 1422 1699 1454 Yam-

321 1470 479 1509 tonensis‚
504 1473 539 1501 et
565 1470 750 1511 Reginaldo
776 1470 818 1501 de
844 1469 1036 1506 Roffuhaco,
1065 1469 1182 1500 clerico
1215 1467 1460 1500 Lemovicensis
1497 1466 1699 1505 Diocesium,

319 1513 464 1545 testibus
505 1514 547 1545 ad
588 1514 748 1554 premissa
783 1513 908 1544 vocatis
939 1515 975 1544 et
1011 1513 1239 1552 rogatis—Et
1269 1522 1338 1553 eg0‚
1375 1510 1539 1542 Ricardus
1569 1510 1698 1549 Donne,

319 1557 492 1598 presbiter,
532 1557 801 1589 Constanciensis
840 1557 996 1596 Diocesis,
1036 1556 1196 1588 Publicus
1227 1554 1419 1596 Apostolica
1457 1557 1492 1585 et
1529 1553 1701 1594 Imperiali

320 1601 532 1633 Auctor-itate
554 1601 725 1640 Notarius,
750 1601 918 1641 premissis
941 1600 1107 1639 omnibus,
1124 1600 1207 1631 dum
1230 1599 1278 1630 sic
1300 1601 1403 1640 prout
1424 1608 1527 1639 supra
1548 1597 1699 1628 scribun-

318 1647 378 1676 tur
407 1655 467 1686 per
493 1645 738 1683 Reverendum,
765 1647 838 1683 etc„
855 1643 1028 1676 Nuncium
1055 1643 1287 1684 supradictum
1310 1644 1488 1683 agerentur
1512 1644 1548 1672 et
1570 1640 1700 1679 fierent,

319 1698 388 1720 una
417 1698 495 1719 cum
523 1688 765 1729 prenominatis
791 1688 946 1726 testibus,
978 1698 1114 1728 presens
1150 1686 1211 1718 fui.
1271 1686 1430 1727 Ideoque,
1462 1685 1505 1716 de
1538 1684 1701 1716 Mandato

317 1732 424 1773 ipsius
440 1731 575 1763 Domini
598 1731 764 1773 Episcopi,
781 1731 871 1762 hunc
892 1734 1081 1771 presentem
1106 1730 1311 1768 Processum,
1329 1740 1388 1771 per
1410 1739 1464 1760 me
1486 1728 1650 1769 scriptum
1666 1730 1699 1759 et

320 1775 541 1816 publicatum,
571 1776 666 1816 signo
697 1786 772 1806 meo
803 1778 964 1806 consueto
994 1774 1133 1815 signavi,
1166 1784 1233 1805 una
1263 1783 1341 1804 cum
1371 1772 1573 1813 appensione
1599 1771 1700 1812 sigilli

319 1819 472 1860 ejusdem
489 1819 627 1851 Domini
643 1818 809 1860 Episcopi,
825 1829 879 1850 me
901 1817 1151 1857 subscribendo,
1167 1820 1314 1858 rogatus,
1331 1817 1364 1847 in
1376 1815 1610 1848 testimonium
1628 1825 1698 1855 pre-

318 1862 1067 1904 missorum.—Quarum,quidem‚Literarum,
1075 1865 1146 1893 tam
1156 1860 1422 1902 Apostolicarum
1431 1869 1534 1901 quam
1546 1859 1698 1898 aliarum,

319 1906 442 1947 vigore,
465 1907 645 1943 artacione,
667 1910 703 1937 et
726 1903 863 1944 vistute,
879 1905 979 1943 dicto,
996 1908 1075 1944 etc„
1092 1905 1225 1936 Nuncio
1248 1904 1450 1944 Apostolico,
1473 1903 1641 1934 instanter
1662 1906 1700 1933 et

316 1949 429 1991 sepius
443 1960 503 1992 per
524 1950 670 1981 eundem
693 1950 735 1981 ad
759 1949 822 1980 hoc
843 1950 1036 1990 requisitus,
1052 1949 1095 1980 de
1117 1948 1218 1980 dictis
1240 1948 1332 1979 Mille
1357 1944 1466 1979 000¹ss
1481 1950 1517 1977 et
1538 1943 1701 1986 xxxiijbm

317 1993 459 2032 florenis,
477 1996 578 2035 prout
599 1993 761 2033 oportuit,
783 1992 1006 2024 satisfecimus
1029 1995 1268 2033 competenter.
1315 1991 1395 2029 Nos,
1411 1990 1526 2030 igitur,
1542 1989 1697 2030 indemp-

317 2037 418 2068 nitati
441 2040 554 2069 nostre
577 2037 610 2068 in
635 2036 804 2078 premissis
834 2036 1029 2078 prospicere,
1053 2046 1091 2067 ac
1120 2046 1206 2067 onus
1227 2034 1467 2066 satisfaccionis
1489 2033 1697 2075 hujusmodi,

317 2081 464 2122 aliasque
480 2091 642 2121 expensas
658 2080 858 2112 necessarias
873 2080 907 2111 in
925 2080 986 2111 hac
1009 2082 1104 2120 parte
1118 2079 1153 2110 in
1172 2078 1290 2110 Partes
1308 2081 1343 2110 et
1359 2076 1521 2109 Personas
1537 2076 1696 2115 dividere,

315 2124 416 2165 juxta
427 2124 594 2155 dictarum
609 2124 799 2155 Literarum
811 2123 1015 2164 exigenciam
1029 2125 1065 2154 et
1075 2123 1243 2162 effectum,
1255 2121 1500 2153 racionabiliter
1511 2120 1696 2161 cupientes,

317 2167 359 2199 de
374 2168 515 2208 singulis
531 2167 651 2199 marcis
674 2168 839 2198 bonorum
862 2167 1156 2208 Suffraganeorum
1179 2169 1384 2204 nostrorum,
1400 2168 1435 2196 et
1450 2164 1603 2197 omnium
1621 2164 1696 2195 Pre-

316 2211 462 2243 latorum
478 2221 516 2243 ac
533 2212 764 2250 Personarum,
781 2214 817 2242 et
836 2210 1075 2242 Beneficiorum
1094 2209 1413 2248 Ecclesiasticorum,
1430 2211 1501 2239 tam
1525 2210 1695 2248 exempto-

315 2265 391 2286 rum
411 2265 513 2296 quam
536 2265 603 2286 non
627 2258 872 2295 exemptorum,
898 2264 1200 2295 quorumcumque,
1223 2255 1427 2289 nostrarum,
1446 2254 1644 2290 vestrarum,
1662 2253 1698 2282 et

315 2302 502 2330 ceterorum
519 2298 810 2339 Suffraganeorum
828 2301 1021 2329 nostrorum
1046 2297 1231 2329 Civitatum
1248 2299 1283 2328 et
1299 2295 1499 2334 Diocesium‚
1516 2298 1698 2335 nostreque

317 2341 570 2374 Cantuariensis
587 2342 767 2380 Provincie,
781 2344 882 2382 prout
896 2343 1059 2372 taxantur
1073 2340 1116 2372 ad
1133 2340 1315 2378 Decimam,
1331 2338 1481 2379 singulos
1493 2338 1698 2379 quadrantes

315 2385 552 2426 sterlingorum
570 2385 728 2416 levandos
744 2389 780 2416 et
794 2385 996 2425 colligendos
1010 2394 1081 2415 esse
1102 2383 1311 2415 decrevimus
1327 2393 1335 2421 ;
1351 2392 1504 2422 onusque
1520 2381 1698 2413 solucionis

315 2429 484 2460 dictorum
500 2429 740 2470 quadrantum,
756 2428 791 2459 in
814 2428 1018 2460 solucionem
1042 2427 1134 2459 Mille
1156 2427 1359 2458 florenorum
1382 2425 1620 2466 predictorum,
1637 2435 1698 2456 nos

315 2475 352 2504 et
373 2472 605 2513 suffraganeos
627 2475 760 2503 nostros
782 2482 820 2503 ac
850 2472 987 2503 Clerum
1011 2474 1125 2502 nostre
1149 2469 1400 2502 Cantuariensis
1423 2468 1596 2500 Provincie
1619 2479 1696 2499 con-

315 2516 513 2556 tingentem,
524 2516 609 2547 utin
625 2515 746 2547 Literis
761 2515 843 2546 dicti
861 2515 983 2546 Nuncii
998 2514 1130 2556 plenius
1145 2514 1348 2552 continetur,
1361 2512 1458 2543 bonis
1472 2515 1509 2543 et
1524 2511 1697 2543 Beneficiis

315 2569 354 2590 ac
370 2559 523 2592 Pei-sonis
539 2557 743 2599 hujusmodi,
761 2569 802 2590 ex
817 2558 924 2590 causis
948 2558 1127 2599 premissis,
1145 2557 1316 2588 moderate
1330 2555 1546 2596 imponimus,
1558 2554 1696 2596 justicia

316 2603 489 2634 suadente.
546 2602 707 2641 Quocirca
723 2602 941 2634 Frater-nitati
955 2605 1066 2633 vestre
1083 2600 1296 2632 Auctoritate
1311 2599 1415 2631 eciam
1427 2598 1618 2640 Apostolica
1630 2609 1698 2639 qua

316 2645 492 2687 fungimur
514 2645 548 2677 in
571 2645 634 2677 hac
655 2649 760 2687 parte,
776 2656 814 2677 ac
836 2645 870 2676 in
894 2645 1022 2676 virtute
1044 2645 1167 2677 Sancte
1191 2643 1391 2675 Obediencie
1413 2653 1481 2684 qua
1504 2642 1594 2673 dicte
1617 2642 1697 2673 Sedi

317 2689 508 2730 Apostolice
530 2691 566 2720 et
589 2689 683 2721 nobis
705 2689 877 2728 tenemini,
901 2688 1043 2720 firmiter
1071 2687 1290 2729 injungendo,
1313 2686 1513 2717 mandamus
1535 2685 1697 2727 quatinus

315 2732 404 2764 infra
419 2732 519 2764 xxxtn
532 2733 663 2764 dierum
686 2733 846 2774 spacium,
862 2743 882 2763 a
904 2735 1055 2772 tempore
1078 2730 1277 2771 recepcionis
1300 2729 1514 2761 Presencium
1537 2729 1698 2760 continuo

317 2776 502 2807 numerand
508 2786 575 2816 um,
589 2776 631 2807 de
640 2776 780 2817 singulis
792 2775 910 2807 marcis
922 2775 1086 2806 bonorum
1099 2778 1134 2805 et
1141 2773 1382 2805 Beneficiorum
1389 2772 1698 2804 Ecclesiasticorum

317 2823 516 2858 vestrorum,
531 2823 567 2851 et
589 2819 731 2851 aliorum
748 2819 957 2851 prelatorum
981 2822 1017 2850 et
1042 2819 1263 2849 Personarum
1282 2816 1588 2848 Ecclesiasticarum
1611 2826 1693 2856 quo-

317 2873 551 2904 rumcumque,
567 2865 755 2894 vestrarum
773 2862 928 2895 Civitatis
943 2865 979 2893 et
994 2861 1150 2900 Diocesis‚
1167 2864 1238 2892 tam
1253 2863 1487 2900 exemptor-um
1509 2869 1611 2899 quam
1628 2869 1695 2892 non

317 2909 563 2947 exemptorum,
590 2909 632 2937 ut
662 2906 838 2947 prefertur,
869 2910 972 2947 prout
1001 2905 1118 2936 eadem
1148 2905 1235 2935 bona
1261 2906 1423 2935 taxantur
1445 2902 1488 2934 ad
1511 2902 1695 2941 Decimam,

317 2949 467 2990 singulos
488 2949 704 2991 quadrantes,
727 2949 897 2981 occasione
919 2948 1088 2990 premissa,
1118 2947 1248 2987 levetis,
1274 2946 1449 2988 colligatis,
1479 2949 1516 2978 et
1544 2945 1695 2987 exigatis,
