1988 3256
489 347 782 382 REGISTRUM
807 348 1274 383 commone—Anno
1302 335 1402 386 4⁰:¹³
1639 342 1728 386 321

180 446 256 507 &g-
332 451 435 483 Petro
458 451 700 493 Hardebrigge,
718 453 853 485 Rectori
879 453 1023 485 Ecclesie
1037 453 1081 485 de
1097 454 1343 496 Dertyngtone,
1360 457 1501 496 propter
1512 454 1649 497 justum
1660 465 1729 488 me-

181 501 276 541 v01J1
333 498 408 526 tum
423 505 563 527 suornm
580 497 793 528 inimicorum
809 497 842 528 in
857 497 1018 529 Parochia
1033 497 1076 529 de
1092 498 1330 539 Dertyngtone
1343 499 1493 540 predicta
1504 499 1728 532 existencium

278 535 286 542 ⁹
332 539 395 570 sibi
413 543 540 571 temere
563 540 707 577 illatum,
731 540 824 581 quod
847 541 962 581 possit,
979 551 1040 582 per
1060 551 1097 573 se
1114 542 1164 573 vel
1180 542 1286 574 alium
1309 542 1471 574 idoneum
1495 543 1726 584 Capellanum‚

334 582 457 614 Divina
481 583 660 622 celebrare,
677 584 728 615 vel
753 584 863 615 facere
884 585 1053 623 celebrari,
1077 586 1112 616 in
1136 586 1281 626 Capella,
1297 586 1368 618 sive
1390 587 1556 626 Oratorio,
1574 587 1731 619 Rectorie

333 636 403 665 sue,
419 626 566 659 durante
582 627 615 658 vi
630 631 666 659 et
682 630 776 659 metu
795 628 1009 660 inimicorum
1024 629 1287 661 antedictorum.

290 670 390 709 Item,
406 670 544 709 ibidem,
563 673 599 703 et
613 671 732 702 eodem
747 671 811 710 die,
832 672 995 703 Dominus
1010 673 1174 705 concessit
1200 673 1344 705 Roberto
1368 673 1523 713 Chalcus,
1540 673 1728 715 domicello,

333 717 370 746 et
385 714 460 755 ejus
474 715 571 746 uxori
587 715 785 753 Licenciam,
799 719 873 754 etc.‚
886 716 922 747 in
937 716 1071 756 Capella
1086 716 1176 748 infra
1192 717 1382 749 Manerium
1392 727 1495 749 suum
1506 718 1549 749 de
1565 718 1726 750 Chalous-

332 757 430 799 leghe
441 758 492 798 [in
511 758 747 799 Pcymptan-Sc.
769 758 891 799 MdryL
909 770 969 800 per
984 770 1091 791 unum
1107 770 1236 792 anuum
1251 761 1463 793 duraturam.

292 801 391 840 Item,
403 802 539 842 ibidem,
552 805 588 834 et
599 802 718 833 eodem
730 801 794 841 die,
808 802 932 844 Guydo
948 804 1008 844 Bry
1015 806 1067 835 tte
1079 807 1116 835 et
1127 803 1203 845 ejus
1215 814 1300 836 uxor
1312 804 1508 837 habueruut
1518 804 1728 837 consimilem

335 845 520 877 Licenciam
535 856 556 877 a
573 846 717 877 Domino
732 856 793 886 pro
812 847 960 878 Manerio
974 857 1036 879 suo
1054 847 1097 879 de
1117 847 1326 890 Halghwylle
1341 847 1394 888 [in
1407 847 1570 890 BrioetonL
1580 848 1730 881 durante

332 889 534 921 infirmitate
550 890 726 930 Guydonis
741 890 894 930 predicti,
912 893 974 922 etc.

177 941 227 969 fol.
242 943 284 969 44·
294 944 753 995 Letters-Dimissory,—-

289 999 392 1030 Peter
406 998 580 1040 Pengylly‚
596 998 697 1038 clerk,
715 998 734 1014 “
745 999 790 1030 ad
805 1009 922 1030 omnes
934 999 953 1012 ''
970 999 1186 1040 (Chudleigh,
1205 1000 1246 1032 18
1263 999 1368 1040 Dec.).

290 1041 382 1074 John
398 1042 535 1081 Tolven,
551 1042 687 1081 deacon,
705 1042 779 1074 “ad
795 1043 958 1075 Ordinem
981 1043 1232 1075 Presbiteratus
1252 1047 1390 1076 tantum
1403 1043 1424 1058 ”
1442 1043 1548 1085 (same
1562 1043 1667 1084 date).

291 1086 379 1119 John
405 1086 530 1127 Hoper,
554 1086 590 1117 of
620 1086 872 1125 Southmolton,
896 1086 913 1102 ‘⁴
928 1086 1077 1118 Primam
1100 1087 1288 1119 Tonsuram
1311 1088 1552 1119 tantummodo
1578 1087 1729 1128 habenti,

330 1130 375 1162 ad
390 1140 506 1161 omnes
518 1130 672 1163 Minores.
685 1133 721 1162 et
730 1130 835 1162 eciam
844 1130 887 1161 ad
898 1140 1014 1162 omnes
1026 1130 1144 1162 Sacros
1159 1131 1322 1164 Ordines”
1339 1130 1554 1173 (Ohudleigh,
1568 1133 1610 1164 22
1623 1133 1730 1171 Dec.).

291 1187 596 1235 Testamentary
608 1198 619 1233 ;
647 1186 710 1223 Sir
733 1186 867 1236 Henry
886 1185 936 1223 de
956 1185 991 1223 le
1012 1186 1238 1236 Pomeraye,
1262 1185 1487 1236 Knight‚—

290 1240 390 1278 Item,
413 1239 540 1271 eisdem
563 1239 618 1271 die
639 1243 675 1270 et
696 1239 779 1278 loco,
805 1239 977 1272 emanavit
1000 1239 1200 1271 Mandatum
1225 1240 1362 1272 Domini
1383 1241 1427 1272 ad
1453 1240 1731 1273 denunciandum

333 1283 447 1315 omnia
470 1283 556 1314 bona
578 1293 644 1324 que
670 1283 812 1314 fuerunt
835 1283 966 1315 Nobilis
990 1283 1072 1322 Viri,
1099 1283 1236 1315 Domini
1260 1284 1398 1315 Heni-ici
1413 1284 1456 1316 de
1477 1285 1510 1316 le
1533 1285 1728 1326 Pomeraye,

338 1327 464 1366 Militis,
480 1327 644 1366 defuncti,
663 1326 767 1358 fuisse
789 1330 825 1359 et
848 1337 919 1358 esse
941 1329 1155 1368 sequestrata
1178 1337 1237 1368 per
1262 1328 1458 1368 Dominum,
1482 1328 1589 1359 donec
1614 1328 1730 1360 Testa-

335 1374 500 1410 mentum,
517 1370 545 1401 si
559 1370 651 1411 quod
666 1370 779 1402 fuerit.
799 1371 963 1411 probetur
978 1371 1011 1402 in
1027 1370 1137 1402 forma
1152 1371 1268 1402 debita
1284 1374 1320 1403 et
1332 1374 1494 1403 consueta
1507 1382 1518 1410 3
1540 1372 1642 1414 quod,
1655 1372 1729 1414 qui-

335 1415 422 1451 dem,
448 1414 648 1445 Mandatum
670 1414 789 1446 extitit
811 1414 980 1446 directum
1007 1415 1149 1445 Domino
1174 1415 1357 1455 Reginaldo
1380 1415 1437 1455 [de
1463 1416 1726 1457 HorsyngtoneJ,

335 1458 467 1489 Vicario
482 1458 524 1489 de
543 1459 632 1499 Byry
650 1458 842 1498 Pomeraye,
860 1461 897 1489 et
911 1458 955 1489 ad
977 1458 1245 1489 conservandum
1267 1458 1355 1490 bona
1378 1459 1541 1499 premissa
1561 1459 1733 1492 directum

336 1502 445 1533 eidem
465 1500 657 1542 Reginaldo,
675 1512 742 1532 una
757 1512 834 1533 cum
847 1501 1015 1533 Willelmo
1026 1502 1110 1533 dele
1122 1502 1306 1543 Pomeraye
1320 1505 1356 1534 et
1367 1502 1496 1534 Thoma
1511 1503 1554 1534 de
1568 1503 1601 1535 le
1614 1504 1730 1535 Pome-

334 1555 424 1587 raye,
442 1548 484 1576 ut
498 1545 533 1576 in
553 1545 713 1577 Mandato
729 1545 882 1586 predicto
899 1545 1031 1586 plenius
1048 1546 1256 1577 continetur.

182 1599 278 1660 3334
291 1599 507 1638 Residence
526 1600 566 1637 in
590 1599 787 1638 Benefices
806 1606 849 1637 to
865 1600 914 1638 be
933 1599 1115 1638 enforced
1130 1613 1141 1647 3
1170 1600 1341 1638 Monicio
1358 1599 1557 1639 Generalis
1571 1601 1625 1639 ad
1641 1601 1734 1640 resi-

182 1666 282 1700 Jamu-
343 1655 510 1692 ciendum
528 1654 570 1690 in
590 1653 790 1696 Beneficiis
809 1660 976 1703 quatuor
995 1653 1447 1701 Archdiaconatuum,-

184 1708 446 1747 *mus-Thomas,
462 1710 537 1746 etc.‚
553 1707 798 1739 Archidiacono
821 1708 959 1748 Exonie,
983 1708 1037 1739 vel
1059 1707 1136 1749 ejus
1159 1705 1309 1747 Offiali,
1335 1709 1493 1749 salutem,
1509 1709 1731 1742 etc.—Sacris

336 1751 529 1784 Canonibus
539 1751 695 1783 novimus
710 1762 782 1783 esse
797 1756 936 1783 cautum
947 1751 1039 1793 quod
1051 1751 1098 1783 hii
1110 1752 1170 1792 qui
1178 1751 1222 1783 ad
1233 1752 1382 1793 regimen
1394 1752 1618 1785 Ecclesiarum
1632 1753 1731 1785 Paro-

334 1796 493 1827 chialium
509 1799 740 1833 assumuntur,
759 1798 799 1827 ut
815 1795 933 1837 Gregis
948 1795 1011 1827 sibi
1027 1795 1149 1827 traditi
1170 1805 1287 1827 curam
1304 1799 1440 1836 possent
1456 1807 1572 1837 gerere
1587 1796 1730 1838 diligen-

334 1840 406 1871 cius
428 1839 628 1878 animarum,
651 1842 816 1871 tenentur
830 1839 864 1870 in
882 1839 1009 1870 eisdem
1032 1839 1254 1880 personaliter
1277 1839 1449 1878 residere;
1471 1839 1730 1881 fidedignorum,

335 1887 462 1920 tamen,
479 1882 717 1920 insinuacione,
732 1883 824 1914 fama
839 1883 974 1924 publica
988 1883 1167 1922 referente,
1179 1883 1223 1914 ad
1239 1886 1396 1914 nostrum
1408 1884 1562 1924 pervenit
1572 1884 1731 1916 auditum

333 1926 425 1968 quod
442 1926 595 1958 nonnulli
610 1926 770 1958 Rectores
787 1927 1012 1958 Ecclesiarum
1031 1926 1273 1958 Parochialium
1297 1929 1490 1959 nostrarum
1513 1927 1672 1960 Civitatis
1695 1931 1731 1960 et

334 1970 492 2005 Diocesis,
508 1980 546 2001 ae
569 1970 727 2010 precipue
750 1970 1052 2002 Archidiaconatus
1074 1970 1190 2008 vestri,
1209 1980 1357 2011 quorum
1379 1971 1518 2002 nomina
1541 1971 1576 2003 in
1602 1971 1731 2004 Cedula

334 2014 552 2045 Presentibus
567 2023 698 2045 annexa
713 2014 862 2054 plenarie
877 2014 1108 2052 continentur,
1127 2017 1292 2054 tanquam
1305 2015 1502 2046 mercenarii
1517 2014 1643 2056 Greges
1655 2025 1730 2056 pro-

331 2058 422 2099 prios
444 2057 647 2095 deserentes,
663 2067 759 2089 curas
773 2057 963 2089 animarum
986 2057 1113 2089 eisdem
1128 2057 1332 2096 commissas,
1348 2057 1600 2098 hospitalitates
1614 2058 1730 2100 eciam,

331 2111 370 2132 ac
384 2104 496 2132 cetera
511 2110 578 2142 que
592 2101 636 2132 ad
658 2101 793 2132 eosdem
814 2101 916 2142 juxta
939 2100 1121 2133 Canonicas
1143 2101 1349 2139 Sancciones,
1367 2105 1439 2133 tam
1461 2101 1504 2133 de
1524 2101 1603 2143 jure
1626 2112 1728 2143 quam

331 2144 586 2183 consuetudine,
601 2145 852 2185 pertinuerunt,
869 2148 906 2176 et
922 2145 1096 2185 pertinent
1111 2144 1146 2175 in
1156 2145 1315 2185 presenti,
1328 2147 1445 2176 tenere
1454 2147 1491 2177 et
1502 2145 1728 2178 effectualiter

333 2189 510 2220 observare
532 2188 707 2228 necligunt
727 2198 766 2219 ac
788 2188 967 2220 omittunt.
1015 2188 1126 2228 Super
1140 2188 1273 2229 quibus,
1290 2188 1405 2228 eciam,
1421 2188 1548 2230 inquiri
1570 2189 1633 2220 hac
1654 2189 1727 2221 vice

336 2232 479 2263 fecimus
494 2231 684 2272 diligenter,
701 2234 737 2263 et
753 2232 916 2272 premissa
937 2231 985 2263 sic
997 2232 1101 2263 fuisse
1117 2234 1153 2263 et
1168 2241 1240 2263 esse
1255 2242 1335 2263 vera
1351 2242 1409 2272 per
1425 2232 1567 2264 eandem
1583 2233 1729 2274 Inquisi-

333 2275 474 2315 cionem,
501 2275 544 2306 de
572 2275 732 2307 Mandato
754 2278 871 2307 nostro
896 2278 1041 2316 captam,
1064 2275 1290 2316 comperimus
1315 2275 1506 2308 manifeste.
1552 2276 1727 2317 Nolentes,

334 2319 450 2359 igitur,
469 2318 639 2360 premissa,
655 2321 760 2359 prout
775 2329 857 2350 sana
870 2319 1076 2350 consciencia
1090 2329 1152 2350 nec
1166 2329 1355 2359 possumus,
1371 2319 1436 2350 sub
1458 2319 1728 2352 dissimulacione

334 2362 593 2394 conniventibus
615 2362 719 2393 oculis
735 2362 880 2394 ulterius
902 2362 1119 2403 pertransire,
1137 2362 1230 2393 vobis
1245 2362 1456 2401 mandamus,
1472 2365 1547 2401 etc.‚
1563 2363 1727 2404 quatinus

337 2405 512 2444 moneatis,
529 2408 604 2445 etc.‚
621 2406 756 2437 eosdem
780 2406 948 2443 Rectores,
967 2406 1003 2437 in
1018 2416 1136 2437 eorum
1154 2405 1296 2446 propriis
1313 2406 1462 2447 personis
1478 2406 1506 2438 si
1521 2407 1568 2438 sic
1590 2407 1727 2439 valeant

335 2449 551 2490 apprehendi,
575 2449 666 2490 quod
689 2449 723 2480 iu
750 2449 905 2481 Ecclesiis
927 2449 1006 2488 suis,
1022 2449 1112 2480 infra
1133 2459 1283 2481 mensem
1306 2459 1327 2480 a
1349 2454 1502 2490 tempore
1529 2450 1727 2482 Monicionis

334 2495 447 2524 vestre
461 2493 621 2524 continue
636 2493 894 2529 numerandum,
911 2493 1132 2534 personaliter
1141 2495 1178 2524 et
1189 2492 1426 2531 effectualiter,
1437 2503 1476 2524 ac
1490 2493 1635 2532 divisim,
1645 2494 1725 2526 resi—

335 2536 449 2573 deant,
463 2539 503 2568 ut
513 2538 685 2575 tenentur,
698 2536 762 2568 sub
774 2547 861 2577 pena
869 2536 971 2577 juris3
985 2536 1134 2578 alioquin
1146 2537 1235 2577 ipsos
1246 2536 1281 2567 in
1293 2536 1444 2576 personis
1455 2540 1724 2577 procuratorum,

342 2580 470 2620 siquos
493 2579 686 2611 dimiserint
703 2580 738 2610 in
755 2579 817 2611 hac
839 2584 960 2620 parte3
984 2579 1074 2616 alias,
1092 2583 1218 2621 autem,
1242 2579 1376 2620 publice
1399 2580 1582 2612 Citacionis
1604 2580 1726 2621 edicto,

340 2623 373 2654 in
393 2623 548 2654 Ecclesiis
564 2622 633 2654 suis
649 2623 817 2663 predictis,
833 2633 943 2654 coram
960 2623 1168 2664 parochianis
1184 2623 1376 2663 eorundem,
1394 2623 1523 2655 Diebus
1540 2623 1726 2657 Dominicis

341 2670 376 2697 et
401 2666 543 2697 Festivis
567 2666 700 2706 publice
722 2667 893 2707 proposito
920 2666 1044 2708 pariter
1069 2670 1106 2698 et
1130 2666 1228 2698 affixo
1243 2677 1251 2706 ;
1278 2667 1369 2708 quod
1397 2670 1623 2708 compareant,
1651 2671 1726 2707 etc.‚

341 2720 450 2740 coram
469 2709 566 2740 nobis
589 2709 641 2740 vel
665 2714 819 2741 nostrum
843 2710 953 2741 locum
979 2713 1127 2749 tenente,
1151 2710 1357 2751 ubicumque
1379 2710 1544 2742 fuerimus
1560 2710 1595 2741 in
1612 2714 1728 2743 nostra

342 2753 490 2784 Civitate
508 2752 560 2783 vel
576 2752 706 2784 Diooesi
728 2753 866 2793 Exonie,
889 2753 993 2785 tercio
1008 2753 1063 2784 die
1078 2753 1231 2785 Juridico
1246 2757 1324 2794 post
1338 2752 1470 2793 lapsum
1494 2753 1578 2785 dicti
1593 2754 1728 2794 mensis,

341 2806 457 2827 causas
473 2795 698 2836 racionabiles,
715 2796 742 2827 si
758 2807 842 2837 quas
858 2807 918 2838 pro
930 2807 966 2828 se
981 2797 1138 2836 habeant,
1151 2807 1254 2837 quare
1265 2797 1309 2828 ad
1320 2796 1518 2838 hujusmodi
1529 2797 1731 2830 residencias

344 2839 534 2880 personales
563 2839 703 2870 minime
725 2840 872 2871 debeant
895 2840 1059 2881 compelli,
1082 2840 1270 2871 secundum
1294 2840 1461 2872 canonica
1484 2840 1663 2881 Instituta,
1694 2841 1730 2873 in

191 2922 211 2940 ⁴*
232 2923 355 2956 Errata
368 2936 418 2957 :-
425 2924 597 2964 Headings
608 2924 644 2955 of
653 2924 713 2956 the
723 2924 926 2966 right-hand
1037 2924 1117 2957 read
1148 2924 1167 2940 “
1180 2925 1281 2956 Anno
1302 2924 1372 2959 4⁰3·

252 2977 363 3009 peges,
395 2967 578 3007 301—319,
607 2966 664 3009 for
692 2967 712 2984 ‘⁸
727 2968 828 3000 Anno
857 2969 895 3002 3⁰
907 2968 927 2983 ”

395 3025 434 3059 X
