1988 3256
564 353 731 388 RoYAL
767 353 982 389 LETTERS
1017 353 1122 389 ΛΝΒ
1157 353 1329 389 WRITS.
1620 345 1711 388 201

176 456 211 483 Α·
214 455 252 484 D·
327 459 479 501 prefatus
493 460 697 492 Justiciariis
712 461 835 493 nostris
850 461 942 502 apud
957 459 1297 493 Westmonasterium
1318 460 1362 491 ad
1385 459 1474 491 diem
1498 459 1598 491 illum
1620 469 1714 491 man·

173 489 251 551 ἒξῖιθ·
328 504 423 535 davit
444 504 536 545 quod
559 504 732 545 predictus
754 504 927 536 Johannes
951 504 1118 536 Prideaux
1140 504 1235 535 nulla
1257 503 1360 535 habet
1382 506 1490 535 terras
1512 514 1572 535 seu
1595 503 1716 535 catalla

175 558 218 585 11,
328 547 363 578 in
386 547 508 579 balliva
530 558 592 579 sua
614 549 705 579 unde
727 548 832 590 aliqui
855 548 983 580 denarii
1005 547 1077 579 fieri
1093 550 1260 588 possunt;
1283 558 1342 588 per
1357 547 1448 589 quod
1464 547 1714 579 consideratum

327 591 395 623 fuit
421 591 456 623 in
480 592 596 623 eadem
621 592 722 624 Curia
744 595 860 623 nostra
882 592 973 633 quod
996 595 1068 624 tam
1089 591 1139 623 illi
1161 591 1385 633 quadraginta
1407 594 1441 622 et
1465 602 1524 622 sex
1547 601 1657 622 marce
1679 597 1715 622 et

327 635 443 667 decem
473 635 572 667 solidi
601 635 794 667 levarentur
823 636 866 667 de
896 635 992 667 bonis
1022 635 1262 667 Ecclesiasticis
1287 635 1430 677 predicti
1454 634 1613 666 Willelmi
1640 635 1712 677 Pyl,

327 689 430 720 quam
446 679 503 710 alii
518 679 742 720 quadraginta
765 683 800 711 et
822 690 880 711 sex
903 690 1013 711 marce
1035 682 1070 710 et
1092 679 1208 711 decem
1231 679 1329 711 solidi
1345 679 1387 710 de
1403 678 1563 719 predictis
1579 683 1712 720 quater-

327 723 448 763 viginti
472 726 508 754 et
534 723 791 764 quatuordecim
818 723 947 763 marcis,
980 723 1071 754 unde
1100 724 1256 755 execucio
1278 723 1359 754 alias
1387 722 1480 754 vobis
1504 723 1714 754 considerata

325 766 394 798 fuit
409 766 562 798 facienda
578 776 586 805 ;
609 766 657 798 ita
672 767 762 808 quod
780 771 863 799 tunc
880 767 973 798 vobis
989 766 1260 799 mandaverimus
1275 766 1367 808 quod
1389 767 1432 798 de
1454 766 1550 797 bonis
1573 766 1713 798 Ecclesi-

325 810 439 842 asticis
456 810 599 851 predicti
614 810 774 842 Willelmi
789 810 862 852 Pyl,
878 810 988 842 cleriei
1004 810 1115 850 vestri,
1132 810 1167 842 in
1184 811 1315 842 Diocesi
1331 813 1450 850 vestra,
1468 810 1538 841 fieri
1560 810 1714 842 faceretis

325 854 460 885 eosdem
484 854 708 896 quadraginta
731 858 768 885 et
792 865 851 886 sex
878 864 1004 886 marcas
1027 857 1063 886 et
1086 854 1202 886 decem
1229 854 1362 894 solidos,
1386 857 1422 885 et
1444 853 1520 885 illos
1543 853 1713 886 haberetis

325 908 434 929 coram
448 898 587 939 prefatis
599 898 621 930 J
625 898 805 930 usticiariis
816 899 908 940 apud
920 898 1266 938 westmonasterium,
1279 899 1323 930 ad
1334 898 1504 939 prefatum
1517 898 1712 938 terminum,

325 942 368 972 ad
384 942 595 973 reddendum
610 942 770 983 predictis
787 942 934 974 Martino
950 945 986 973 et
1003 942 1102 981 Lene,
1118 942 1249 973 racione
1264 942 1458 983 supradicta
1475 951 1482 980 ;
1500 952 1558 973 vos
1574 942 1713 982 prefatis

326 985 529 1017 Justiciariis
558 985 692 1025 nostris,
723 986 814 1027 apud
846 985 1195 1024 Westmonasterium,
1227 986 1270 1017 ad
1293 986 1381 1017 diem
1405 985 1504 1016 illum
1528 985 1713 1017 mandastis

324 1029 417 1070 quod
431 1029 585 1061 denarios
600 1029 675 1060 illos
690 1030 792 1061 levari
808 1029 944 1068 fecistis,
961 1032 996 1060 et
1011 1029 1086 1060 illos
1101 1029 1144 1060 ad
1159 1029 1359 1061 solvendum
1384 1029 1542 1070 predictis
1566 1029 1712 1061 Martino

325 1075 360 1104 et
376 1073 466 1104 Lene
482 1083 584 1114 penes
599 1083 658 1104 vos
673 1073 813 1104 habetis.
860 1073 907 1104 Et
922 1073 997 1104 ideo
1013 1072 1107 1104 vobis
1123 1073 1323 1104 mandamus
1347 1073 1438 1114 quod
1461 1073 1615 1104 denarios
1638 1073 1713 1105 illos

323 1115 477 1148 habeatis
502 1127 614 1148 coram
640 1117 780 1158 prefatis
806 1116 1008 1148 Justiciariis
1034 1116 1159 1148 nostris
1185 1117 1277 1158 apud
1307 1117 1654 1156 westmonasterium,
1677 1117 1712 1148 in

324 1161 469 1192 crastino
492 1160 740 1193 Purificacionis
766 1162 866 1192 Beate
889 1160 1003 1199 Marie,
1027 1160 1069 1191 ad
1092 1161 1302 1192 reddendum
1326 1160 1486 1201 predictis
1510 1161 1655 1192 Martino
1678 1164 1714 1192 et

326 1204 416 1235 Lene
431 1204 562 1236 racione
577 1204 780 1245 supradicta.
826 1204 1037 1243 mandamus,
1054 1204 1169 1243 eciam,
1186 1204 1279 1235 vobis
1295 1205 1387 1246 quod
1403 1204 1444 1235 de
1461 1204 1555 1236 bonis
1572 1204 1711 1236 Ecclesi-

325 1247 438 1279 asticis
455 1248 597 1289 predicti
614 1248 773 1280 Willelmi
790 1248 861 1289 Pyl,
877 1247 988 1279 clerici
1004 1248 1117 1287 vestri,
1134 1247 1205 1279 fieri
1227 1248 1358 1279 faciatis
1381 1247 1548 1289 predictos
1571 1249 1711 1289 quadra-

324 1291 420 1332 ginta
442 1295 478 1323 et
499 1302 557 1323 sex
580 1301 707 1323 marcas
730 1294 766 1323 et
788 1291 903 1323 decem
924 1291 1057 1330 solidos,
1074 1291 1134 1332 qui
1155 1291 1198 1323 de
1221 1291 1319 1323 terris
1341 1291 1378 1323 et
1401 1291 1531 1323 catallis
1547 1292 1712 1324 Johannis

326 1335 494 1366 Prideaux
515 1335 620 1366 levari
641 1335 847 1367 debuissent.
893 1335 940 1366 Et
961 1335 1035 1366 illos
1058 1335 1218 1374 habeatis,
1242 1338 1314 1375 etc,
1339 1335 1382 1367 ad
1404 1335 1616 1367 reddendum
1639 1346 1711 1377 pre-

325 1378 425 1410 dictis
449 1378 597 1410 Martino
622 1382 658 1410 et
681 1379 781 1417 Lene,
807 1389 876 1410 una
897 1389 976 1410 cum
997 1379 1142 1410 denariis
1164 1378 1324 1419 predictis
1347 1389 1432 1420 quos
1458 1379 1560 1410 levari
1586 1379 1713 1411 fecistis

325 1422 457 1454 racione
478 1422 681 1464 supradicta.
687 1423 854 1454 —Tested
876 1422 921 1463 by
946 1423 982 1454 R.
1002 1422 1225 1472 Bealknappe‚
1245 1426 1280 1454 at
1303 1422 1551 1462 Westminster,
1567 1424 1608 1455 26
1626 1424 1710 1456 Nov.

324 1466 531 1498 —Received
548 1469 585 1498 at
600 1466 662 1508 Oly
664 1469 707 1506 st,
724 1467 765 1499 23
782 1466 888 1505 Dec.;
900 1433 1071 1497 yMandate
1086 1466 1138 1497 for
1161 1466 1206 1497 its
1222 1466 1398 1498 execution
1422 1466 1571 1499 directed
1594 1469 1631 1499 to
1653 1467 1713 1499 the

325 1510 420 1541 Dean
437 1510 472 1541 of
487 1510 622 1550 Exeter,
638 1477 697 1542 the
711 1509 827 1542 Abbat
841 1510 876 1542 of
891 1509 1004 1549 Torre,
1020 1510 1080 1541 the
1095 1510 1190 1542 Dean
1206 1509 1242 1541 of
1258 1510 1343 1550 Ken,
1359 1510 1426 1542 and
1441 1510 1501 1542 the
1516 1510 1714 1552 Archpriest

323 1554 360 1585 of
376 1554 573 1586 Haccombe.

172 1613 221 1640 fol·
281 1613 453 1650 'Ia—Pro
476 1614 700 1646 Parliamento
722 1614 913 1655 &qia—to
928 1613 970 1645 be
986 1613 1066 1645 held
1082 1617 1118 1645 at
1135 1612 1403 1645 VVestminster'
1392 1624 1428 1645 m
1444 1613 1504 1645 the
1527 1614 1714 1654 Quinzaine

170 1647 233 1676 ¹⁷¹³·
324 1658 360 1689 of
382 1658 431 1690 St.
450 1658 568 1700 Hilary
570 1658 747 1691 .—Tested
769 1660 806 1689 at
830 1657 1000 1699 Havering
1014 1657 1149 1698 (Essem),
1175 1658 1192 1689 1
1218 1658 1295 1689 Dec.
1301 1658 1517 1697 -Received,
1542 1661 1579 1690 at
1602 1659 1710 1701 Clyst,

324 1703 366 1734 29
383 1702 461 1733 Dec.

170 1755 206 1782 Α·
211 1755 248 1783 D·
283 1755 339 1794 79.
349 1756 576 1790 —oommisaio
586 1767 650 1798 pro
663 1756 806 1789 subsidio
822 1755 965 1788 Domino
982 1756 1062 1797 Reyi
1077 1766 1223 1788 concesso.
1227 1757 1431 1788 —Directed
1447 1756 1492 1797 by
1509 1757 1569 1789 the
1585 1757 1711 1800 Bishop

170 1788 247 1817 13⁷⁷·
328 1804 364 1832 to
380 1801 440 1833 the
457 1801 552 1833 Prior
567 1801 602 1833 of
618 1801 773 1841 Bodmin,
797 1801 839 1833 30
859 1800 983 1840 March,
1010 1800 1105 1839 1377,
1129 1811 1172 1831 on
1196 1800 1362 1841 receiving
1385 1800 1444 1832 the
1467 1801 1587 1842 King’s
1611 1802 1710 1842 Writ,

325 1846 435 1877 tested
466 1847 503 1877 at
534 1845 780 1884 westminster,
814 1845 855 1876 12
886 1825 1011 1882 March,
1047 1844 1144 1878 1376-
1148 1843 1244 1883 7‚-“
1256 1844 1420 1884 videlieet,
1452 1845 1544 1886 quod
1574 1856 1642 1882 vos,
1677 1849 1712 1878 et

324 1888 448 1930 singuli
464 1888 599 1929 Prelati,
616 1900 654 1921 ac
668 1889 820 1930 quelibet
841 1899 982 1929 persona
1005 1888 1235 1920 Ecclesiastica
1250 1887 1340 1920 dicte
1357 1889 1607 1921 Cantuariensis
1632 1890 1710 1921 Pro-

324 1932 431 1964 vincie
446 1932 737 1974 qualitercumque
759 1932 963 1972 beneficiata,
988 1935 1145 1973 exempta
1166 1935 1202 1963 et
1223 1942 1291 1963 non
1314 1935 1480 1973 exempta,
1506 1933 1713 1974 privilegiata

324 1979 360 2008 et
384 1986 452 2008 non
475 1976 693 2018 privilegiata,
710 1986 839 2008 necnon
855 1975 980 2017 singuli
995 1976 1154 2015 Abbates,
1172 1975 1314 2014 Priores,
1334 1976 1521 2015 Abbatisse,
1539 1977 1709 2016 Priorisse,

325 2020 489 2060 Monachi‚
498 2020 667 2060 Canonici,
675 2020 845 2060 Moniales,
857 2019 1046 2059 Canonisse,
1054 2023 1089 2051 et
1100 2019 1223 2060 singuli
1234 2019 1291 2051 alii
1304 2019 1482 2061 Regulares
1493 2021 1709 2062 quicumque,

323 2063 570 2106 cujuscumque
607 2064 752 2103 Ordinis,
790 2073 901 2103 sexus,
931 2066 992 2095 aut
1022 2063 1225 2095 condicionis
1261 2063 1424 2103 existant‚'
1459 2064 1711 2097 Cantuariensis

324 2107 498 2139 Provincia
514 2108 662 2149 predicte
677 2108 795 2150 quovis
811 2108 911 2139 modo
935 2107 1178 2148 possessionati,
1201 2110 1349 2148 quatuor
1372 2107 1555 2139 Ordinibus
1579 2108 1710 2140 Mendi-

319 2152 471 2183 cancium
495 2152 676 2184 dumtaxat
697 2151 855 2193 exceptis,
880 2154 948 2183 tres
970 2161 1109 2192 grossos,
1132 2155 1194 2182 aut
1216 2151 1394 2182 duodecim
1416 2151 1569 2193 denarios
1585 2153 1707 2193 persol-

324 2195 445 2227 veretis
467 2198 504 2227 et
527 2196 780 2236 persolverent;
800 2195 960 2236 quodque
982 2194 1134 2237 quelibet
1154 2205 1295 2236 persona
1318 2194 1548 2227 Ecclesiastica
1570 2196 1710 2228 minime

323 2239 521 2271 beneficiata
522 2262 661 2279 .....
693 2239 850 2271 videlicet
879 2238 1023 2279 quilibet
1052 2239 1215 2277 sacerdos,
1259 2238 1430 2278 diaconus,
1469 2239 1706 2280 subdiaconus,

321 2282 493 2322 accolitus,
522 2285 558 2314 et
581 2283 725 2324 primam
747 2282 905 2324 optinens
928 2285 1103 2314 tonsuram
1126 2282 1321 2321 clericalem,
1338 2293 1376 2313 ac
1391 2282 1543 2323 quelibet
1566 2294 1708 2324 persona

324 2326 553 2366 Hospitalium
569 2327 789 2368 possessiones
804 2325 1016 2365 habencium,
1033 2325 1278 2367 cujuscumque
1293 2336 1401 2364 sexus,
1420 2337 1527 2358 unum
1543 2338 1706 2368 grossum,

322 2370 392 2402 sive
407 2373 554 2412 quatuor
576 2371 738 2410 denarios,
762 2369 966 2412 persolveret
987 2369 1184 2401 indistincte
1201 2380 1210 2409 ;
1233 2369 1432 2400 dumtamen
1455 2370 1544 2401 dicte
1568 2381 1708 2411 persone

322 2414 656 2455 quartumdecimum
674 2414 774 2445 etatis
797 2424 857 2445 sue
881 2423 1009 2444 annum
1033 2413 1206 2451 excedant,
1223 2416 1259 2444 et
1281 2413 1511 2445 Mendicantes
1534 2414 1708 2446 evidenter

323 2467 391 2489 non
414 2457 564 2490 existant
579 2468 598 2490 a
613 2457 738 2499 quibus
753 2457 912 2489 noluistis
927 2456 1055 2498 aliquid
1079 2457 1162 2497 peti,
1178 2466 1216 2488 ea
1232 2456 1412 2496 occasione,
1437 2457 1636 2498 aliqualiter,
1654 2458 1706 2490 vel

323 2500 474 2542 persole
521 2501 576 2533 Ita
598 2502 689 2543 quod
711 2511 827 2532 omnes
843 2504 879 2533 et
894 2500 1024 2541 singule
1047 2510 1186 2541 persone
1208 2499 1378 2531 antedicte
1393 2500 1428 2531 in
1445 2501 1592 2533 collectis
1614 2501 1706 2533 cleri-

323 2554 439 2576 corum
455 2555 494 2576 ea
508 2546 678 2576 occasione
699 2544 861 2576 faciendis
884 2544 1072 2575 habeantur
1094 2544 1334 2575 tantummodo
1351 2546 1385 2574 et
1401 2543 1506 2575 eciam
1528 2555 1706 2577 numeren-

322 2591 390 2628 tur,
417 2590 452 2620 et
477 2598 498 2619 a
524 2588 671 2620 collectis
697 2588 867 2627 laicorum,
896 2598 974 2619 cum
1006 2597 1145 2628 persone
1177 2586 1406 2619 Ecclesiastico
1433 2590 1468 2618 et
1498 2588 1708 2630 privilegiato

322 2631 480 2671 existant,
495 2631 685 2664 habeantur
698 2632 835 2673 penitus
850 2630 1102 2663 alieni.”—The
1119 2630 1213 2662 Prior
1224 2641 1290 2663 was
1306 2633 1342 2662 to
1357 2630 1476 2663 collect
1485 2632 1545 2663 the
1557 2632 1707 2675 Subsidy

323 2675 536 2716 throughout
550 2675 610 2707 the
625 2675 762 2717 County
778 2675 814 2707 of
836 2676 964 2707 Devon.

168 2732 218 2794 {231-
277 2734 791 2775 80.—CouBn-m-Ts1ennnn,
822 2734 998 2777 repeating
1027 2733 1089 2766 No.
1131 2733 1182 2768 72.
1188 2734 1396 2766 —Reeeived
1433 2737 1470 2766 at
1506 2735 1706 2778 Chudleigh‚

203 2787 211 2794 ·
323 2780 365 2810 22
380 2778 486 2820 April,
489 2778 541 2802 —‘
544 2778 609 2811 ‘Et
623 2779 736 2811 sciatis
750 2779 852 2820 quod,
870 2778 934 2810 nisi
946 2778 1009 2809 hoc
1025 2778 1226 2809 Mandatum
1242 2780 1398 2810 nostrum
1414 2777 1547 2819 plenius
1561 2791 1706 2822 exequa-

322 2822 780 2907 ἓξὲρξτῖνέὺέἓῦαρῗξῶοὲ
783 2822 963 2864 capiemus.
966 2821 1153 2853 '’——Tested
1169 2824 1205 2853 at
1220 2821 1467 2863 Westminster,
1491 2823 1536 2865 by
1554 2824 1593 2856 R.
1613 2824 1707 2886 Beal-

277 2925 334 2962 81.
336 2925 448 2958 —Pro
463 2921 584 2958 clericis
599 2926 792 2959 arraiandis
805 2930 920 2959 contra
941 2923 1100 2958 inimwox.
1104 2924 1215 2958 —Tlae
1236 2924 1331 2967 Kiny
1354 2925 1513 2966 (Richard
1532 2927 1581 2968 II)
1605 2932 1637 2960 to
1659 2928 1711 2961 the

323 2968 549 3011 Baalim-(1)
574 2970 674 3009 Cum,
702 2972 742 3002 ut
763 2970 962 3012 accepimus,
986 2969 1112 3001 inimici
1135 2969 1242 3001 nostri
1265 2969 1413 3011 Francie,
1430 2972 1466 3002 et
1487 2971 1544 3003 alii
1566 2971 1630 3004 sibi
1653 2972 1709 3004 ad-
