1988 3256
264 461 342 490 Λα).

470 358 574 391 THE
599 357 852 400 ,REGISTER
886 359 949 392 OF
983 358 1162 394 BISHOP
1196 359 1599 394 BRANTYNGHAM.

423 463 580 496 oneribus
596 464 752 505 expedire
768 464 902 503 viderit,
918 465 953 496 in
976 464 1222 506 provisionibus
1245 468 1280 497 et
1295 465 1577 501 subvencionibus
1592 464 1806 498 contribuere

424 507 608 539 teneamini
630 508 817 539 antefactis.
868 508 931 547 Sic,
948 508 1061 549 igitur,
1083 509 1279 542 Mandatum
1303 513 1455 543 nostrum
1479 509 1677 552 hujusmodi
1700 509 1806 541 effica-

422 552 506 583 citer
528 552 711 592 adimplere
735 552 859 583 curetis
889 552 979 593 quod
1011 552 1226 584 devocionem
1259 557 1405 587 vestram
1428 554 1548 585 exinde
1572 553 1692 585 merito
1715 563 1804 584 com-

420 596 578 626 mendare
601 596 794 634 valeamus3
824 595 972 637 alioquin
998 596 1211 628 Sentenciam
1243 608 1346 638 quam
1372 598 1461 629 idem
1493 597 1696 629 Guillelmus
1724 596 1804 636 Epi-

418 649 548 679 scopus,
576 649 636 680 per
658 650 694 670 se
724 639 777 670 vel
808 639 912 670 alium
943 650 1002 671 seu
1033 640 1124 676 alios,
1148 641 1268 672 tulerit
1290 641 1325 672 in
1349 641 1489 672 rebelles
1513 641 1626 681 (super
1648 651 1716 682 quo
1739 639 1804 671 sibi

424 683 555 723 plenam
580 686 696 714 tenore
727 684 952 723 Presencium,
979 684 1191 715 Auctoritate
1224 685 1421 725 Apostolica,
1455 685 1670 716 concedimus
1694 687 1803 724 potes·

420 726 551 766 tatem),
568 729 676 758 ratam
700 726 908 766 habebimus,
932 730 968 758 et
990 727 1159 766 faciemus,
1178 727 1323 759 Auctore
1346 728 1502 768 Domino,
1526 738 1632 769 usque
1654 727 1803 758 satisfac-

419 770 548 801 cionem
573 770 772 810 condignam
803 770 1040 802 inviolabiliter
1069 771 1260 811 observari;
1291 782 1359 803 nou
1390 772 1548 803 obstante
1570 772 1599 803 si
1623 771 1725 808 vobis,
1751 770 1804 802 vel

419 817 570 845 vestrum
586 814 685 845 alicui
708 817 769 845 aut
790 813 971 855 aliquibus,
988 814 1039 846 vel
1063 815 1238 856 quibusvis
1261 815 1342 853 aliis,
1359 826 1417 847 seu
1441 815 1538 847 Locis
1561 818 1597 846 et
1619 814 1803 846 Ordinibus

419 857 549 897 vestris,
562 857 788 888 communiter
800 858 852 889 vel
865 857 1009 897 divisim,
1020 869 1039 889 a
1053 859 1203 899 predicta
1216 859 1261 890 sit
1274 859 1360 890 Sede
1370 859 1546 891 indultum
1557 858 1648 900 quod
1662 858 1804 890 Nunciis

418 901 523 942 ipsius
540 901 635 932 Sedis
650 901 921 942 procuracionem
938 901 1084 943 aliquam
1102 902 1268 939 exhibere,
1287 902 1339 934 vel
1354 902 1388 933 in
1407 913 1445 934 ea
1460 903 1672 934 contribuere
1689 901 1752 933 nisi
1767 901 1802 932 in

419 955 478 975 vos
488 945 737 984 declinaverint,
751 945 889 976 minime
906 946 1088 976 teneamini
1103 949 1138 977 et
1152 946 1193 977 ad
1211 946 1245 977 id
1263 946 1416 987 compelli
1433 957 1441 985 ;
1457 949 1518 978 aut
1533 946 1624 987 quod
1637 945 1803 984 interdici,

417 988 588 1029 suspendi,
619 989 672 1019 vel
703 988 984 1026 excommunicari
1015 1000 1082 1020 non
1106 990 1241 1030 possitis
1265 1001 1322 1030 per
1354 990 1483 1021 Literas
1505 989 1713 1031 Apostolicas
1736 999 1804 1020 non

417 1032 578 1063 facientes
603 1032 734 1072 plenam
757 1037 793 1063 et
815 1043 1014 1074 expressam,
1031 1033 1073 1064 de
1097 1033 1197 1064 verbo
1219 1034 1261 1064 ad
1285 1033 1437 1072 verbum,
1458 1034 1500 1064 de
1524 1033 1662 1064 Indulto
1685 1031 1802 1073 hujus-

418 1076 510 1107 modi
533 1075 752 1115 mencionem,
776 1078 812 1107 et
841 1076 1050 1117 quibuslibet
1082 1076 1267 1113 privilegiis
1298 1082 1333 1108 et
1356 1077 1592 1116 Indulgenciis,
1620 1087 1658 1107 ac
1682 1075 1805 1108 Literis

418 1119 618 1160 Apostolicis
634 1119 913 1161 quibuscumque,
934 1120 1026 1151 Locis
1049 1123 1084 1151 et
1108 1120 1260 1152 Personis
1276 1120 1329 1151 vel
1353 1120 1547 1156 Ordinibus,
1564 1120 1629 1151 sub
1644 1129 1804 1161 quacum-

419 1173 486 1204 que
501 1163 610 1194 forma
625 1168 660 1194 et
682 1163 894 1204 expressione
918 1163 1095 1195 verborum
1120 1164 1161 1194 ab
1184 1165 1300 1195 eadem
1323 1164 1496 1203 concessis,
1513 1164 1555 1195 de
1571 1163 1705 1205 quibus,
1721 1172 1801 1204 quo·

417 1217 561 1248 rumque
577 1206 660 1238 totis
676 1207 859 1245 tenoribus,
876 1207 918 1238 de
935 1207 1035 1238 verbo
1050 1207 1092 1238 ad
1108 1207 1248 1238 verbum
1265 1207 1299 1238 in
1317 1208 1441 1239 nostris
1463 1207 1586 1239 Literis
1609 1206 1738 1238 mencio
1759 1206 1806 1238 sit

417 1250 580 1290 habenda,
597 1254 632 1281 et
648 1261 707 1291 per
722 1261 788 1291 que
803 1250 967 1291 presentis
982 1251 1089 1282 nostri
1107 1251 1257 1282 Mandat-i
1273 1251 1410 1282 effectus
1427 1251 1536 1282 valeat
1551 1249 1806 1292 quomodolibet

416 1293 757 1335 impediri—Datum
779 1294 957 1333 2Avinione,
973 1294 1051 1336 viij⁰
1073 1294 1156 1334 [die]
1180 1294 1303 1331 Marcii,
1330 1294 1551 1326 pontificatus
1575 1294 1681 1325 nostri
1706 1294 1806 1325 Anno

416 1338 564 1369 secundo
580 1337 678 1377 [AD.
699 1337 982 1377 1372].—1dcir00
998 1349 1055 1369 vos
1079 1348 1194 1369 omnes
1217 1342 1252 1369 et
1274 1338 1423 1378 singulos
1445 1337 1654 1379 supradictos
1681 1337 1806 1379 quibus

419 1391 553 1421 presens
581 1382 758 1412 Processus
784 1385 899 1412 noster
925 1381 1083 1422 dirigitur
1108 1382 1143 1412 in
1171 1381 1232 1413 hac
1260 1386 1364 1422 parte,
1387 1385 1423 1413 et
1445 1385 1598 1413 vestrum
1619 1381 1808 1423 quemlibet

417 1425 644 1456 communiter
662 1425 712 1456 vel
736 1424 880 1464 divisim,
899 1425 1111 1456 Auctor-itate
1134 1425 1327 1466 Apostolica
1350 1425 1445 1456 nobis
1468 1425 1503 1456 iu
1527 1425 1589 1457 hac
1612 1428 1707 1466 parte
1729 1434 1806 1456 con-

419 1479 519 1508 cessa,
538 1468 742 1510 requirimus
764 1471 800 1499 et
822 1479 1008 1508 monemus,
1033 1469 1153 1510 primo,
1171 1470 1329 1508 secundo,
1355 1473 1390 1500 et
1411 1469 1541 1508 tercio3
1564 1468 1734 1510 vobisque,
1758 1468 1808 1499 ni-

417 1511 629 1551 chilominus,
656 1516 692 1543 et
717 1512 857 1543 cuilibet
884 1517 1045 1552 vestrum,
1073 1512 1108 1544 in
1133 1512 1262 1544 virtute
1290 1513 1412 1544 Sancte
1440 1512 1650 1551 obediencie,
1678 1515 1714 1543 et
1743 1511 1808 1543 sub

418 1556 512 1596 penis
528 1556 759 1596 infrascriptis,
777 1555 930 1586 districte
950 1556 1171 1597 precipiendo,
1189 1556 1387 1588 mandamus
1410 1556 1571 1597 quatinus
1595 1555 1691 1587 nobis
1715 1555 1807 1586 Mille

418 1599 503 1631 OOC
520 1599 624 1640 xxxiij
643 1599 786 1630 florenos
800 1599 873 1630 auri
889 1599 930 1630 de
947 1600 1097 1639 Camera,
1109 1600 1241 1631 racione
1257 1604 1371 1631 nostre
1388 1599 1598 1638 Provisionis,
1613 1599 1713 1641 juxta
1728 1609 1804 1630 con-

416 1646 512 1674 tenta
528 1643 694 1674 dictarum
713 1643 902 1674 Literarum
920 1643 1198 1684 Apostolicarum,
1216 1654 1276 1684 pro
1292 1647 1366 1675 toto
1381 1647 1532 1685 tempore
1548 1654 1625 1685 quo·
1637 1643 1671 1674 in
1691 1643 1804 1683 Regno

417 1690 452 1718 et
475 1687 633 1718 Partibus
655 1687 785 1728 Auglie,
803 1687 914 1718 eundo
937 1698 994 1718 seu
1020 1687 1192 1726 morando,
1218 1698 1277 1728 pro
1300 1687 1399 1719 dictis
1422 1687 1565 1728 negociis
1588 1685 1805 1728 expediendis

417 1730 546 1762 fuimus
573 1733 609 1762 et
639 1730 907 1770 permansimus3
945 1741 1085 1770 necnon,
1113 1731 1254 1762 Notario
1283 1735 1398 1762 nostro
1427 1730 1641 1771 infrascripto
1671 1730 1713 1761 de
1743 1740 1805 1761 suo

418 1774 537 1805 salario
564 1774 739 1805 moderato
762 1784 822 1815 pro
846 1773 1042 1815 hujusmodi
1065 1774 1249 1815 scripturis,
1274 1774 1361 1806 infra
1383 1784 1441 1806 sex
1464 1774 1535 1805 dies
1558 1777 1636 1815 post
1656 1772 1804 1805 insinua-

418 1818 548 1849 cionem
578 1828 637 1849 seu
667 1817 932 1849 notificacionem
966 1818 1178 1849 Presencium
1212 1818 1315 1858 vobis,
1347 1821 1423 1857 etc.,
1457 1818 1592 1856 factam,
1622 1816 1806 1849 inmediate

417 1864 596 1903 sequentes
620 1861 778 1902 (quorum
802 1871 859 1892 sex
883 1861 1013 1892 dierum
1039 1861 1176 1892 termini
1199 1872 1259 1902 pro
1282 1861 1398 1902 primo,
1415 1862 1572 1900 secundo,
1588 1864 1623 1892 et
1634 1860 1753 1900 tercio,
1768 1870 1807 1892 nc

416 1905 574 1936 omnibus
590 1905 811 1936 dilacionibus
827 1907 863 1936 et
878 1905 1032 1936 terminis
1055 1915 1094 1936 ac
1118 1905 1305 1937 Monicione
1328 1905 1504 1944 Canonica,
1522 1905 1616 1936 vobis
1640 1904 1804 1936 universis

420 1953 456 1980 et
471 1948 611 1989 singulis
627 1948 859 1989 assignamus),
877 1959 936 1989 per
951 1959 1009 1979 vos
1027 1949 1078 1979 vel
1094 1949 1197 1980 alium
1214 1949 1351 1980 solvatis
1367 1952 1403 1980 et
1417 1948 1593 1990 assignetis
1615 1948 1651 1979 in
1676 1948 1746 1979 loco
1769 1948 1804 1978 in

418 2003 487 2034 quo
502 2003 562 2023 nos
578 2002 648 2023 esse
664 1992 851 2033 contigerit,
869 1992 988 2023 vestris
1004 1992 1107 2023 eciam
1123 1992 1316 2033 sumptibus
1332 1995 1368 2023 et
1382 1992 1536 2033 expensis
1552 2001 1560 2030 ;
1584 1991 1731 2032 alioquin
1746 2001 1804 2022 vos

417 2046 533 2072 omnes
555 2040 592 2067 et
613 2035 762 2077 singulos
785 2036 1028 2076 suprascriptos
1051 2038 1086 2066 et
1111 2035 1299 2076 quemlibet
1325 2041 1485 2075 vestrum,
1516 2035 1606 2067 dicta
1636 2035 1805 2067 Canonica

418 2079 605 2111 Monicione
628 2080 797 2120 premissa,
822 2079 856 2110 in
887 2079 951 2110 hiis
974 2079 1115 2120 Scriptis
1137 2079 1475 2111 excommunicamus.
1523 2079 1563 2110 In
1594 2078 1803 2119 Capitulum,

417 2134 504 2162 vero,
521 2123 611 2154 dicte
636 2122 781 2154 Ecclesie
805 2123 1039 2164 Suspensionis
1061 2123 1096 2153 in
1120 2123 1244 2154 eisdem
1269 2123 1418 2162 Scriptis,
1435 2127 1480 2162 et,
1496 2122 1611 2154 eadem
1637 2122 1804 2154 canoniea

418 2166 605 2198 Monicione
629 2166 801 2207 premissa,
820 2166 853 2197 in
878 2166 1003 2197 dictam
1030 2166 1208 2197 Ecclesiam
1232 2166 1419 2206 Inter-dicti,
1444 2166 1638 2198 Sentencias
1660 2175 1804 2206 exnunc,

417 2213 521 2251 prout
535 2214 671 2248 extunc,
688 2210 722 2241 in
740 2210 864 2241 eisdem
882 2209 1031 2249 Scriptis,
1048 2213 1083 2241 et
1099 2209 1214 2240 eadem
1233 2210 1399 2241 canonica
1422 2209 1610 2242 Monicione
1633 2209 1802 2251 premissa,

417 2253 557 2285 ferimus
573 2257 607 2285 et
631 2253 894 2294 promulgamus.
943 2253 1055 2292 Vobis,
1073 2264 1159 2293 vero,
1180 2254 1322 2284 Domino
1345 2253 1602 2295 Archiepiscopo
1626 2253 1802 2284 Cantuari-

418 2298 500 2337 ensi,
528 2297 583 2329 cui
607 2297 650 2328 ob
677 2297 900 2328 reverenciam
928 2296 1225 2338 Archiepiscopalis
1256 2297 1440 2336 Dignitatis
1471 2297 1654 2328 deferimus
1676 2297 1710 2328 in
1742 2296 1804 2328 huc

418 2345 521 2382 parte,
533 2341 623 2372 dicta
640 2340 805 2372 Canonica
821 2340 1007 2371 Monicione
1024 2341 1192 2381 premissa,
1205 2340 1393 2381 ingressum
1412 2341 1556 2373 Ecclesie
1571 2340 1804 2372 interdicimus

417 2385 452 2416 in
469 2385 533 2416 hiis
549 2384 698 2425 Scriptis.
748 2385 800 2423 Et,
817 2384 844 2415 si
860 2383 1058 2425 hujusmodi
1075 2384 1299 2415 Interdictum
1318 2395 1376 2424 per
1391 2388 1459 2415 tres
1475 2384 1545 2415 dies
1561 2383 1803 2423 sustinueritis,

417 2439 486 2466 vos,
510 2428 544 2459 in
568 2429 693 2459 eisdem
718 2428 869 2468 Scriptis,
886 2431 922 2459 et
944 2428 1033 2458 dicta
1058 2427 1243 2459 Monicione
1260 2427 1428 2460 Canonica
1443 2428 1612 2469 premissa,
1628 2427 1803 2468 suspendi·

417 2482 493 2503 mus
508 2483 528 2502 a
545 2472 685 2503 Divinis.
734 2471 874 2510 Verum,
892 2472 919 2502 si
937 2471 1083 2511 prefatas
1099 2471 1276 2502 Interdicti
1292 2474 1327 2503 et
1350 2471 1585 2512 Suspensionis
1609 2470 1803 2502 Sentencias

418 2526 476 2557 per
499 2515 580 2546 alios
603 2518 671 2546 tres
694 2514 765 2546 dies
781 2518 907 2546 extunc
929 2514 1111 2546 inmediate
1133 2518 1312 2555 sequentes
1335 2515 1573 2554 sustinueritis,
1590 2514 1680 2556 quod
1703 2514 1802 2554 absit,

418 2559 530 2590 animo
560 2559 728 2596 indurato,
763 2569 832 2596 vos,
866 2561 942 2596 etc,
978 2558 1344 2590 Excommnnicacionis
1375 2558 1554 2590 Sentencia
1589 2558 1801 2590 innodamus.

418 2603 574 2642 Demum,
590 2602 806 2633 attendentes
822 2602 912 2643 quod
928 2612 1014 2632 onus
1029 2603 1063 2632 in
1081 2605 1192 2641 partes
1207 2602 1353 2632 divisum
1368 2601 1500 2633 facilius
1522 2601 1751 2642 subportetur,
1767 2604 1804 2633 et

416 2646 610 2677 affectantes
634 2656 685 2685 ne,
709 2645 839 2676 racione
869 2645 1098 2686 provisionum
1123 2643 1320 2686 hujusmodi
1342 2648 1377 2676 et
1398 2645 1674 2684 subveneionum,
1697 2643 1807 2676 omnis

419 2690 536 2721 Olerus
559 2689 728 2720 dictarum
753 2689 939 2720 Civitatum
963 2691 998 2719 et
1021 2688 1211 2720 Diocesium
1236 2689 1312 2729 plus
1335 2688 1450 2720 debito
1474 2690 1701 2729 pregravatur,
1725 2698 1800 2719 con-

416 2733 616 2764 tributorem
634 2733 676 2764 ad
692 2732 978 2764 contribuendum
1003 2742 1070 2762 una
1087 2731 1258 2763 vobiscum
1281 2732 1316 2763 in
1341 2732 1585 2772 provisionibus
1600 2734 1636 2764 et
1659 2731 1802 2763 subven-

416 2776 569 2808 cionibus
605 2775 812 2817 hujusmodi,
847 2775 999 2806 videlicet
1027 2775 1272 2812 Reverendum,
1303 2778 1377 2814 etc„
1411 2775 1595 2806 Dominum
1626 2774 1815 2816 Archiepi--

416 2830 555 2860 scopum
583 2819 826 2850 Eboracensem
852 2819 885 2849 in
909 2818 994 2850 CCC
1010 2818 1115 2860 xxxiij
1144 2818 1276 2849 florenis
1298 2819 1371 2859 auri
1394 2819 1436 2850 de
1459 2819 1608 2855 camera,
1634 2829 1701 2850 uua
1723 2828 1801 2850 cum

418 2863 570 2894 Dominis
589 2862 758 2903 Episcopis
773 2862 843 2893 suis
859 2861 1092 2903 Suffiaganeis,
1106 2866 1142 2892 et
1156 2861 1230 2893 aliis
1242 2861 1383 2893 prelatis
1396 2862 1569 2893 Provincie
1586 2861 1802 2893 Eboracensis

415 2906 575 2945 predicte,
606 2916 790 2946 eorumque
821 2905 1008 2937 Oivitatum
1039 2908 1075 2936 et
1105 2905 1295 2936 Diocesium
1327 2905 1462 2937 Clerum
1487 2908 1523 2937 et
1557 2904 1802 2937 Ecclesiasticus

416 2950 586 2989 Personas,
612 2953 787 2990 exemptos
813 2951 850 2980 et
874 2959 941 2980 non
967 2949 1152 2990 exemptos,
1183 2948 1297 2990 vigore
1323 2948 1502 2990 potestatis
1525 2948 1621 2983 nobis
1643 2948 1803 2981 indictis
