1988 3256
451 355 747 391 REGISTRUM
783 356 1251 391 οοΜΜῦΝΕ-ΑΝΝΟ
1289 344 1351 392 7⁰.
1596 346 1691 389 369

140 457 219 485 AU-
289 464 404 494 turam
421 471 431 501 ;
454 472 531 494 cum
548 461 700 494 clausula
714 462 824 494 eidem
840 460 1153 504 adjecta,—-Nolm’t
1167 472 1225 494 nec
1247 461 1431 494 intendebat
1453 471 1510 502 per
1530 462 1688 502 premissa

141 491 217 552 {3³5}
226 525 250 553 Ι.
291 504 396 546 officio
410 505 647 538 Peniamtaris
657 505 825 538 ommia
840 508 877 538 in
887 506 976 538 dicta
992 505 1131 538 Ecclesia
1143 505 1333 538 cathedrali
1348 505 1387 537 in
1398 507 1511 546 aliquo
1523 505 1685 545 dev-omre,

294 549 374 581 ——in
398 549 693 589 Archidiaconatu,
713 550 880 589 videlicet,
898 550 1037 588 Exonie,
1057 550 1233 582 Rectorem
1251 549 1396 581 Ecclesie
1420 548 1622 580 Parochialis
1644 549 1687 580 de

295 593 489 635 Plymptr03
506 593 540 625 in
554 593 836 626 Archidiaconatu
850 593 1110 634 Barnastapolie,
1126 593 1325 634 Magistrum
1335 593 1527 625 ‚Iohannem
1540 593 1684 632 Lugans,

296 637 471 669 Rectorem
496 637 641 669 Ecclesie
664 638 707 668 de
733 638 1007 678 Petrokystowe3
1042 637 1078 669 in
1101 637 1383 668 Archidiaconatu
1407 636 1578 675 Tottonie,
1605 637 1684 667 Per·-

294 684 437 722 petuum
451 681 623 713 Vicarium
640 681 786 713 Ecclesie
802 681 1001 713 Parochialis
1017 681 1059 712 de
1076 681 1308 722 Ermyngtone
1323 691 1332 720 ;
1354 681 1389 712 in
1401 679 1683 712 Archidiaconatu

296 725 475 764 Cornubie,
492 725 678 766 Perpetuos
700 725 849 757 Vicarios
872 724 1096 757 Ecclesiarum
1120 724 1364 756 Paroehialium
1388 724 1431 755 de
1456 723 1626 765 Lyskerde
1649 726 1685 755 et

295 769 419 801 Sancte
437 770 568 800 Breaee.

141 822 202 854 1⁶³¹·
251 823 516 875 Illegitimacy
533 837 544 872 3
571 823 824 873 Dispensacio
842 837 927 862 cum
945 823 1218 873 illeyitimo,—

140 856 222 917 3¹1³.
249 879 289 911 In
305 879 426 919 favour
448 878 484 910 of
505 878 597 911 John
622 879 723 916 More,
740 877 907 917 cle=·k‚—‘¹
920 882 956 910 et
971 878 1083 920 ipsum
1105 878 1141 910 in
1157 878 1319 910 Ordinem
1336 877 1545 910 Accolitatus
1568 879 1684 918 postea

140 931 186 952 us,
296 922 465 955 ordinavit
480 922 645 963 (Londou,
662 923 701 954 11
718 921 822 964 May).

334 1093 473 1147 glano
493 1093 847 1138 OEonsectationiz
866 1093 1047 1148 &omini
1067 1093 1252 1147 septimo
1271 1092 1512 1147 intiment&

141 1171 556 1222 s01-64-Ar0hdeaconry
586 1171 628 1210 of
654 1171 800 1210 Exeter
828 1170 944 1223 (12);
982 1171 1315 1218 Procuratorium,
1345 1171 1390 1209 in
1418 1171 1514 1209 bona
1534 1171 1683 1220 forma,

307 1225 520 1274 occupandi
538 1225 734 1276 Beneficia
751 1226 796 1264 in
813 1226 991 1264 absencia
1005 1226 1236 1276 Beneficiati
1251 1224 1308 1277 (in
1329 1239 1353 1264 a
1371 1225 1474 1264 later
1492 1225 1686 1275 hand),—

255 1280 500 1314 Tereiadeeima
511 1279 566 1311 die
578 1281 702 1312 mensis
720 1280 808 1320 Maii,
821 1280 987 1312 Dominus
999 1280 1137 1321 recepit,
1148 1280 1183 1311 in
1198 1279 1357 1321 Hospicio
1369 1291 1431 1311 suo
1449 1280 1683 1319 Londoniensi‚

299 1323 574 1356 Procuratorium
606 1324 869 1365 infrascriptum,
900 1324 965 1355 sub
994 1324 1056 1355 hac
1089 1324 1199 1355 forma
1228 1323 1507 1363 verborum,—1n
1542 1324 1686 1355 Nomas.

298 1368 445 1406 DOMINI,
461 1367 688 1400 Auum—Per
703 1368 765 1399 hoc
781 1378 918 1409 presens
934 1367 1114 1399 Publicum
1131 1367 1405 1399 lustramentum
1421 1367 1552 1398 cunctis
1569 1370 1686 1407 pateat

297 1412 471 1443 evidenter
486 1411 578 1452 quod
594 1421 664 1451 nos,
682 1412 813 1450 Petrus,
831 1415 909 1452 etc„
925 1411 1049 1443 Sancte
1065 1411 1170 1442 Mat-ie
1185 1411 1218 1442 in
1237 1411 1300 1442 Via
1317 1411 1402 1443 Lata
1419 1411 1588 1442 Diaconus
1606 1411 1684 1443 Car-

299 1455 431 1494 dinalis,
449 1455 491 1485 ad
508 1454 826 1486 Archidiaconatum
844 1455 1069 1486 Exoniensem
1085 1458 1121 1486 et
1136 1454 1288 1486 membra
1303 1455 1346 1486 ab
1362 1455 1434 1495 ipso
1447 1454 1684 1495 dependencia,

298 1509 428 1530 necnon
453 1498 698 1530 Canonicatum
722 1502 758 1530 et
789 1498 998 1530 Prebendam
1021 1498 1055 1530 in
1087 1498 1235 1530 Ecclesia
1265 1498 1505 1536 Lincolniensi,
1528 1508 1613 1539 quos
1643 1509 1684 1529 ex

301 1542 523 1574 concessione
549 1545 585 1573 et
616 1542 875 1583 Dispensacione
906 1542 1002 1574 Sedis
1027 1542 1219 1583 Apostolice
1241 1542 1284 1573 ad
1315 1552 1451 1583 presens
1481 1542 1685 1582 optinemus,

302 1585 454 1627 specialis
476 1585 667 1617 devocionis
694 1585 807 1617 oculos
829 1586 1024 1626 dirigentes,
1049 1585 1292 1626 cupientesque
1320 1589 1360 1617 nt
1386 1585 1460 1626 ipsi,
1483 1589 1519 1617 et
1545 1595 1686 1626 persone

300 1630 462 1669 degentes
484 1629 518 1660 in
542 1629 679 1668 eisdem,
703 1629 872 1661 salubrius
895 1632 931 1661 et
953 1639 1111 1670 prospere
1134 1629 1334 1669 dirigantur,
1358 1632 1394 1660 et
1419 1629 1462 1660 ad
1489 1629 1552 1660 hoc
1577 1629 1686 1670 plenis

303 1672 478 1704 desideriis
498 1672 714 1704 intendentes
731 1683 740 1712 ;
755 1683 794 1704 ac
809 1673 851 1704 de
866 1672 1177 1714 circumspeccione,
1194 1673 1370 1712 industria,
1388 1675 1422 1704 et
1438 1672 1606 1713 probitate
1621 1673 1684 1704 Ve-

301 1716 502 1748 nerabilium
514 1716 682 1755 Virorum,
699 1716 922 1748 Dominorum
935 1716 1129 1756 Raymundi
1141 1716 1317 1756 Pelegrini,
1333 1716 1492 1748 Canonici
1502 1716 1684 1755 Lincolnie,

305 1763 343 1792 et
358 1759 531 1792 Guinelmi
547 1760 590 1791 de
605 1760 729 1792 Sancto
746 1759 853 1799 Claro,
870 1759 1029 1792 Canonici
1052 1759 1191 1799 Cestrie,
1216 1759 1477 1791 Lichefeldensis
1493 1763 1528 1791 et
1545 1760 1685 1792 Convel-

303 1803 422 1835 riensis
439 1802 510 1842 (sic)
528 1803 733 1843 Diocesium,
747 1804 948 1836 dilectorum
961 1806 1165 1842 nostrorum,
1179 1803 1312 1844 plenam
1323 1803 1356 1834 in
1370 1803 1517 1835 Domino
1528 1803 1685 1835 fiduciam

301 1847 494 1889 optinentes
511 1857 519 1885 ;
543 1847 761 1888 Radulphum
780 1847 952 1889 Pylatone,
969 1850 1006 1878 et
1027 1847 1109 1878 alios
1131 1857 1364 1888 quoscumque
1386 1847 1535 1879 Vicarios
1551 1851 1586 1879 et
1601 1846 1684 1879 Pro-

304 1895 475 1922 curatores
487 1893 619 1922 nostros
633 1891 715 1922 alias
730 1901 790 1932 per
804 1901 866 1922 nos
877 1891 920 1922 ad
936 1891 1149 1932 infrascripta
1161 1891 1375 1930 constitutos,
1389 1891 1585 1930 revocando,
1596 1891 1685 1932 ipsos

302 1934 545 1976 Raymundnm
561 1938 596 1966 et
613 1934 832 1966 Guillelmum
850 1937 1021 1976 presentes
1037 1938 1072 1966 et
1087 1934 1274 1976 quemlibet
1291 1945 1408 1966 eorum
1433 1934 1614 1968 insolidum
1638 1935 1686 1966 ita

303 1977 396 2019 quod
411 1988 479 2009 non
495 1978 542 2010 sit
556 1978 673 2010 melior
693 1978 844 2010 condicio
859 1977 1064 2019 occupantis,
1081 1981 1133 2010 set
1155 1978 1246 2019 quod
1271 1989 1359 2009 unus
1382 1988 1498 2009 eorum
1523 1978 1687 2019 inceperit

303 2022 389 2053 alter
403 2022 552 2063 ipsorum
570 2022 736 2063 prosequi,
747 2022 894 2054 mediare
904 2021 1016 2053 valeat
1027 2025 1061 2053 et
1077 2021 1183 2058 finire,
1199 2021 1356 2053 omnibus
1368 2022 1562 2053 melioribus
1574 2022 1685 2062 modo,

303 2065 388 2106 jure¹
396 2075 504 2105 causa,
515 2068 550 2096 et
561 2065 679 2105 forma,
692 2066 817 2107 quibus
829 2065 951 2097 melius
961 2065 1191 2106 possumus,in
1204 2065 1363 2106 predictis
1377 2065 1550 2096 Beneficiis
1563 2065 1687 2097 nostris

303 2108 455 2149 facimus,
471 2109 721 2148 constituimus,
737 2112 773 2141 et
787 2112 905 2141 tenore
926 2109 1139 2141 Presencium
1156 2109 1351 2140 ordinamus
1374 2113 1507 2140 nostros
1531 2109 1566 2140 in
1591 2109 1685 2150 spiri-

305 2152 456 2185 tualibus
471 2155 508 2184 et
522 2152 765 2194 temporalibus
780 2153 929 2184 Vicarios
951 2155 987 2184 et
1009 2152 1254 2190 Procuratorem
1273 2153 1422 2192 Aetores,
1440 2152 1608 2191 Factores,
1627 2163 1686 2184 ne-

304 2196 474 2237 gociorum
485 2199 678 2228 nostrorum
692 2196 859 2236 Gestores,
868 2195 1018 2228 Nuncios
1027 2196 1185 2237 speciales
1197 2199 1232 2227 et
1240 2196 1423 2236 generales3
1435 2196 1555 2227 dantes
1565 2200 1600 2228 et
1612 2206 1687 2228 con-

305 2239 462 2271 cedentes
473 2239 598 2271 eisdem
608 2239 748 2272 Vicariis
759 2243 795 2272 et
808 2239 1085 2271 Procuratoribus
1096 2239 1220 2271 nostris
1234 2239 1366 2280 plenam
1378 2243 1414 2271 et
1425 2240 1564 2271 liberam
1578 2243 1687 2281 potes-

305 2285 412 2315 tatem
429 2293 467 2315 ac
475 2283 616 2324 speciale
626 2283 827 2316 mandatum
837 2283 1047 2325 supradictos
1057 2283 1374 2315 Archidiaconatum
1386 2286 1423 2315 et
1433 2283 1582 2321 membra
1595 2283 1638 2315 ab
1650 2294 1689 2315 eo

306 2326 543 2368 dependencia,
559 2336 688 2359 necnon
713 2327 957 2359 Canonicatum
979 2330 1015 2358 et
1038 2327 1257 2365 Prebendam,
1274 2326 1410 2358 nomine
1432 2330 1547 2358 nostro
1570 2330 1606 2358 et
1630 2338 1688 2368 pro

306 2369 404 2402 nobis
419 2370 639 2410 gubernandi,
652 2370 800 2410 tenendi,
817 2373 852 2402 et
868 2370 1060 2412 possidendi
1075 2370 1146 2402 loca
1161 2373 1198 2402 et
1213 2381 1370 2411 personas
1384 2371 1418 2401 in
1435 2370 1560 2411 quibus
1581 2371 1687 2410 nobis,

307 2413 439 2445 racione
455 2412 654 2455 hujusmodi
669 2414 971 2446 Archidiaconatus
985 2417 1022 2445 et
1043 2414 1273 2445 membrorum
1289 2414 1332 2445 ab
1355 2424 1394 2445 eo
1409 2414 1687 2455 dependencium,

308 2457 469 2489 Visitacio
483 2457 655 2498 competit,
671 2458 714 2489 de
725 2458 980 2497 consuetudine,
993 2460 1137 2495 statuto,
1146 2457 1198 2489 vel
1212 2457 1254 2488 de
1265 2457 1341 2499 jure
1352 2458 1521 2497 visitandi,
1534 2468 1688 2489 excessus

307 2500 494 2541 corrigendi
510 2504 546 2532 et
561 2501 734 2542 puniendi,
751 2501 894 2541 fructus,
905 2501 1068 2540 redditus,
1082 2504 1276 2542 proventus,
1287 2500 1517 2539 obveneiones,
1530 2501 1686 2541 decimas,

309 2554 371 2582 res,
387 2543 485 2582 bona,
502 2545 670 2585 pecunias,
687 2545 811 2585 debita,
832 2544 1007 2585 arreragian
1030 2547 1066 2576 et
1087 2544 1165 2586 jura
1186 2544 1347 2586 quelibet,
1373 2555 1412 2575 ac
1427 2545 1530 2576 eciam
1554 2544 1688 2577 fructus

308 2597 540 2628 quoscumque
566 2590 603 2620 et
625 2588 713 2619 bona
735 2588 808 2628 alia,
833 2591 903 2620 tam
930 2599 993 2629 pro
1018 2588 1228 2628 reparacione
1254 2587 1461 2620 edificiorum
1488 2588 1687 2629 hujusmodi

308 2630 552 2662 Beneficiorum
568 2634 761 2664 nostrorum
777 2642 880 2672 quam
895 2632 977 2663 alias
992 2631 1107 2663 debita
1121 2634 1156 2663 et
1172 2631 1333 2672 deposita,
1353 2641 1481 2663 necnon
1502 2631 1590 2663 bona
1605 2642 1686 2673 que-

308 2684 454 2715 cumque
469 2677 678 2715 sequestrata
694 2678 730 2707 et
745 2675 889 2706 alienata
903 2675 947 2706 ad
963 2685 1033 2713 nos,
1045 2675 1177 2706 racione
1192 2675 1361 2706 dictorum
1374 2675 1686 2716 Archidiaconatus,

308 2717 538 2749 membrorum
554 2715 597 2749 ab
612 2728 650 2749 eo
666 2718 931 2760 dependencium
947 2729 986 2750 ac
1002 2718 1228 2750 canonicatus
1242 2721 1278 2749 et
1300 2718 1483 2757 Prebende,
1500 2719 1685 2760 quomodo-

307 2760 390 2792 libet
406 2760 623 2801 pertinencia,
642 2762 789 2803 petendi,
806 2762 948 2801 levandi,
972 2761 1137 2802 exigendi,
1160 2761 1349 2803 recipiendi,
1374 2765 1410 2793 et
1431 2762 1651 2803 recuperandi
1666 2773 1686 2794 a

307 2803 577 2845 quibuscumque
587 2805 744 2845 personis,
754 2808 826 2838 tam
839 2805 1078 2837 Ecclesiasticis
1092 2815 1194 2846 quam
1207 2805 1428 2845 Secularibus,
1441 2806 1687 2847 cujuscumque

156 2847 206 2876 fol·
221 2846 284 2875 641)-
310 2850 422 2878 status
434 2847 486 2878 vel
496 2848 698 2880 condicionis
710 2849 848 2887 fuerint,
859 2849 1015 2890 ipsosque
1026 2848 1174 2889 regendi,
1185 2849 1403 2888 gubernandi,
1416 2849 1593 2888 retinendi,
1607 2853 1694 2881 ven-⁴

308 2890 421 2930 dendi,
437 2890 579 2930 locandi,
595 2892 807 2930 arrendandi,
823 2892 1025 2931 assensandi,
1042 2895 1078 2923 et
1091 2892 1133 2923 ad
1150 2891 1282 2923 firmam
1305 2903 1364 2924 seu
1386 2902 1534 2924 annuam
1557 2894 1686 2933 pensio-

309 2943 389 2965 nem
405 2933 510 2966 dandi
547 2944 586 2966 ro
601 2935 722 2976 precio,
734 2939 770 2968 et
785 2935 934 2977 personis
949 2935 1072 2977 quibus
1081 2935 1207 2967 eisdem
1217 2935 1357 2967 vicariis
1367 2939 1402 2967 et
1412 2936 1688 2968 Procuratoribus

308 2976 434 3009 nostris
448 2944 620 3011 videbitur
628 2978 785 3020 expedire
800 2989 810 3020 3
824 2982 984 3021 computa
992 2981 1028 3011 et
1037 2978 1186 3011 raciones
1200 2988 1220 3011 a
1231 2979 1323 3011 dicto
1335 2979 1515 3016 Radulpho
1525 2979 1690 3017 Pvlatone

365 3025 446 3070 21³
