1988 3256
672 299 1033 346 INSTITUTIONS,
1071 300 1174 336 Ere.
1603 290 1665 336 65

114 402 151 430 Α·
155 402 185 430 D
269 405 356 437 cioni
370 405 531 438 interesse
547 406 744 447 debuerant,
761 409 794 438 et
811 407 854 438 de
875 406 985 438 forma
1006 405 1206 448 hujusmodi
1223 406 1406 438 Eleccionis
1422 406 1573 438 faciende
1588 406 1662 438 dili-

114 437 222 498 ᾆξαι
268 452 387 490 genter
413 450 647 489 tractantibus,
675 451 816 482 demum
843 451 1008 490 Religioso
1034 450 1117 490 viro,
1148 451 1302 491 Dompno
1329 450 1457 481 Thomu
1486 450 1662 491 Cullynge,

117 491 180 532 11‚’
268 493 352 524 dicti
369 493 563 525 Monasterii
588 494 846 532 Commonacho,
865 494 1026 526 Ordinem
1050 497 1086 525 et
1111 494 1273 535 Regulam
1297 493 1413 525 Sancti
1436 493 1612 525 Benedicti
1627 494 1662 525 in

267 537 384 568 eodem
396 538 499 569 tacite
510 541 547 569 et
562 548 715 578 expresse
730 538 888 579 professo,
906 549 964 579 per
979 538 1067 569 viam
1083 537 1313 579 compromissi
1327 538 1361 568 in
1377 537 1543 568 Abbatem
1557 538 1663 578 ipsius

268 580 474 618 Monaeterii,
486 584 526 613 ut
542 582 677 622 dieitur,
690 582 805 621 electo,
819 582 958 623 ipsoque
973 592 1172 614 consensum
1189 592 1290 613 suum
1305 581 1486 612 difficulter
1496 581 1664 614 Eleccioni

267 624 465 666 hujusmodi
481 626 523 656 de
538 636 573 657 se
595 626 684 657 facte
708 629 887 667 prestante,
904 636 941 657 ac
964 626 1072 667 petito
1095 637 1114 656 a
1136 625 1242 664 nobis,
1261 625 1340 656 Loci
1356 625 1549 665 Diocesano,
1567 625 1663 657 Elec-

267 668 397 700 cionem
413 668 611 711 hujusmodi
627 669 815 701 confirmari
830 680 839 709 ;
861 680 906 701 ne
921 680 980 711 per
994 669 1204 710 repentinam
1222 668 1530 709 confirmacionem,
1547 672 1664 700 contra

267 712 456 744 doctrinam
481 714 643 754 Apostoli,
661 713 778 745 Electo
801 724 922 745 manus
944 723 1110 754 apponere
1134 713 1317 751 videamur,
1335 713 1488 752 vobiS,et
1511 716 1662 744 vestrum

267 756 416 797 cuilibet,
444 758 690 789 committimus
717 761 752 789 et
781 758 991 796 mandamus,
1019 756 1162 788 firmiter
1187 756 1414 798 injungentes,
1441 756 1605 798 quatinus
1628 757 1664 788 in

267 799 414 832 Ecclesia
430 801 573 842 predicti
595 801 799 842 Monasterii,
816 801 923 842 prima
946 801 1001 832 die
1022 801 1142 832 feriata
1166 800 1316 842 proxima
1339 803 1416 840 post
1436 801 1664 841 recepcionem

269 844 496 880 Presencium.
511 845 602 877 intra
619 845 795 877 Missarum
819 845 1012 885 solempnia,
1029 844 1100 876 fieri
1120 844 1252 876 faciatis
1266 844 1562 885 proclamacionem
1579 844 1662 885 pub-

267 887 366 919 licam
382 892 416 920 et
439 888 656 930 solempnem,
673 892 724 928 ut,
740 889 769 920 si
791 889 852 930 qui
875 889 945 920 sint
971 889 1030 930 qui
1053 888 1159 920 velint
1181 899 1216 920 se
1239 898 1407 929 opponere
1429 890 1546 919 contra
1570 888 1662 919 Elec-

267 931 395 963 cionem
412 932 609 974 hujusmodi
627 943 685 964 seu
711 943 886 974 personam
914 932 1031 972 Electi,
1048 931 1272 973 peremptorie
1295 935 1329 963 et
1353 931 1558 963 sufficienter
1572 942 1662 963 com-

268 978 407 1016 pareant
422 986 534 1008 coram
550 977 657 1016 nobis,
673 977 726 1008 vel
742 977 903 1017 Magistro
927 975 1095 1008 willelmo
1111 976 1283 1017 Trevellys
1305 979 1341 1007 et
1357 976 1502 1007 Domino
1521 976 1665 1016 Hugone

267 1019 439 1059 Bridham,
465 1020 642 1052 Canonicis
663 1020 698 1051 in
723 1020 870 1051 Ecclesia
893 1023 1008 1051 nostra
1032 1020 1223 1059 Exoniensi,
1248 1019 1440 1060 nostrisque
1463 1019 1663 1060 specialibus

267 1062 512 1095 commissariis
527 1064 561 1095 in
575 1064 637 1095 hac
649 1067 754 1105 parte,
771 1064 805 1096 in
823 1064 970 1095 Ecclesia
985 1066 1100 1095 nostra
1116 1063 1298 1095 Exoniensi
1315 1063 1454 1104 prefata,
1471 1063 1526 1094 die
1542 1063 1662 1095 Martis

266 1107 419 1147 proxima
435 1110 512 1149 post
530 1107 670 1140 Festum
695 1108 944 1140 Purificacionis
967 1108 1070 1139 Beate
1093 1107 1208 1147 Marie,
1224 1107 1385 1148 Virginis,
1402 1107 1557 1148 proximo
1573 1117 1664 1139 nunc

266 1150 435 1191 futurum,
452 1151 680 1193 opposiciones
701 1163 780 1183 suas
802 1151 1000 1193 hujusmodi
1022 1151 1056 1182 in
1082 1151 1190 1182 forma.
1211 1151 1298 1193 juris
1320 1150 1534 1192 proposituri,
1551 1154 1586 1182 et
1608 1161 1664 1183 eas

267 1194 488 1226 effectualiter
511 1196 731 1237 prosecuturi,
756 1196 966 1237 ulteriusque
987 1195 1111 1227 facturi
1134 1198 1169 1226 et
1190 1195 1370 1236 recepturi,
1389 1205 1467 1226 cum
1490 1195 1664 1227 continua-

266 1238 360 1270 cione
376 1241 412 1271 et
427 1240 662 1280 prorogacione
676 1240 824 1271 locorum
842 1242 878 1272 et
893 1240 1024 1271 dierum
1041 1244 1124 1270 tunc
1139 1239 1367 1280 sequencium,
1384 1239 1475 1280 quod
1488 1238 1666 1271 dictaverit

267 1282 350 1314 ordo
364 1281 451 1324 juris
467 1292 476 1322 ;
498 1283 740 1315 denunciantes
755 1284 883 1315 eisdem
905 1284 1007 1325 quod,
1025 1283 1094 1315 sive
1118 1283 1273 1314 venerint
1288 1283 1358 1314 sive
1374 1293 1451 1320 non,
1469 1282 1510 1313 ad
1528 1282 1662 1315 finalem

267 1326 518 1367 expedicionem
533 1327 617 1359 dicti
631 1327 759 1369 negocii
775 1327 1022 1368 procederetur,
1035 1330 1203 1368 quatenus
1219 1327 1261 1358 de
1276 1326 1352 1368 jure
1368 1325 1472 1357 fuerit
1485 1327 1663 1366 proceden-

267 1370 361 1402 dum,
419 1370 471 1402 De
486 1371 549 1411 die,
562 1381 650 1411 vero,
666 1371 867 1412 recepcionis
884 1371 1108 1410 Presencium,
1125 1373 1160 1402 et
1175 1370 1258 1412 quid
1274 1370 1420 1402 feceritis
1434 1370 1468 1400 in
1482 1371 1664 1410 premissis,

267 1413 319 1445 vel
330 1413 450 1445 fecerit
463 1414 549 1446 alter
564 1418 726 1455 vestrum,
739 1426 776 1447 ac
792 1415 892 1446 modo
908 1418 943 1446 et
958 1415 1066 1446 forma
1078 1414 1286 1446 execucionis
1302 1413 1510 1455 hujusmodi,
1523 1424 1594 1454 nos,
1605 1418 1666 1447 aut

268 1457 377 1489 dictos
394 1458 646 1490 Commissarios
659 1462 805 1499 nostros,
816 1459 915 1490 dictis
931 1459 986 1489 die
1001 1461 1037 1489 et
1053 1458 1133 1496 loco,
1149 1458 1308 1489 distincte
1324 1461 1359 1489 et
1373 1459 1488 1498 aperte
1504 1457 1666 1490 certificet

268 1501 328 1542 qui
344 1512 478 1542 presens
494 1502 695 1534 Mandatum
718 1503 822 1534 fuerit
845 1505 1016 1542 executus,
1033 1512 1093 1543 per
1115 1512 1193 1533 suas
1216 1500 1349 1533 Literas
1371 1504 1527 1542 patentes
1543 1501 1664 1534 harum

268 1545 387 1576 seriem
398 1546 754 1578 continentes—Data
764 1547 799 1578 in
818 1546 976 1586 Hospicio
991 1549 1107 1577 nostro
1121 1545 1355 1585 Londoniensi,
1367 1546 1462 1577 xxv⁸⁰
1474 1546 1530 1577 die
1542 1546 1666 1578 mensis

269 1588 433 1628 Januarii,
463 1590 559 1621 Anno
582 1590 721 1622 Domini
745 1590 805 1622 Mo.
823 1590 951 1622 000““ο
966 1589 1089 1621 lxxxmo
1111 1591 1147 1621 et
1170 1589 1440 1621 consecracionis
1463 1592 1578 1621 nostre
1601 1600 1664 1621 un-

267 1632 563 1675 decima—Cujus
589 1634 791 1666 auctoritate
814 1634 978 1673 Mandati,
1005 1633 1040 1664 in
1066 1633 1213 1664 Ecclesia
1240 1633 1466 1665 Conventnali
1489 1633 1572 1664 dicti
1595 1634 1666 1665 Μο-

267 1676 415 1716 nasterii,
431 1677 486 1708 die
501 1678 535 1708 in
552 1678 643 1709 dicto
659 1678 820 1709 Mandato
835 1679 876 1709 ad
894 1678 956 1709 hoc
978 1677 1156 1718 assignato,
1172 1676 1261 1708 intra
1277 1677 1457 1709 Missurum
1472 1677 1666 1718 solempnia,

269 1720 470 1761 proclamavi
481 1724 516 1752 et
526 1722 822 1762 proclamacionem
836 1721 1004 1763 publicam
1021 1720 1084 1752 feci
1100 1724 1136 1752 et
1150 1720 1368 1761 solempnem,
1379 1724 1427 1760 ut,
1441 1721 1541 1762 siqui
1553 1724 1666 1753 essent

269 1764 328 1805 qui
351 1764 478 1796 vellent
500 1768 562 1796 aut
591 1768 729 1807 possent
750 1776 786 1797 se
812 1775 979 1807 opponere
1009 1767 1126 1796 contra
1152 1764 1362 1796 Eleccionem
1386 1764 1584 1806 hujusmodi
1605 1775 1666 1797 seu

269 1818 445 1849 personam
460 1807 580 1848 Electi,
597 1809 819 1850 peremptorie
842 1812 879 1840 et
901 1808 1104 1840 sufficienter
1126 1812 1341 1848 compareant
1356 1818 1467 1840 coram
1484 1808 1587 1848 vobis,
1604 1813 1666 1840 aut

269 1862 337 1882 uno
363 1856 525 1891 vestrum,
550 1853 584 1884 in
613 1853 758 1885 Ecclesia
784 1853 976 1884 Cathedrali
1003 1852 1163 1894 predicta,
1187 1852 1241 1882 die
1269 1850 1391 1883 Martis
1413 1851 1566 1894 proxima
1589 1856 1667 1893 post

271 1895 411 1927 Festum
434 1896 681 1928 Purificacionis
705 1897 808 1928 Beate
831 1896 935 1928 Marie
961 1896 1113 1937 proximo
1138 1898 1222 1928 tunc
1244 1895 1413 1935 futurum,
1437 1896 1666 1937 opposiciones

269 1949 356 1979 suas,
383 1939 412 1970 si
438 1949 523 1981 quas
549 1940 723 1980 haberent,
751 1941 786 1972 in
814 1941 923 1972 forma
947 1940 1033 1982 juris
1059 1939 1273 1980 proposituri,
1299 1942 1335 1971 et
1359 1950 1414 1971 eas
1441 1940 1664 1971 effectualiter

270 1984 490 2023 prosecuturi,
507 1984 719 2026 ulteriusque
733 1985 859 2016 facturi
874 1987 909 2016 et
924 1984 1094 2025 recepturi
1117 1984 1207 2023 quod
1232 1993 1300 2022 vos,
1317 1986 1376 2015 aut
1393 1994 1482 2015 unus
1499 1987 1662 2024 vestrum,

268 2026 392 2058 eisdem
421 2028 680 2068 oppositoribus,
697 2028 896 2069 generaliter
917 2031 980 2059 aut
1002 2027 1198 2068 specialiter,
1215 2027 1380 2058 duxeritis
1403 2027 1664 2069 injungendum,

269 2073 304 2102 et
319 2070 499 2103 dictaverit
513 2072 595 2104 ordo
607 2072 702 2114 juris,
718 2072 754 2104 in
771 2071 1044 2104 confirmacionis
1060 2070 1256 2112 hujusmodi
1273 2071 1456 2102 Eleccionis
1469 2071 1605 2112 negocio
1615 2082 1663 2102 re-

269 2114 445 2155 quisitum.
491 2115 547 2155 Et,
563 2117 643 2157 quia
658 2116 773 2147 nullus
789 2126 848 2157 pro
871 2119 955 2148 tunc
979 2114 1234 2147 Confirmacioni
1256 2114 1374 2146 future
1390 2115 1539 2156 predicte
1555 2114 1665 2147 fiende

270 2158 473 2198 reclamavit,
490 2169 552 2191 nec
566 2162 683 2191 contra
698 2169 874 2201 personam
889 2160 1031 2191 electam
1054 2169 1163 2200 neque
1180 2158 1390 2190 Eleccionem
1405 2159 1612 2190 antedictam
1628 2169 1664 2190 se

270 2201 439 2243 opposuit,
454 2212 517 2234 nec
538 2213 707 2244 opponere
729 2214 765 2235 se
787 2203 872 2235 velle
895 2203 1030 2235 dicebat
1052 2212 1162 2244 neque
1185 2202 1405 2243 protestabat,
1423 2202 1558 2234 nullum
1573 2202 1607 2233 in
1625 2212 1663 2234 ea

270 2247 365 2286 parte
376 2245 477 2278 citavi
492 2246 528 2278 in
543 2247 661 2288 specie,
673 2247 774 2279 sicuti
789 2257 851 2279 nec
865 2247 968 2279 citare
983 2246 1096 2278 debui.
1146 2246 1364 2286 Denunciavi,
1380 2246 1527 2287 insuper,
1538 2246 1664 2278 eisdem

270 2289 304 2320 in
332 2289 451 2330 speeie,
467 2293 503 2322 et
525 2291 684 2323 omnibus
710 2301 856 2332 quorum
880 2291 1031 2329 interest,
1053 2300 1113 2321 seu
1139 2289 1301 2321 interesse
1320 2289 1455 2330 poterit,
1474 2289 1509 2321 in
1533 2300 1663 2330 genere,

268 2333 371 2374 quod,
382 2333 452 2364 sive
463 2334 563 2366 dictis
574 2335 629 2366 die
638 2338 675 2366 et
685 2335 757 2366 loco
768 2335 923 2366 venerint
934 2334 1036 2366 iidem
1052 2343 1218 2374 opponere
1230 2333 1380 2364 volentes
1389 2343 1447 2364 seu
1459 2333 1570 2374 quivis
1579 2333 1666 2365 alius

269 2386 436 2418 opponere
448 2377 571 2417 volens,
582 2379 652 2410 sive
663 2388 742 2418 non,
754 2379 795 2410 ad
806 2378 940 2410 finalem
957 2377 1207 2418 expedicionem
1225 2376 1499 2408 confirmacionis
1511 2377 1594 2408 dicti
1607 2387 1662 2408 ne-

268 2420 354 2461 gocii
370 2421 578 2462 procedetur,
593 2425 762 2464 quatenus
778 2421 847 2453 de
834 2432 911 2463 jure
925 2421 1030 2453 fuerit
1046 2419 1304 2462 procedendum,
1316 2420 1388 2451 loco
1403 2424 1439 2451 et
1454 2420 1663 2462 temporibus

270 2474 329 2505 per
339 2464 506 2505 predictos
519 2465 782 2505 commissarios,
794 2469 855 2497 aut
866 2476 975 2498 unum
991 2465 1174 2496 eorundem
1186 2464 1228 2495 ad
1240 2463 1300 2494 hec
1309 2463 1528 2505 assignandis
1573 2462 1664 2496 Data

267 2507 359 2548 apud
369 2508 636 2549 Tavystochiam,
647 2509 756 2551 primo
767 2490 822 2541 die
833 2509 958 2541 mensis
970 2507 1153 2546 Februarii,
1161 2508 1260 2538 Anno
1270 2507 1407 2538 Domini
1416 2507 1618 2548 supradicto
1621 2525 1666 2531 —

272 2550 381 2592 Cujus
396 2552 600 2585 auctoritate
617 2553 794 2585 Mandati.
818 2576 828 2585 .
852 2576 860 2586 .
885 2553 1130 2594 „oppositores
1145 2531 1352 2600 liujusmodi,
1364 2551 1421 2590 sic,
1433 2553 1473 2583 ut
1483 2551 1663 2592 prefertur,

272 2594 403 2634 citatos,
426 2595 481 2627 die
505 2596 624 2628 Martis
646 2597 806 2638 predicta,
828 2596 864 2628 in
888 2596 1058 2638 presencia
1080 2594 1239 2635 Religiosi
1262 2594 1334 2634 viri,
1358 2575 1506 2636 Doinpni
1529 2594 1664 2627 Ricardi

273 2619 415 2679 Auncel,
430 2639 588 2672 Monaehi
612 2640 806 2672 Monasterii
830 2639 997 2681 prelibati,
1015 2640 1271 2671 Procuratorem
1296 2619 1466 2669 dictorum
1482 2638 1607 2670 Prioris
1629 2642 1664 2670 et

273 2681 496 2714 Conventus'
485 2693 520 2715 m
537 2683 600 2716 hac
614 2687 711 2725 parte
726 2694 762 2716 se
777 2684 966 2723 asserentis,
983 2694 1044 2724 pro
1059 2682 1141 2723 ipsis
1157 2681 1271 2712 Priore
1286 2684 1323 2713 et
1340 2681 1517 2713 Conventu
1541 2692 1579 2713 ac
1601 2693 1662 2723 pro

273 2725 397 2766 parte'
386 2726 494 2767 ipsius
510 2727 630 2767 Electi,
647 2737 758 2759 coram
771 2727 879 2767 nobis,
896 2727 930 2759 in
948 2708 1143 2759 &athedrali
1157 2725 1305 2758 Ecclesia
1321 2729 1508 2756 memorata
1521 2724 1665 2776 judicia:

273 2768 351 2801 liter
364 2770 408 2801 ad
431 2769 493 2802 hec
515 2753 723 2811 sedentibus,
746 2771 981 2812 comparentis,
1004 2769 1137 2811 publice
1160 2770 1196 2800 et
1218 2768 1438 2809 solempniter
1460 2769 1664 2810 preconizari

272 2811 414 2844 fecimus
429 2813 555 2854 pluries
570 2818 606 2846 et
620 2815 751 2847 vicibus
765 2814 928 2856 repetitis.
968 2814 1022 2854 Et,
1039 2812 1119 2854 quia
1133 2811 1248 2843 nullus
1263 2815 1338 2843 erat
1351 2822 1547 2853 comparens
1562 2823 1663 2862 oppo-
1699 2848 1703 2851 Δ

271 2855 367 2896 sitor,
383 2859 445 2888 aut
460 2857 520 2899 qui
535 2868 727 2900 comparere
742 2861 778 2889 et
793 2868 960 2899 opponere
975 2867 1010 2889 se
1026 2855 1163 2888 voluit'
1152 2865 1187 2886 m
1205 2855 1384 2896 premissis,
1401 2855 1583 2887 omnibus'
1573 2866 1609 2887 m
1625 2866 1664 2888 ea

274 2902 371 2941 parte
392 2910 560 2942 opponere
582 2912 619 2934 se
641 2901 833 2935 volentibus
856 2901 945 2934 viam
962 2900 1106 2933 ulterius
1121 2901 1239 2931 eontra
1261 2909 1300 2931 ea
1321 2908 1380 2931 seu
1404 2909 1459 2931 eas
1482 2899 1664 2941 quicquam

257 2978 287 3015 F
