1988 3256
289 361 384 411 378

501 374 602 409 THE
636 371 881 409 REGISTER
915 370 978 407 OF
1009 368 1189 407 BISHOP
1219 368 1634 407 BRANTYNGHAM.

296 479 372 507 A·D·
410 480 509 520 Item,
526 481 652 513 eisdem
668 481 723 513 die
737 484 774 512 et
788 480 869 520 loco,
887 479 1053 511 Dominus
1068 478 1232 511 concessit
1254 478 1443 511 Licenciam
1465 477 1620 510 Michaeli
1641 472 1837 510 atte‘Mede

296 512 372 540 1377.

295 547 359 574 Vol.
371 546 396 574 1.

451 528 488 557 et
503 525 577 566 ejus
594 525 700 564 uxori,
717 524 808 566 quod
824 524 962 565 possint,
979 527 1053 562 etc.,
1070 523 1106 555 in
1121 522 1292 564 presencia
1311 523 1460 564 ipsorum
1477 532 1536 554 seu
1551 531 1668 553 eorum
1683 520 1834 561 alterius,

451 568 487 600 in
504 569 639 610 Capella
653 569 723 600 sive
739 568 895 600 Oratorio
910 567 998 599 infra
1014 567 1220 599 mansionem
1243 566 1392 608 ipsorum
1415 566 1458 598 de
1480 566 1668 608 Botystone
1684 575 1694 604 ς
1716 574 1833 606 quam-

448 613 508 644 diu
526 612 669 644 Domino
685 612 859 654 placuerit.

296 664 385 726 225¹·
408 665 674 717 Atherington
694 679 703 714 3
722 667 853 717 Roget
873 667 987 717 Boys,
1009 665 1245 711 subdeacon,
1267 665 1371 711 R,—

409 721 435 753 L

437 721 548 753 icence
563 722 599 753 of
614 721 868 753 non-residence
882 720 936 752 for
950 731 970 751 a
984 730 1066 762 year
1081 722 1118 752 to
1133 719 1237 762 study
1253 718 1468 761 (Chudleigh,
1486 719 1505 751 3
1524 715 1648 760 April).

407 771 868 821 Letters-Dimissory‚—
1699 794 1702 797 ,

406 825 552 857 Thomas
558 825 708 863 Worthe,
718 824 918 864 subdeacon,
933 824 999 856 “ad
1013 823 1130 856 Sacros
1141 823 1348 856 Diaconatus
1359 825 1395 855 et
1405 822 1654 854 Presbiteratus
1664 820 1808 854 Ordines
1816 820 1836 834 '’

451 868 668 910 (Chudleigh,
685 870 704 900 6
720 868 841 910 April).

409 918 712 970 Kilkhampton,
738 919 801 956 Sir
826 918 1021 967 chinald
1041 917 1210 967 Brugge,
1233 916 1347 962 R„—

409 974 437 1005 L

438 973 549 1006 icence
564 973 599 1005 of
614 972 866 1005 non-residence
883 972 936 1004 for
951 982 971 1003 a
985 982 1066 1014 year
1082 970 1296 1012 (Chudleigh,
1315 969 1355 1001 16
1374 968 1492 1010 April).

301 1023 389 1056 [A.D.
412 1024 468 1063 St.
492 1023 635 1070 Ervan,
658 1023 798 1061 Manor
817 1023 858 1061 of
886 1021 1115 1060 Trembleth
1132 1034 1143 1069 ;
1173 1020 1329 1058 Firma*
1339 1019 1501 1058 dimissa
1522 1031 1596 1068 per
1622 1018 1837 1057 Dominum

301 1056 391 1091 1376.]

399 1133 438 1187 'P

468 1078 511 1116 T.
537 1078 758 1122 Peverel‚—

439 1134 533 1164 ateat
549 1131 714 1163 universis
736 1141 795 1172 per
818 1131 996 1162 Presentes
1018 1129 1106 1171 quod
1131 1139 1202 1168 nos,
1225 1128 1380 1167 Thomas,
1405 1130 1482 1164 etc„
1505 1126 1729 1159 concessimus
1744 1128 1781 1158 et
1795 1125 1839 1157 ad

455 1176 586 1207 firmam
611 1175 801 1206 dimisimus
827 1174 956 1206 Thome
979 1173 1117 1205 Peverel
1143 1176 1234 1204 totas
1261 1175 1369 1204 terras
1392 1171 1607 1202 dominicales
1629 1171 1664 1202 in
1686 1170 1776 1202 Villa
1797 1169 1840 1201 de

455 1219 723 1261 Trembeleythe,
740 1218 911 1260 quondam
927 1216 1091 1249 Johannis
1108 1215 1292 1254 Aroundel,
1312 1215 1440 1253 Militis,
1458 1214 1623 1253 defuncti,
1638 1224 1717 1246 cum
1731 1213 1838 1245 'domi-

454 1263 528 1302 bus,
546 1263 639 1302 ortis,
656 1262 772 1303 pratis,
789 1261 946 1302 pasturis,
959 1260 1092 1302 jamnis,
1103 1260 1260 1298 busseris,
1273 1263 1308 1290 et
1319 1258 1462 1290 brueriis
1479 1268 1487 1296 ;
1502 1256 1702 1296 redditibus,
1715 1259 1839 1296 tamen,

457 1306 577 1345 Cui-iis,
603 1306 734 1344 wardis,
761 1305 955 1346 maritagiis,
972 1304 1121 1343 escaetis,
1138 1303 1258 1341 assisis,
1285 1301 1487 1341 extrahuris,
1504 1312 1542 1333 ac
1555 1301 1661 1333 eciam
1683 1300 1840 1332 omnibus

455 1350 529 1382 aliis
552 1360 618 1391 que
640 1350 683 1381 ad
706 1348 895 1380 dominium
918 1348 961 1379 de
983 1346 1244 1387 Trembeleythe
1267 1345 1457 1387 predictum
1482 1345 1663 1386 pertinent,
1686 1344 1783 1376 nobis
1804 1346 1842 1376 et

458 1393 711 1425 Successoribus
727 1392 851 1424 nostris
867 1392 1003 1423 omnino
1018 1390 1207 1423 reservatis.
1256 1389 1456 1421 Habendum
1473 1392 1510 1420 et
1525 1388 1711 1432 tenendum
1734 1387 1842 1419 dictas

457 1441 565 1469 terras
581 1436 805 1475 dominicales,
823 1436 865 1467 de
877 1435 973 1467 nobis
982 1438 1019 1466 et
1031 1434 1285 1467 Successoribus
1294 1432 1429 1471 nostris,
1444 1432 1488 1463 ad
1504 1432 1689 1464 terminum
1702 1431 1840 1463 minoris

457 1481 559 1513 etatis
590 1480 761 1520 Radulphi
791 1479 973 1518 Aroundel,
1001 1478 1062 1510 filii
1088 1481 1124 1510 et
1150 1477 1283 1509 heredis
1307 1476 1471 1508 Johannis
1499 1475 1680 1515 Aroundel,
1712 1475 1840 1514 Militis,
1885 1474 1893 1480 ‘

458 1525 612 1556 defuncti
630 1535 637 1562 ;
659 1523 832 1555 reddendo
847 1523 944 1554 nobis
958 1525 995 1554 et
1009 1521 1109 1555 dictis
1133 1520 1394 1558 Successoribns,
1410 1519 1598 1557 annuatim,
1615 1523 1691 1550 octo
1713 1528 1842 1550 marcas

459 1569 546 1600 bone
561 1571 597 1599 et
611 1567 727 1608 legalis
750 1571 884 1598 monete
896 1566 943 1598 'ad
958 1566 1043 1597 duos
1064 1565 1145 1596 anni
1168 1564 1340 1602 terminos,
1363 1563 1520 1595 videlicet
1535 1563 1578 1594 ad
1596 1563 1694 1594 Festa
1715 1561 1842 1593 Pasche

460 1616 495 1644 et
512 1612 627 1643 Sancti
650 1611 830 1650 Michaelis,
846 1610 942 1651 equis
954 1609 1176 1651 porcionibus,
1192 1618 1252 1649 pro
1275 1607 1431 1639 omnibus
1453 1606 1600 1638 serviciis
1615 1609 1651 1638 et
1666 1605 1842 1637 demandis

461 1655 739 1697 quibuscumque.
788 1655 842 1692 Et,
860 1654 887 1685 si
909 1653 1086 1694 contingat
1107 1653 1239 1683 dictum
1260 1661 1414 1683 annuum
1436 1650 1610 1682 redditum
1625 1649 1660 1681 in
1677 1652 1774 1690 parte
1789 1649 1843 1681 vel

461 1700 497 1731 in
513 1702 588 1731 toto
610 1701 720 1730 aretro
742 1708 813 1729 esse
835 1708 895 1738 per
920 1707 1070 1728 mensem
1093 1698 1170 1737 post
1191 1695 1327 1736 aliquod
1350 1694 1481 1725 dierum
1504 1693 1843 1734 supralimitatorum,

462 1744 551 1784 quod
568 1743 668 1774 liceat
690 1742 795 1780 nobis,
813 1745 849 1772 et
864 1740 1116 1772 Successoribus
1138 1738 1263 1770 nostris
1285 1738 1475 1777 antedictis,
1492 1737 1526 1769 in
1543 1737 1711 1778 predictas
1733 1739 1841 1768 terras

462 1786 676 1818 dominicales
691 1786 733 1816 de
748 1784 1016 1826 Trembeleythe,
1032 1794 1110 1815 cum
1125 1782 1282 1814 omnibus
1304 1781 1520 1823 pertinenciis
1542 1780 1738 1821 prenotatis,
1755 1780 1841 1811 rein·

464 1835 565 1869 trare,
575 1832 612 1861 et
623 1829 755 1861 dictum
765 1828 929 1860 Thomam
942 1827 1076 1867 Peverel
1094 1827 1135 1858 de
1151 1825 1312 1867 predictis
1324 1825 1434 1864 terris,
1444 1835 1521 1856 cum
1533 1823 1759 1865 pertinenciis,
1772 1823 1845 1855 fore

464 1874 638 1905 exclusum
654 1873 914 1913 imperpetuum.
949 1871 996 1902 Et
1010 1870 1184 1911 predictus
1199 1869 1345 1901 Thomas
1368 1868 1506 1900 Peverel
1527 1867 1704 1908 reparabit>
1719 1870 1756 1899 et
1771 1877 1841 1899 sus-

463 1917 614 1949 tentabit
636 1916 762 1955 domos,
787 1915 941 1957 parietes,
964 1924 1068 1955 sepes,
1095 1917 1132 1944 et
1155 1913 1282 1944 fossata
1304 1912 1394 1944 dicte
1415 1911 1504 1943 Ville
1527 1911 1610 1951 ven]
1637 1910 1778 1942 Manet-ii
1800 1910 1843 1942 de

463 1960 722 1999 'Prembeleytlie
744 1959 780 1990 in
801 1959 885 1990 adeo
907 1959 995 1990 bono
1017 1960 1111 1988 statu
1132 1957 1185 1988 vel
1204 1956 1334 1988 meliori
1356 1966 1424 1997 quo
1443 1965 1499 1987 eos
1521 1954 1651 1986 invenit
1673 1954 1709 1986 in
1733 1954 1843 1995 primo

462 2004 606 2036 introitu
622 2014 693 2035 suo.
739 2003 785 2034 Et
800 2013 869 2039 nos,
885 2012 974 2041 vex-0,
991 2001 1164 2042 predictus
1178 2000 1333 2038 Thomas,
1346 2002 1400 2031 etc
1414 2023 1422 2038 ,
1438 2002 1474 2031 et
1490 1999 1702 2031 Successores
1723 1997 1841 2036 nostri,

463 2051 554 2080 totas
577 2050 684 2079 terras
706 2046 921 2078 dominicales
943 2045 979 2076 in
1001 2045 1090 2076 Villa
1112 2044 1154 2075 de
1176 2042 1445 2084 Trembeleythe,
1461 2052 1539 2074 cum
1562 2041 1729 2080 domibus,
1748 2041 1843 2080 ortis,

464 2091 580 2133 pratis,
611 2090 769 2132 pasturis,
799 2089 933 2131 jamnis,
963 2088 1120 2127 busseris,
1151 2089 1188 2118 et
1217 2086 1369 2125 brueriis,
1401 2089 1443 2118 ut
1479 2085 1671 2127 predictum
1707 2088 1770 2124 est,
1799 2084 1843 2116 ad

463 2135 647 2167 terminum
664 2133 803 2165 minoris
824 2133 926 2165 etatis
941 2132 1024 2163 dicti
1040 2130 1210 2172 Radulphi
1226 2129 1396 2162 Aroundel
1413 2133 1532 2161 contra
1553 2139 1669 2160 omnes
1688 2127 1844 2160 homines

463 2177 765 2216 warantizabimus,
781 2175 1058 2217 acquietabimus,
1081 2178 1118 2206 et
1140 2174 1369 2213 defendemus,
1387 2175 1490 2215 prout
1511 2173 1713 2205 decen—At
1735 2171 1843 2214 Olyst,

460 2224 501 2254 29
519 2222 622 2263 Sept„
639 2222 680 2254 50
699 2220 790 2252 Edw.
807 2220 871 2253 ΙΙΙ.
916 2218 959 2260 [Α
976 2218 1158 2259 misplaced
1175 2217 1309 2259 Entry.]

307 2276 384 2303 A.D.
404 2263 500 2315 'The
520 2274 882 2314 Grammar-School
900 2278 944 2312 at
963 2272 1150 2312 Crediton
1163 2285 1174 2320 3
1193 2272 1274 2310 Pro
1298 2272 1451 2311 Vicarz'o
1468 2271 1515 2309 de
1530 2270 1686 2332 Elerky,
1706 2269 1753 2309 de
1770 2282 1847 2308 mm

309 2309 384 2337 1377.

470 2331 735 2377 residendo,—

417 2386 572 2423 Thomas,
589 2387 664 2423 etc,
682 2383 828 2415 Domino
844 2381 999 2414 waltero
1023 2380 1130 2420 Cotel,
1146 2379 1279 2412 Vicario
1294 2380 1463 2421 Perpetuo
1480 2378 1626 2411 Ecclesie
1641 2374 1844 2410 Parochialis

461 2430 503 2460 de
527 2428 661 2469 Elei-ky,
685 2428 719 2458 in
744 2426 925 2464 Cornubia,
949 2425 1104 2464 salutem,
1128 2427 1192 2456 etc.
1231 2424 1281 2456 Ut
1296 2434 1316 2455 a
1330 2423 1462 2455 Vicaria
1485 2426 1546 2455 tua
1560 2432 1663 2464 quam
1675 2422 1710 2454 in
1726 2421 1844 2454 eadem

463 2472 620 2510 Ecclesia,
640 2471 856 2503 Auctoritate
871 2469 1073 2510 Apostolica,
1090 2478 1161 2506 esse
1176 2467 1357 2499 dinosceris
1371 2469 1592 2506 assecutus,-
1600 2476 1678 2498 cum
1700 2465 1744 2497 ad
1763 2465 1843 2497 resi·

463 2515 615 2547 denciam
637 2515 670 2546 in
694 2514 767 2555 ipsa
790 2513 984 2545 continuam
1004 2511 1192 2553 juramenti
1207 2511 1341 2542 vinculo
1356 2510 1551 2542 nullatenus
1566 2509 1611 2541 sis
1630 2509 1846 2548 astrictus,—

463 2570 524 2600 per
546 2558 732 2590 triennium
750 2568 769 2588 a
787 2557 887 2589 Festo
903 2556 1019 2587 Sancti
1035 2554 1207 2587 Michaelis
1222 2553 1424 2595 Archangeli
1446 2553 1598 2595 proximo
1619 2562 1711 2584 nunc
1725 2552 1845 2584 futuro

464 2602 499 2644 [8
516 2602 610 2643 May]
633 2601 795 2633 continuo
817 2599 1077 2637 numerandum,
1093 2598 1187 2637 dum,
1210 2600 1335 2637 tamen,
1351 2607 1412 2639 per
1427 2596 1646 2638 Capellanum
1661 2596 1843 2638 ydoneum,

465 2646 523 2687 qui
539 2645 587 2677 ibi
603 2645 674 2677 vice
690 2647 751 2677 tua
767 2644 963 2676 continuam
986 2652 1113 2674 mora-m
1137 2643 1227 2682 agat,
1245 2641 1353 2673 eidem
1378 2640 1479 2672 facias
1501 2639 1648 2672 Ecclesia
1662 2639 1698 2671 in
1713 2638 1845 2671 Divinis

466 2689 590 2722 Officiis
602 2688 819 2720 laudabiliter
828 2686 999 2725 deserviri,
1015 2685 1201 2722 absentare,
1213 2688 1250 2715 et
1263 2684 1298 2716 in
1310 2684 1399 2715 Villa
1414 2687 1531 2716 nostra
1546 2682 1742 2722 Criditonie,
1754 2685 1797 2714 ut
1807 2681 1844 2714 in

466 2733 630 2764 facultate
649 2731 877 2764 Grammatica
899 2729 1070 2771 generales
1092 2731 1129 2760 et
1150 2727 1301 2769 publicas
1323 2728 1406 2759 inibi
1428 2727 1541 2759 Scolas
1562 2736 1667 2768 regas,
1683 2728 1719 2758 et
1740 2725 1846 2757 infor-

466 2776 616 2807 macione
631 2777 692 2807 tua
709 2774 825 2806 sedula
839 2774 955 2807 Lumen
972 2772 1109 2804 uberius
1124 2771 1349 2812 intelligencie
1363 2770 1406 2802 ad
1422 2774 1456 2802 te
1470 2770 1612 2812 juvenes
1626 2771 1845 2811 properantes

466 2819 643 2860 adquirere
670 2819 733 2850 sibi
749 2818 884 2849 valeant
909 2816 1154 2857 scripturarum
1170 2818 1315 2856 optentu
1341 2814 1521 2855 profectus,
1536 2823 1639 2855 quem
1662 2812 1698 2845 in
1720 2811 1845 2844 nostris

469 2863 646 2903 presertim
674 2861 820 2893 subditis
842 2871 902 2902 per
925 2863 961 2892 te
983 2869 1157 2900 speramus
1179 2858 1339 2899 subsequi
1361 2857 1508 2889 corditer
1529 2860 1565 2889 et
1587 2859 1756 2898 optamus,
1780 2854 1845 2888 tibi

467 2906 566 2938 liceat
581 2905 777 2937 commorari
794 2904 983 2945 specialiter
996 2902 1220 2942 indulgemus.
1259 2901 1430 2941 Ceterum,
1446 2900 1614 2942 quoniam,
1627 2902 1669 2932 ut
1679 2897 1855 2931 intellexi-2

467 2960 554 2988 mus,
577 2948 715 2990 plurimi
737 2951 851 2980 nostre
875 2946 1031 2986 Diocesis,
1048 2946 1116 2977 odii
1137 2945 1217 2977 felle
1231 2948 1267 2977 et
1282 2944 1407 2976 invidie
1430 2943 1601 2983 maculati,
1627 2943 1661 2975 in
1682 2942 1848 2975 facultate

467 2992 606 3035 prefata,
624 3002 701 3024 cum
725 3002 792 3023 non
815 2990 894 3031 sint,
911 2989 1027 3023 sciolos
1042 2999 1077 3021 se
1093 2988 1267 3030 fingentes,
1280 2988 1462 3032 ,Magistros
1477 2997 1561 3030 quos
1576 2988 1751 3029 provectos
1773 2994 1845 3021 0080
