1988 3256
468 370 764 405 REGISTRUM
800 367 1269 405 COMMUNE—-ANNO
1307 358 1368 403 3⁰.
1613 356 1706 401 301

160 475 238 537 fg}
275 477 374 516 East
392 477 599 528 Allington
613 490 624 525 3
644 476 894 527 Gontumacy
912 476 991 514 and
1011 474 1248 513 submission
1268 475 1310 512 of
1327 473 1396 512 the
1417 474 1629 520 Rector,--

162 543 228 571 v01,
242 532 314 572 1,[i]
331 531 630 571 ExcellentissimO,
646 534 720 570 etc„
739 531 883 562 Domino
901 530 1076 569 Edwardo,
1093 534 1167 568 etc„
1183 528 1218 560 in
1239 527 1441 560 Cauoellaria
1464 539 1535 567 sua,
1552 528 1709 568 Thomas,

315 579 389 616 etc.,
417 575 573 614 salutem,
596 575 804 607 etc—Licet
825 574 907 606 alias
928 573 1136 605 Excellencie
1160 576 1270 604 vestre
1292 572 1507 604 rebellionem
1531 572 1710 613 cujusdam

315 619 454 652 Roberti
469 619 658 659 Trethewy,
670 619 820 650 Rectoris
836 618 980 649 Ecelesie
995 617 1037 648 de
1053 617 1258 658 Alyngtone‚
1272 616 1580 656 significaverimus,
1594 620 1711 647 contra

316 664 428 705 ipsum
444 662 602 694 secularis
618 662 744 694 brachii
760 661 926 694 auxilium
942 661 1137 700 invocando,
1155 664 1190 691 et
1203 660 1315 691 dictus
1334 660 1501 691 liobertns
1517 659 1561 690 ad
1577 659 1710 700 Signifi-

316 707 483 739 cacionem
499 709 650 738 nostram
668 705 865 747 hujusmodi
882 716 940 746 per
957 706 1062 736 Breve
1078 708 1230 735 vestrum
1247 703 1389 744 Regium
1406 703 1559 734 extiterit.
1575 703 1710 734 carceri-

318 751 381 783 bus
393 750 604 792 mancipatus
620 760 630 787 3
646 760 774 789 verum,
791 749 871 791 quia
883 748 1035 788 prefatus
1048 748 1228 785 Rubertus,
1240 748 1281 778 ad
1296 748 1419 779 Sancte
1432 745 1553 778 Matris
1565 746 1712 778 Ecclesie

316 795 483 836 gremium
499 794 640 833 rediens,
655 804 676 825 a.
691 793 869 825 Sentencia
892 791 1258 825 Excommunimcionis
1282 791 1429 833 Mnjoris,
1446 801 1513 832 qua
1529 801 1587 831 per
1603 801 1711 822 unum

317 848 445 870 annum
469 841 504 869 et
527 837 626 875 ultra,
651 839 789 878 propter
811 836 1040 868 contumacias
1063 846 1140 867 suas
1163 838 1198 866 et
1220 835 1362 866 offensas
1384 835 1560 866 involutus
1583 834 1710 874 extitit,

319 882 497 914 humilime
511 892 531 912 a
547 881 643 912 nobis
660 881 758 922 petiit
773 891 808 912 se
823 880 951 912 absolvi
968 890 976 918 ;
1002 889 1130 921 nosque
1146 879 1290 910 eundem
1307 878 1354 910 sic
1371 881 1554 919 petentem,
1571 882 1606 909 et
1620 877 1711 919 jura-

320 929 475 958 mentum
491 925 660 966 corporale
675 925 718 956 de
733 934 772 956 eo
789 924 830 955 de
845 924 994 965 parendo
1008 923 1079 965 juri
1095 926 1132 954 et
1150 922 1317 955 Mandatis
1334 921 1480 954 Ecclesie
1503 921 1711 963 recipientes,

320 972 458 1011 propter
473 968 669 1000 rebelliones
684 979 762 1000 suas
777 971 813 999 et
828 968 1056 999 contumacias
1071 975 1314 1008 quascumque,
1333 976 1353 997 a
1369 965 1547 998 Sentencia
1563 965 1713 1006 predicta

321 1012 526 1045 absolvimus
543 1012 580 1044 in
596 1012 711 1043 debita
722 1011 810 1053 juris
821 1011 930 1043 forma
943 1021 952 1049 ;
970 1010 1172 1043 Celsitudini
1189 1010 1291 1051 Regie
1306 1009 1535 1051 supplicamus
1551 1009 1713 1051 quatinus

322 1068 382 1099 pro
395 1056 592 1088 liberacione
603 1055 726 1097 prefati
739 1055 877 1087 Roberti
888 1056 923 1086 in
934 1055 996 1086 hac
1006 1057 1111 1095 parte,
1125 1057 1166 1085 ut
1174 1054 1275 1085 moris
1286 1056 1348 1092 est,
1359 1053 1518 1085 mandare
1528 1053 1715 1094 dignemini

321 1100 476 1142 graciose.
522 1099 735 1141 Maiestatem
752 1099 891 1140 Regiam
906 1098 964 1130 diu
981 1102 1016 1130 et
1031 1098 1177 1130 feliciter
1191 1100 1368 1129 conservet
1383 1100 1418 1129 et
1433 1097 1556 1138 dirigat
1571 1097 1606 1128 iu
1622 1107 1713 1137 pros-

323 1144 411 1185 peris
426 1144 499 1176 Rex
516 1143 685 1175 Eternus!
704 1143 808 1183 (same
824 1142 929 1182 date).

281 1187 335 1229 [ii]
358 1187 575 1220 Presentibus
598 1187 755 1219 noverint.
778 1186 925 1218 universi
947 1186 1049 1227 quod,
1065 1195 1143 1218 cum
1159 1184 1326 1216 Dominus
1343 1184 1510 1217 Robertus
1525 1185 1715 1227 Toethewy,

325 1232 446 1264 Rector
470 1230 615 1263 Ecclesie
637 1230 680 1262 de
708 1230 909 1272 Alyngtone,
934 1233 1072 1271 propter
1094 1228 1292 1261 rebelliones
1322 1239 1400 1260 suas
1426 1232 1461 1260 et
1487 1229 1716 1261 contumacias

325 1285 437 1307 eoram
457 1274 564 1313 nobis,
587 1273 726 1313 Thomu,
743 1278 816 1313 etc„
834 1273 1052 1315 personaliter
1073 1283 1278 1314 comparens,
1294 1272 1454 1304 submisit
1476 1283 1511 1304 se
1534 1273 1658 1304 nostris
1681 1275 1717 1305 et

327 1318 473 1351 Ecclesie
483 1317 760 1350 Ordinacionibus
776 1320 811 1349 et
827 1317 1005 1357 Mandatis,
1018 1327 1056 1348 ac
1071 1327 1106 1348 se
1121 1327 1140 1347 a
1154 1316 1334 1348 Senteneia
1348 1316 1717 1348 Excommunicacionis

327 1362 475 1404 Maioris,
498 1372 566 1403 qua
596 1372 656 1402 per
678 1371 786 1393 unum
814 1371 942 1392 annum
969 1364 1005 1392 et
1035 1360 1135 1398 ultra,
1163 1363 1301 1401 propter
1330 1360 1558 1392 contumacias
1580 1371 1659 1393 suas
1681 1364 1717 1392 et

327 1406 478 1445 offensas,
501 1405 567 1437 rite
589 1405 772 1436 innodatus
794 1405 920 1444 extitit,
939 1404 1074 1446 petierit
1096 1414 1131 1435 se
1153 1404 1292 1443 absolvi,
1311 1404 1442 1435 dictum
1458 1404 1656 1444 Robertum,
1673 1404 1716 1436 ad

328 1450 451 1482 Sancte
474 1448 593 1480 Matris
616 1448 761 1480 Ecclesie
782 1448 948 1490 gremium
970 1447 1147 1480 humilime
1170 1448 1378 1483 redeuntem.
1402 1458 1421 1479 a
1443 1448 1622 1480 Seutencia
1643 1459 1716 1490 pre-

327 1493 418 1525 dicta
432 1492 638 1524 absolvimus
652 1492 687 1524 in
704 1492 812 1524 forma
828 1491 974 1524 Ecclesie
989 1495 1158 1531 consueta,
1175 1494 1211 1522 et
1233 1491 1297 1523 sibi
1320 1491 1545 1532 penitenciam
1568 1491 1716 1534 injunxi-

329 1547 415 1576 mus,
432 1546 534 1578 quam
550 1536 671 1575 eidem,
693 1536 880 1567 secundum
899 1535 1023 1574 Deum‚‘
1036 1535 1147 1567 anime
1162 1545 1222 1566 sue
1244 1535 1359 1574 saluti,
1377 1535 1524 1567 vidimus
1539 1536 1718 1578 injungen-

327 1581 418 1619 dam,
437 1583 472 1612 et
486 1590 589 1622 quam
609 1579 699 1611 idem
724 1579 891 1611 Robertus
906 1579 994 1611 bona
1010 1579 1075 1610 fide
1090 1582 1306 1620 peracturum
1330 1578 1474 1610 fideliter
1496 1589 1531 1610 se
1554 1580 1718 1620 promisit.

329 1624 534 1663 monuimus,
549 1623 698 1664 insuper,
716 1623 862 1655 eundem
878 1623 969 1665 quod
987 1622 1030 1654 de
1044 1627 1154 1654 cetero
1170 1633 1205 1654 se
1220 1622 1389 1654 abstineat
1412 1633 1432 1654 a
1453 1623 1578 1655 carnali
1601 1623 1720 1664 copula.

328 1671 365 1700 et
394 1667 699 1699 communioacione
725 1669 881 1708 suspecta
912 1677 989 1698 cum
1020 1666 1186 1698 Milsanda
1216 1666 1257 1697 de
1289 1666 1406 1706 Ertha,
1435 1667 1575 1698 muliere
1597 1668 1719 1707 soluta,

328 1714 444 1743 nostre
459 1711 617 1751 Diocesis,
633 1711 697 1742 sub
713 1721 798 1752 pena
814 1710 882 1750 Os„
901 1710 1038 1742 Fabrice
1055 1709 1200 1741 Ecclesie
1215 1712 1330 1742 nostre
1354 1710 1552 1742 Exoniensis
1575 1711 1720 1742 fideliter

0 1747 8 1802 ξ
329 1754 632 1797 applicandorum3
654 1754 697 1786 ab
714 1755 806 1786 omni
829 1754 1027 1786 execucione
1051 1751 1203 1785 ulteriori
1225 1759 1341 1785 contra
1363 1754 1510 1786 eundem
1533 1754 1720 1787 Robertum

0 1812 4 1833 ι
331 1798 570 1840 premissorum
586 1798 755 1830 occasione
771 1797 923 1830 facienda
937 1797 1204 1839 supersedemus,
1228 1801 1264 1829 et
1288 1807 1346 1839 per
1368 1801 1500 1830 nostros
1517 1798 1719 1830 Commissa-

329 1842 397 1874 rios
420 1851 652 1884 quoscumque
678 1841 887 1883 supersederi
913 1841 1082 1881 volumus,
1108 1851 1285 1883 quousque
1307 1841 1405 1873 aliter
1427 1842 1471 1873 de
1493 1852 1532 1873 eo
1554 1842 1720 1874 fuerimus

330 1885 506 1918 informati
523 1885 629 1926 (same
644 1885 748 1924 date).

175 1959 239 2022 {2¹5-
282 1961 550 2001 Convocation
567 1975 578 2010 ;
606 1962 844 2000 ilsandatum
857 1975 934 2010 pro
956 1961 1238 2001 Convocacione
1259 1961 1434 2009 Cleri,—

288 2016 493 2055 Reverendo,
511 2019 590 2054 etc„
605 2016 746 2056 Thome,
764 2019 840 2056 etc.‚
858 2017 974 2048 Simon
991 2015 1048 2056 [de
1064 2016 1249 2057 SudburyJ,
1266 2016 1484 2057 permissione
1498 2016 1620 2049 Divina
1634 2017 1720 2049 Lon·

332 2059 502 2092 doniensis
518 2059 713 2101 Episcopus,
729 2060 884 2099 salutem,
901 2060 1141 2091 ete—Literna
1157 2059 1374 2100 Venerabilis,
1390 2064 1467 2099 etc.²
1487 2061 1622 2092 Domini
1642 2061 1720 2092 Wil-

327 2103 421 2136 lelmi
437 2102 495 2145 [de
513 2103 728 2144 Wytleseye],
745 2103 807 2135 Dei
822 2103 931 2144 gracia
947 2103 1200 2135 Cantuarieusis
1223 2103 1483 2145 Archiepiscopi,
1501 2107 1576 2143 etc„
1593 2105 1649 2146 iij⁰
1665 2104 1720 2136 die

333 2147 413 2179 Maii
428 2147 624 2188 recepimus,
641 2147 676 2179 in
692 2146 754 2178 hec
770 2147 1124 2186 verba,—Willelmus,
1141 2147 1338 2180 etc—Cum
1351 2157 1461 2187 nos,—
1468 2151 1604 2190 propter
1617 2149 1723 2180 ardua

333 2191 478 2232 quedam
495 2201 603 2231 nuper
617 2201 729 2222 coram
745 2190 850 2230 nobis,
865 2191 1057 2229 Londoniis,
1067 2191 1161 2222 vobis
1177 2190 1292 2230 eciam,
1308 2194 1344 2222 et
1360 2191 1531 2223 nonnullis
1547 2191 1619 2223 aliis
1637 2192 1721 2223 con-

182 2234 232 2261 sol·
336 2234 499 2266 fratribus
514 2237 550 2265 et
565 2234 791 2275 Suffraganeis
813 2234 937 2266 nostris
959 2244 998 2266 ac
1020 2234 1161 2266 Prelatis
1177 2237 1290 2266 nostre
1313 2234 1566 2267 cantuariensis
1583 2236 1722 2267 Provin—

181 2269 224 2295 36.
338 2277 397 2317 cie,
413 2280 497 2309 tunc
513 2277 637 2309 ibidem
662 2277 799 2309 insimul
822 2277 1029 2318 congregatis
1052 2280 1088 2310 et
1110 2278 1331 2319 presentibus,
1348 2279 1500 2319 exposita
1515 2282 1551 2310 et
1564 2282 1720 2317 tractata,

337 2324 477 2360 statum,
488 2321 732 2360 necessitatem,
745 2323 780 2353 et
797 2321 982 2353 utilitatem
997 2321 1106 2353 tocius
1121 2321 1304 2362 Anglieane
1320 2321 1476 2361 Ecclesie,
1488 2322 1723 2361 singularium-

338 2375 405 2405 que
428 2365 660 2403 Personarum,
684 2368 719 2396 et
742 2365 918 2406 presertim
950 2365 1268 2402 Ecclesiasticarum,
1292 2365 1446 2406 ejusdem
1477 2366 1724 2405 cwcernencia,

339 2418 576 2449 summamque
592 2408 812 2440 celleritatem
825 2407 898 2448 (εἰσ)
921 2411 956 2439 et
979 2408 1119 2440 celerem
1142 2408 1395 2450 expedicionem
1418 2409 1726 2450 requirencia‚—de

335 2451 507 2483 communi
522 2451 660 2483 consilio
674 2454 710 2483 et
725 2462 862 2483 assensu
878 2452 997 2483 vestris
1012 2455 1047 2483 et
1063 2452 1213 2492 ipsorum
1229 2452 1276 2484 sic
1291 2456 1569 2493 congregatorum
1592 2457 1627 2484 et
1649 2463 1723 2494 pre·

338 2495 498 2534 sencinm,
523 2495 695 2526 universos
725 2495 921 2527 Confratres
944 2498 979 2526 et
1002 2496 1235 2536 Suffmganeos
1267 2499 1409 2534 nostros,
1433 2506 1618 2538 omnesque
1644 2497 1726 2528 alios

341 2538 491 2570 Prelatos
517 2541 553 2570 et
579 2538 676 2570 Viros
703 2538 950 2570 Ecclesiasticos
976 2538 1067 2571 dicte
1097 2542 1211 2570 nostre
1242 2539 1424 2578 Provincie,
1450 2543 1522 2571 tam
1552 2544 1727 2581 exemptos

339 2591 443 2623 quam
469 2591 536 2612 non
559 2585 743 2623 exemptos,
770 2582 947 2622 presertim
968 2581 1057 2614 bona
1079 2585 1114 2614 et
1137 2582 1302 2614 Beneficia
1325 2583 1555 2615 Ecclesiastica
1578 2594 1645 2615 non
1668 2594 1725 2615 ex-

342 2628 457 2665 empta
478 2625 514 2656 in
537 2628 653 2656 nostra
676 2625 910 2657 Cautum-iensi
934 2626 1109 2657 Provincia
1131 2626 1281 2667 predicta
1303 2626 1506 2667 optinentes,
1529 2637 1566 2658 ac
1590 2627 1728 2659 Clerum

341 2671 535 2700 nostrarum
551 2668 717 2706 Civitatis,
735 2669 893 2706 Diocesis,
909 2671 945 2701 et
962 2669 1134 2700 Provincie
1151 2669 1358 2711 hujusmodi,
1375 2680 1476 2710 super
1489 2670 1634 2711 negociis
1651 2681 1724 2712 pre-

342 2711 442 2743 dictis
469 2721 536 2742 una
557 2711 731 2743 nobiscum
755 2715 969 2751 tractaturos,
993 2713 1035 2744 ad
1058 2712 1148 2743 diem
1171 2716 1207 2744 et
1230 2713 1340 2744 locum
1363 2713 1594 2755 infrascriptos
1617 2724 1728 2746 coram

343 2754 439 2786 nobis
454 2754 638 2786 evocandos
661 2756 916 2794 decreverimus,
940 2759 1042 2795 statu,
1066 2756 1274 2796 necessitate,
1298 2760 1333 2787 et
1357 2756 1506 2788 utilitate
1529 2758 1729 2798 urgentibus

342 2798 577 2839 suprascriptis
595 2808 605 2836 3
636 2798 855 2830 Fraternitati
878 2802 988 2831 vestre
1011 2799 1256 2831 committimus
1279 2802 1314 2830 et
1337 2800 1537 2832 mandamus
1567 2800 1729 2841 quatinus

343 2841 464 2880 citetis,
480 2851 540 2872 seu
563 2841 660 2873 citari
682 2842 822 2881 faciatis,
844 2842 1076 2883 peremptorie,
1092 2842 1306 2874 venerabiles
1330 2842 1474 2883 Fmtrae,
1498 2844 1730 2885 coepiscopos,

343 2887 381 2916 et
396 2884 629 2925 Suffraganeos
644 2889 776 2917 nostros
791 2885 974 2925 universos,
998 2888 1033 2917 et
1056 2896 1115 2927 per
1137 2896 1194 2917 eos
1216 2885 1376 2925 Abbates‚
1397 2887 1535 2927 Priores,
1553 2892 1588 2919 et
1603 2892 1731 2920 ceteros

345 2927 569 2960 Ecclesiamm
585 2927 745 2968 Pteleum,
761 2931 935 2970 exemptos
950 2931 985 2961 et
1000 2939 1068 2960 non
1084 2932 1269 2970 exemptos,
1289 2933 1500 2972 memoratos,
1514 2931 1732 2972 Decanosque

347 2969 413 3013 [et]
429 2970 619 3013 Prepositos
638 2971 896 3006 Cathedralium
918 2976 954 3004 et
978 2972 1239 3016 Collegiatarum
1263 2972 1487 3008 Ecclesiarum
1510 2978 1624 3007 nostre
1647 2974 1732 3009 can-
