1988 3256
0 2316 18 2463 Τ-Ρν-,τν-
0 2259 2 2261 ’

126 462 165 490 Δ.
166 462 206 491 Ι).

127 495 237 558 ξιῗῖιῗῗ.

138 1949 187 1977 sol.
201 1949 264 1976 wb.

465 361 757 396 numerium
783 361 1000 396 COMMUN
1009 361 1243 395 s—ANNo
1270 350 1333 396 4⁰.
1572 350 1667 396 325

284 466 474 506 Apostolica
489 477 555 508 qua
571 466 747 507 fungimur
761 464 796 497 in
813 465 876 498 hac
890 468 996 507 parte,
1012 464 1258 498 committimus
1280 467 1318 497 et
1338 464 1374 496 in
1396 464 1525 497 virtute
1544 466 1667 498 Sancte

282 509 482 542 obediencie
497 521 535 541 ac
549 509 735 560 juramenti
752 510 895 550 prestiti,
918 509 1043 551 quibus
1058 509 1148 541 dicte
1165 509 1244 541 Sedi
1260 509 1434 548 tenemini,
1450 519 1528 540 cum
1545 520 1584 541 ea
1598 519 1667 551 qua

283 554 379 585 decet
393 554 581 585 reverencia
597 553 739 585 firmiter
753 553 971 595 injungendo,
989 553 1188 584 mandamus
1201 553 1363 595 quatinus
1372 563 1487 584 omnes
1502 555 1539 585 et
1553 553 1665 594 singu-

282 590 331 628 los
346 597 488 636 fructus,
513 597 676 634 redditus,
700 601 736 628 et
758 601 943 638 proventus
965 597 1134 628 dictorum
1158 596 1412 636 Beneficiorum,
1435 599 1608 638 presentes
1631 601 1667 628 et

282 645 513 682 proventuros,
529 651 614 682 quos
630 641 664 671 in
682 641 746 672 hiis
763 641 902 682 Scriptis
917 644 1177 691 sequestramus,
1194 650 1252 671 vos
1267 640 1371 672 eciam
1386 641 1616 681 sequestretis,
1631 643 1668 673 et

281 684 410 716 faciatis
426 685 561 716 realiter
575 685 786 726 sequestrari,
803 688 839 716 et
854 684 933 725 poni
948 685 989 715 ad
1008 695 1128 715 manus
1145 683 1282 715 Domini
1304 684 1412 715 nostri
1435 685 1534 725 Pape,
1551 687 1587 715 et
1602 685 1667 716 sub

281 732 355 760 arta
371 729 542 770 Sequestri
557 728 711 760 custodia
726 728 834 760 teneri
849 731 1085 769 sequestratos,
1095 729 1200 759 donec
1211 728 1254 759 de
1266 727 1406 769 prefatis
1417 728 1669 778 quantitatibus

282 773 351 804 sive
366 772 508 804 summis
523 772 629 804 fuerit
643 772 751 803 eidem
769 772 908 804 Camere
923 771 1052 812 integre
1067 771 1304 808 satisfactum;
1326 771 1465 812 moneri,
1482 771 1668 803 nichilomi-

283 827 357 855 nus,
375 816 491 857 primo,
508 816 665 855 secundo,
682 819 717 847 et
732 816 835 847 tercio
850 826 889 847 ac
905 815 1129 856 peremptorie
1151 815 1312 847 facientes
1335 825 1451 846 omnes
1467 818 1503 847 et
1517 815 1668 856 singulos

283 859 452 891 dictorum
483 859 725 891 Beneficiorum
749 870 952 900 possessores
976 859 1027 890 vel
1051 858 1254 898 detentores,
1277 869 1336 890 seu
1360 863 1592 899 procuratores
1615 870 1668 891 eo-

283 903 438 936 rundem.
455 914 583 934 necnon
601 903 783 944 Religiosos
798 907 834 934 et
849 903 940 942 alios,
956 913 1101 944 quorum
1127 902 1263 933 nomina
1286 905 1322 933 et
1343 912 1475 934 summe
1499 914 1558 944 per
1579 903 1670 944 ipsos

283 947 397 978 debite
413 947 554 978 inferius
570 947 818 986 describuntur,
831 947 865 978 in
890 947 1039 987 personis
1061 946 1211 987 ipsorum
1235 946 1386 987 propriis,
1403 946 1431 978 si
1446 947 1669 988 reperiantur,

283 991 365 1022 alias
379 991 413 1022 in
431 991 580 1032 ipsorum
596 990 769 1022 Beneficiis
784 1001 843 1022 seu
860 990 1047 1029 domiciliis,
1063 1000 1147 1031 quos
1163 1000 1232 1029 nos,
1250 990 1364 1029 eciam,
1377 990 1496 1031 primo,
1512 991 1671 1029 secundo,

285 1039 320 1065 et
335 1034 438 1066 tercio
452 1045 490 1065 ac
507 1034 739 1075 peremptorie,
756 1038 872 1065 tenore
890 1035 1102 1065 Presencium
1120 1033 1323 1074 requirimus
1339 1037 1375 1065 et
1390 1044 1568 1066 monemus
1579 1035 1671 1075 quod

286 1081 510 1119 compareant,
523 1082 558 1109 et
574 1081 766 1119 compareat
781 1088 897 1109 eorum
922 1077 1076 1118 quilibet,
1100 1087 1211 1108 coram
1227 1077 1334 1116 nobis,
1350 1077 1385 1108 in
1402 1077 1512 1109 Domo
1528 1078 1671 1109 Habita—

284 1122 387 1153 ciouis
403 1127 526 1160 nostre,
544 1122 736 1160 Londoniis,
751 1119 817 1163 vjt⁰
832 1121 886 1153 die
899 1121 920 1153 J
924 1121 1049 1152 uridico
1062 1124 1138 1162 post
1150 1121 1362 1160 Quindenam
1380 1121 1506 1153 Pasche
1520 1122 1674 1163 proximo

285 1165 437 1197 futuram
456 1176 464 1204 ;
495 1166 590 1204 dicti,
616 1165 781 1204 videlicet,
805 1175 1019 1206 possessores,
1048 1166 1252 1204 detentores,
1280 1175 1338 1196 seu
1368 1170 1608 1205 procuratores,
1631 1166 1674 1197 de

285 1209 426 1240 summis
442 1220 500 1240 seu
517 1209 768 1250 quantitatibus
792 1209 961 1249 predictis,
978 1208 1115 1240 nomine
1137 1208 1226 1240 dicte
1249 1208 1412 1246 Camere;
1437 1209 1569 1249 prefati,
1585 1219 1675 1249 ver0‚

287 1253 445 1293 Religioni
467 1256 502 1284 et
523 1253 626 1284 ceteri
647 1253 689 1283 de
712 1252 1004 1294 procuracionibus
1028 1262 1087 1293 per
1109 1252 1198 1292 ipsos
1219 1252 1316 1283 nobis
1339 1252 1463 1284 debitis
1486 1256 1588 1294 prout
1603 1264 1675 1294 pre-

287 1297 386 1327 missa
401 1296 490 1337 ipsos
506 1299 724 1336 concernunt,
747 1296 973 1327 communiter
995 1296 1048 1327 vel
1071 1296 1215 1334 divisim,
1240 1295 1335 1327 nobis
1359 1295 1505 1336 plenarie
1527 1297 1676 1328 satisfac-

287 1340 369 1379 turi,
386 1340 438 1371 vel
454 1350 570 1371 causas
593 1340 817 1378 racionabiles,
841 1339 869 1371 si
892 1350 976 1381 quas
998 1339 1155 1373 habeant.
1180 1339 1396 1389 proposituri
1401 1340 1435 1371 in
1451 1339 1560 1372 forma
1578 1339 1677 1382 juris,

287 1394 390 1425 quare
406 1384 447 1415 ad
465 1383 730 1415 satisfaccionem
753 1364 951 1423 huj’usmodi
974 1382 1088 1414 debite
1111 1382 1297 1414 faciendam
1315 1383 1453 1414 minime
1469 1387 1676 1422 teneantur;

287 1427 351 1458 sub
366 1437 449 1468 pena
470 1427 836 1458 Excommunicacionis
852 1426 998 1468 Majoris‚
1013 1437 1115 1467 quam
1139 1426 1172 1457 in
1196 1426 1345 1467 ipsorum
1368 1427 1552 1468 singulares
1569 1438 1677 1469 perso-

289 1482 358 1510 nas,
375 1474 410 1502 et
425 1471 461 1502 in
478 1470 635 1511 Capitula
651 1475 687 1502 et
702 1470 849 1511 Collegia
864 1470 1100 1511 Suspensionis
1123 1481 1142 1501 a
1166 1470 1308 1509 Divinis,
1326 1470 1425 1511 culpa
1439 1481 1497 1502 seu
1515 1481 1610 1503 mora
1625 1482 1678 1503 eo·

288 1514 430 1546 rundem
450 1514 730 1555 precedentibus
720 1524 754 1545 m
772 1514 834 1546 hac
856 1518 962 1555 parte,
978 1514 1136 1555 dictaque
1153 1513 1321 1546 canonica
1336 1517 1371 1545 et
1387 1514 1476 1546 trina
1491 1508 1680 1547 Monicione

289 1558 460 1599 premissa,
479 1568 612 1589 exnunc
628 1561 730 1598 prout
745 1562 870 1590 extunc
883 1557 1023 1588 ferimus
1046 1557 1080 1589 in
1104 1557 1170 1589 hiis
1192 1557 1358 1598 Scriptis3
1382 1558 1591 1600 ulteriusque
1614 1559 1679 1590 fac—

289 1603 359 1633 turi
375 1605 410 1633 et
425 1601 604 1642 recepturi,
621 1605 684 1633 etc.
733 1601 831 1641 Item,
849 1601 950 1632 simili
966 1602 1068 1632 modo
1089 1599 1126 1632 et
1149 1601 1257 1632 forma
1274 1601 1378 1641 vobis,
1395 1604 1430 1633 et
1445 1605 1598 1634 vestrum
1611 1603 1680 1634 cui-

290 1645 385 1684 libet,
405 1645 651 1676 committimus
666 1648 702 1676 et
718 1646 918 1676 mandamus
933 1644 1096 1686 quatinus
1111 1645 1245 1676 fructus
1267 1648 1303 1676 et
1327 1649 1512 1686 proventus
1527 1646 1680 1684 omnium

289 1693 325 1720 et
339 1689 548 1729 singulorum
575 1689 841 1720 Beneficiorum'
830 1699 865 1720 m
883 1688 1002 1720 vestris
1026 1688 1182 1726 Ecclesia,
1203 1688 1359 1728 Civitate,
1384 1691 1419 1720 et
1441 1689 1572 1721 Diocesi
1596 1691 1681 1722 Exo

290 1733 354 1771 nie,
370 1743 390 1764 a
405 1738 466 1764 xv⁰
481 1732 651 1764 Kalendas
678 1732 792 1763 Marcii
808 1731 864 1773 [15
882 1732 958 1764 Feb
963 1731 986 1771 ],
1005 1732 1225 1763 pontificatus
1248 1732 1386 1763 Domini
1408 1733 1515 1764 nostri
1531 1733 1682 1775 Gregorii

291 1777 378 1817 Pape
394 1774 484 1808 XImi
501 1777 600 1808 Anno
615 1776 733 1817 primo,
750 1776 843 1815 citra,
860 1776 1074 1807 Auctoritate
1096 1775 1289 1816 Apostolica
1300 1775 1352 1807 vel
1369 1776 1396 1807 Ῐ
1397 1779 1571 1817 egatorum
1595 1777 1680 1819 ejus,

289 1830 347 1852 seu
365 1820 444 1851 alias
460 1820 527 1851 de'
517 1820 622 1861 ipsius
641 1820 776 1851 Domini
792 1819 900 1850 nostri
917 1820 1004 1861 Pape
1016 1819 1186 1859 Mandato,
1196 1819 1403 1860 collatorum,
1417 1823 1453 1852 et
1466 1824 1680 1862 preterquam

290 1864 324 1895 in
341 1864 449 1895 forma
467 1874 652 1904 pauperum
669 1864 711 1894 ab
727 1863 986 1904 expectantibus
1008 1866 1268 1904 acceptatorum,
1292 1865 1510 1904 sequestretis
1537 1868 1572 1897 et
1587 1865 1681 1897 reali-

291 1910 343 1939 ter
359 1907 489 1938 faciatis
505 1907 707 1957 sequestrari
722 1917 760 1938 ac
776 1907 882 1938 teneri
899 1907 1040 1938 firmiter
1055 1906 1119 1938 sub
1142 1907 1334 1948 sequestro,
1351 1918 1528 1949 quousque
1551 1909 1592 1940 de
1617 1910 1681 1951 pri-

295 1951 359 1982 mis
375 1951 580 1982 fructubus'
571 1961 720 1991 ipsorum
736 1950 978 1982 Beneficiorum
996 1950 1074 1982 Sedi
1091 1950 1281 1991 Apostolice
1297 1951 1472 1983 reservatis
1494 1952 1603 1984 eidem
1620 1953 1681 1985 Ca

293 2005 392 2033 inere,
416 2005 475 2026 seu
499 1994 595 2026 nobis
617 1994 724 2035 ipsius
758 1994 903 2034 nomine,
926 1994 1031 2026 fuerit
1059 1992 1191 2034 integre
1220 1994 1460 2034 satisfactum3
1496 2000 1682 2036 monentes,

293 2038 408 2077 eciam,
434 2038 583 2079 ipsorum
608 2038 851 2069 Beneficiorum
875 2048 1077 2079 possessores
1106 2048 1222 2069 omnes
1245 2041 1281 2069 et
1302 2037 1462 2079 singulos,
1485 2049 1543 2071 seu
1567 2051 1683 2072 eorum

294 2085 524 2122 procuratores
541 2082 592 2113 vel
615 2085 839 2122 occupatores,
863 2081 1024 2123 quatinus
1047 2080 1143 2112 nobis
1166 2081 1374 2113 satisfaciant
1389 2082 1431 2113 de
1446 2082 1545 2115 dictis
1568 2085 1684 2125 primis

290 2125 471 2157 fructubus
486 2125 575 2157 infra
589 2125 822 2166 supradictum
839 2125 1035 2164 terminum,
1054 2124 1107 2156 vel
1122 2125 1202 2156 alias
1218 2130 1433 2164 compareant
1455 2136 1564 2158 coram
1589 2128 1686 2160 nobis

295 2170 329 2200 in
345 2169 436 2200 dicto
458 2169 614 2207 termino,
630 2169 806 2209 allegaturi
829 2172 864 2200 et
886 2168 1010 2200 facturi
1032 2169 1123 2210 quod
1146 2168 1252 2200 fuerit
1274 2169 1423 2209 racionis,
1446 2170 1511 2201 sub
1534 2171 1628 2211 penis
1651 2176 1687 2204 et

295 2212 474 2245 sentenciis
499 2212 744 2254 suprascriptis.
795 2212 980 2251 Mittentes,
999 2212 1113 2251 eciam,
1138 2211 1243 2251 nobis,
1269 2212 1367 2244 Pater
1390 2214 1580 2254 reverende,
1604 2215 1688 2247 citra

295 2257 426 2287 dictum
443 2257 640 2295 terminum,
656 2256 726 2288 ixli.
743 2266 787 2287 vs.
805 2237 1052 2297 sterlingorum,
1072 2266 1130 2296 per
1153 2266 1210 2287 vos
1233 2255 1424 2296 Apostolice
1441 2257 1580 2289 Camere
1595 2259 1687 2291 debi-

296 2304 350 2331 tos
367 2311 425 2340 pro
441 2300 595 2331 Denariis
612 2299 707 2331 Beati
723 2299 815 2331 Petri
827 2299 869 2330 de
884 2300 984 2331 Anno
1001 2299 1137 2330 Domini
1153 2299 1215 2330 Mo.
1235 2299 1365 2331 CCCm⁰
1379 2299 1501 2341 lxxiijo.
1548 2302 1594 2333 Et
1605 2303 1689 2344 quid

295 2344 330 2375 in
348 2343 520 2385 premissis
537 2343 682 2375 feceritis
697 2346 731 2374 et
749 2343 820 2374 fieri
835 2342 967 2375 faciatis
982 2353 1053 2381 nos,
1072 2343 1107 2373 in
1126 2342 1283 2384 Hospicio
1298 2346 1415 2375 nostro
1431 2345 1590 2384 predicto,
1607 2350 1687 2378 ante

297 2387 428 2418 dictum
443 2387 533 2418 diem
550 2386 750 2425 certificetis,
764 2386 924 2418 distincte
947 2390 982 2417 et
1003 2389 1128 2427 aperte,
1154 2397 1213 2427 per
1235 2386 1364 2418 Literas
1381 2391 1507 2419 vestras
1524 2392 1688 2429 patentes,

298 2430 436 2462 nomina
459 2430 702 2462 Beneficiorum
719 2430 775 2468 sic,
793 2433 833 2461 ut
848 2429 1070 2470 premittitur,
1087 2429 1286 2462 collatorum
1310 2433 1345 2461 et
1366 2434 1628 2472 acceptatorum,
1651 2444 1689 2465 ac

297 2474 400 2506 eciam
417 2474 554 2505 nomina
568 2477 604 2505 et
618 2474 816 2515 cognomina
831 2473 955 2514 quibus
967 2473 1164 2514 hujusmodi
1180 2473 1340 2505 Beneficia
1351 2474 1485 2513 collata,
1497 2478 1532 2506 et
1544 2486 1689 2517 quorum

297 2517 491 2549 nominibus
507 2520 680 2558 acceptata
702 2517 854 2555 fuerint;
878 2527 1017 2556 necnon,
1034 2516 1241 2548 execucionis
1265 2520 1374 2548 vestre
1396 2518 1510 2550 facte'
1500 2529 1535 2550 in
1552 2521 1689 2560 premis

298 2561 342 2592 sis
359 2561 498 2592 modum
514 2564 550 2592 et
564 2561 708 2592 formam
725 2560 855 2602 plenius
871 2541 1107 2599 contineiites;
1123 2563 1294 2601 presentes
1310 2563 1440 2592 nostras
1455 2562 1597 2602 Literas,
1612 2574 1690 2596 cum

299 2603 399 2636 dictis
414 2604 534 2636 vestris
551 2604 673 2636 Literis
688 2603 930 2636 certificatoriis
945 2604 1070 2635 eisdem
1093 2603 1242 2643 annexis,
1257 2606 1390 2636 retenta
1405 2606 1499 2646 copia
1514 2605 1690 2639 brevitatis

300 2658 399 2679 causa
414 2647 442 2678 si
458 2647 564 2688 magis
580 2647 764 2687 volueritis,
780 2647 1160 2680 remittentes—Dated
1178 2647 1330 2687 London,
1346 2649 1388 2680 20
1402 2649 1478 2681 Feb.

255 2690 449 2722 -Nomim
474 2691 709 2732 Beneficiorum
739 2690 1038 2732 sequestrandorum
1066 2691 1105 2722 de
1128 2689 1245 2732 quibus
1270 2700 1371 2731 supra
1394 2691 1437 2732 fit
1462 2692 1583 2725 mencio
1612 2699 1689 2727 sunt

300 2733 409 2773 hec-

258 2777 310 2808 De
326 2777 523 2809 Prehenda'
514 2787 549 2808 ιιι
566 2777 712 2810 Ecclesia
728 2777 908 2809 Exoniensi
923 2779 1045 2816 vestra,
1056 2777 1099 2808 de
1110 2787 1177 2818 qua
1189 2777 1258 2809 fuit
1269 2778 1453 2818 provisum,
1466 2789 1525 2820 per
1535 2784 1687 2822 expecta-

302 2821 442 2859 cionem,
458 2821 620 2861 Magistro
638 2821 782 2852 Henrico
801 2820 1015 2860 Whitefelde,
1031 2820 1198 2852 debentur
1213 2821 1355 2853 fructus.

258 2864 310 2896 De
333 2863 488 2896 Prioratu
514 2863 690 2896 deminie
711 2864 888 2904 debentur,
912 2875 972 2905 pro
993 2874 1107 2895 annuo
1129 2874 1231 2896 censu
1261 2864 1304 2895 de
1327 2865 1433 2897 Annis
1455 2865 1593 2899 Domini
1619 2866 1685 2900 ΜΟ.

303 2907 435 2940 CCCm0
451 2906 552 2948 lxxijo
567 2911 603 2940 et
618 2908 731 2946 tercio,
748 2907 811 2950 iij-r.

256 2950 451 2982 -Nomina
467 2951 701 2991 Reliyiosorum
718 2950 892 2983 monendor
896 2961 947 2982 um
964 2949 1004 2982 cle
1018 2950 1134 2992 quibua
1148 2961 1250 2993 supra
1263 2951 1301 2990 fit
1315 2954 1436 2984 mencio
1448 2957 1525 2984 eunt
1539 2953 1649 2994 hec,—
