1988 3256
288 333 384 378 280
485 345 586 379 THE
620 345 866 381 REGISTER.
900 347 963 379 or
994 346 1176 381 BISHOP
1206 347 1622 383 BRANTYNGHAM.

289 448 367 475 ΑΒ·
444 453 522 489 etc.,
549 451 706 493 ipsosque
735 452 885 484 Prelatos
916 455 951 484 et
981 452 1142 484 Personas
1166 452 1412 486 Ecclesiasticus
1434 454 1616 486 earundem
1639 456 1826 486 vestrarum

286 482 381 543 {2⁷1²}
447 494 604 527 Civitatis
630 498 666 527 et
692 496 848 536 Diocesis,
872 496 963 538 quod
989 497 1032 528 de
1057 497 1304 538 quadrantibus
1329 497 1527 539 hujusmodi
1548 497 1636 530 infra
1658 498 1827 529 dictorum

346 536 352 543 “
385 536 392 544 ’
445 537 546 570 xxxta
567 539 701 571 dierum
723 540 883 581 spacium,
907 543 1075 581 quatenus
1098 540 1140 571 ad
1164 551 1219 572 eos
1241 541 1375 580 attinet,
1400 541 1503 581 vobis,
1526 552 1585 573 seu
1609 541 1776 573 collectori
1793 541 1827 572 iu

451 582 513 613 hac
536 586 631 623 parte
654 594 712 623 per
735 594 793 615 vos
816 583 1021 625 deputando,
1038 594 1183 625 congrue
1205 584 1423 624 satisfaciant,
1440 585 1556 626 primo,
1572 585 1731 624 secundo,
1756 587 1830 622 etc„

443 626 607 658 moneatis
629 629 664 658 et
687 627 862 658 efficaciter
885 627 1063 667 inducatis,
1079 628 1143 659 sub
1166 628 1259 669 penis
1283 628 1536 660 Sentenciarum
1554 628 1829 660 Excommunica-

443 669 547 701 cionis
578 668 715 710 Majoris
745 681 848 711 quam
878 671 911 702 in
943 671 1092 712 singulas
1135 672 1306 709 Personas,
1337 675 1373 704 et
1401 672 1636 713 Suspensionis
1666 682 1767 713 quam
1792 671 1827 703 iu

441 713 598 753 Capitula
613 716 648 744 et
665 714 869 753 Conventus,
881 725 918 746 ac
935 714 1111 747 Interdicti
1127 725 1228 756 quam
1245 716 1279 747 in
1293 715 1454 747 Ecclesiae
1470 715 1618 757 ipsorum
1635 715 1695 756 qui
1711 714 1828 756 hujus-

443 757 535 788 modi
564 757 806 789 Monicionibus
838 758 1014 791 Canonicis
1045 759 1223 799 premissis,
1255 759 1344 790 infra.
1373 759 1541 791 dictorum
1573 757 1673 791 xxxi*
1694 758 1827 790 dierum

442 801 602 841 spacium,
626 811 771 842 quorum
802 801 917 833 decem
940 802 1010 833 dies
1042 813 1102 843 pro
1133 802 1248 843 primo,
1274 802 1354 834 alios
1377 804 1399 834 ‘x
1422 803 1493 834 dies
1525 813 1584 842 pro
1607 803 1765 838 secundm
1788 806 1825 833 et

442 843 588 885 reliquos
605 855 627 875 x
642 844 713 876 dies
731 855 789 886 pro
807 845 908 877 tercio
924 849 959 877 et
976 845 1198 887 peremptorio
1222 846 1367 878 terminu
1389 857 1427 877 ac
1451 846 1637 877 Monieione
1661 845 1827 878 Canonica

442 898 513 918 esse
530 887 686 919 volumus
702 891 738 919 et
759 888 977 929 assignamus,
994 900 1061 921 non
1084 890 1257 930 paruerint
1279 900 1358 921 cum
1380 890 1511 929 effectu,
1535 890 1623 929 dolo,
1640 900 1742 928 mora,
1765 899 1825 920 seu

445 931 544 972 culpa
559 931 708 971 ipsorum
728 932 992 972 precedentibus,
1011 943 1144 964 exnunc
1160 936 1262 974 prout
1277 937 1403 965 extunc
1419 933 1557 964 ferimus
1573 933 1608 964 in
1632 933 1695 964 hiis
1719 932 1827 973 Scrip-

444 975 498 1005 tis.
549 975 694 1016 Vosque,
714 975 828 1011 eciam.
846 979 962 1007 tenore
986 977 1211 1009 Presencium‚
1230 977 1347 1017 prim0,
1371 977 1528 1015 secundo,
1553 980 1632 1016 etc.‚
1653 986 1830 1007 monemus

442 1018 614 1059 quatinus,
642 1019 729 1050 infra
751 1018 852 1051 xxxia
880 1020 1012 1051 dierum
1038 1019 1187 1060 spacium
1219 1020 1326 1051 dictos
1353 1018 1452 1052 xxxta
1477 1020 1549 1051 dies
1571 1020 1754 1051 inmediate
1775 1030 1826 1050 se·

443 1065 586 1103 quentes
603 1061 684 1102 (sic),
702 1062 810 1094 dictos
825 1063 1030 1104 quadrantes
1053 1064 1095 1094 de
1118 1063 1213 1095 bouis
1235 1067 1271 1095 et
1295 1064 1468 1095 Beneficiis
1491 1074 1528 1095 ac
1544 1063 1698 1095 Personis
1716 1063 1825 1094 Eccle-

443 1105 585 1136 siasticis
611 1109 800 1138 vestrarum
826 1106 981 1138 Civitatis
1005 1109 1041 1138 et
1063 1107 1211 1138 Diocesis
1242 1107 1401 1148 predictis
1424 1107 1551 1138 levatos
1573 1118 1632 1138 seu
1657 1106 1825 1146 levandos,

442 1152 483 1180 ut
499 1149 678 1189 prefertur,
696 1160 763 1181 una
778 1160 856 1181 cum
874 1151 1027 1190 porcione
1044 1161 1101 1181 vos
1117 1150 1286 1182 occasione
1304 1151 1463 1191 premissa
1478 1151 1513 1182 in
1537 1150 1662 1182 eisdem
1681 1150 1828 1182 civitate

443 1195 479 1223 et
490 1192 620 1224 Diocesi
633 1193 859 1233 contingente,
876 1194 1018 1225 Domino
1031 1194 1187 1232 Roberto,
1204 1194 1338 1226 Rectori
1349 1194 1493 1225 Ecclesie
1503 1193 1704 1226 Parochialis
1714 1193 1830 1226 Sancti

444 1236 594 1276 Gregorii
611 1236 874 1276 Londoniarum,
891 1248 992 1278 quem
1012 1238 1227 1278 Receptorem
1245 1241 1398 1268 nostrum
1414 1237 1449 1269 in
1466 1237 1527 1269 hac
1545 1240 1638 1278 parte
1653 1237 1828 1278 deputavi-

443 1290 529 1318 mus,
540 1279 750 1320 integraliter
759 1281 999 1312 transmittatis
1009 1284 1044 1312 et
1057 1281 1198 1321 persolvi
1215 1281 1359 1312 fideliter
1369 1281 1507 1313 faciatis.
1538 1281 1697 1322 Alioquin
1711 1280 1745 1312 in
1760 1291 1827 1319 vos,

443 1323 497 1354 cui
513 1323 556 1354 ob
571 1324 794 1355 reverenciam
812 1324 1017 1355 Pontificalis
1033 1324 1218 1365 Dignitatis
1241 1325 1370 1355 deferre
1393 1325 1561 1364 convenit,
1579 1324 1747 1356 dictorum
1771 1334 1830 1356 sex

442 1366 574 1398 dierum
608 1367 772 1398 Canonica
803 1367 989 1399 Monieione
1019 1367 1188 1408 premissa,
1219 1378 1365 1409 quorum
1394 1378 1453 1399 sex
1483 1368 1615 1399 dierum
1645 1367 1732 1399 duos
1767 1378 1826 1408 pro

442 1410 560 1451 primo,
577 1410 661 1442 duos
679 1422 737 1451 pro
753 1411 911 1451 secundo,
930 1414 965 1443 et
979 1412 1126 1453 reliquos
1142 1412 1227 1443 duos
1252 1422 1311 1452 pro
1333 1411 1437 1443 tercio
1460 1415 1495 1443 et
1517 1411 1741 1453 peremptorio
1763 1414 1829 1443 ter-

444 1454 536 1485 mino
551 1464 588 1485 ac
605 1454 791 1485 Monieione
804 1455 980 1494 Canonica,
998 1466 1068 1486 esse
1080 1455 1235 1486 volumus
1248 1458 1282 1486 et
1294 1455 1397 1487 eciam
1410 1454 1628 1496 assignamus,
1640 1455 1828 1495 ingressum

446 1497 589 1528 Ecclesie
612 1497 868 1536 interdicimus;
891 1502 936 1537 et,
960 1498 988 1530 si
1015 1498 1213 1541 hujusmodi
1239 1498 1465 1530 Interdictum
1490 1509 1547 1539 per
1569 1498 1650 1530 alios
1672 1509 1731 1530 sex
1754 1498 1827 1530 dies

442 1541 682 1580 sustinueritis,
699 1552 758 1573 vos
773 1541 808 1573 in
826 1542 890 1573 hiis
914 1542 1063 1583 Scriptis,
1081 1542 1172 1573 dicta
1195 1542 1382 1573 Monieione
1407 1542 1575 1583 premissa,
1591 1541 1829 1583 suspendimus

444 1595 463 1616 a
487 1584 640 1619 Divinis;
666 1595 793 1624 verum,
810 1585 839 1616 si
862 1586 1009 1627 prefatas
1032 1585 1211 1617 Interdicti
1234 1589 1269 1617 et
1292 1586 1528 1627 Suspensionis
1551 1585 1746 1618 Sentencias
1770 1596 1830 1627 per

443 1628 525 1659 alios
541 1639 599 1659 sex
611 1628 682 1660 dies
698 1632 824 1660 extunc
845 1632 1025 1670 sequentes
1047 1629 1287 1668 sustinueritis,
1307 1629 1398 1670 quod
1413 1629 1511 1669 absit,
1527 1629 1638 1660 animo
1661 1629 1830 1668 indurato,

444 1672 478 1702 in
495 1682 554 1703 vos
570 1672 782 1713 presentibus
805 1672 946 1714 Scriptis
971 1672 1106 1714 Majoris
1130 1673 1495 1704 Excommunicaciouis
1518 1672 1731 1705 Sentenciam
1755 1683 1828 1714 pro-

444 1715 645 1756 mulgamus.
695 1716 731 1748 Si
748 1716 840 1757 quid,
865 1727 952 1756 vero,
971 1716 1059 1748 ultra
1082 1716 1190 1747 dictos
1213 1716 1305 1748 Mille
1329 1715 1459 1749 coctos
1473 1719 1509 1748 et
1531 1720 1618 1748 xxx*
1631 1716 1668 1758 iij
1686 1716 1827 1748 florenos

443 1759 534 1790 dicto
550 1759 683 1791 Nuncio
701 1759 892 1800 Apostolico
907 1760 1035 1791 solutos
1051 1763 1086 1791 et
1101 1770 1262 1801 expensas
1277 1760 1357 1791 alius
1372 1760 1572 1792 necessarias
1587 1760 1621 1791 in
1646 1760 1707 1791 hac
1723 1762 1828 1801 parte,

443 1803 486 1833 de
501 1802 600 1834 dictis
615 1803 861 1844 quadrantibus
877 1803 1035 1842 levandis,
1053 1807 1093 1835 ut
1110 1803 1331 1844 premittitur,
1348 1803 1520 1835 residuum
1542 1803 1646 1835 fuerit
1668 1813 1728 1835 seu
1751 1814 1827 1835 con·

445 1846 560 1886 tigerit
575 1857 755 1885 remanere,
772 1846 806 1877 id
823 1847 857 1878 in
873 1847 1137 1878 satisfaccionem
1154 1847 1377 1878 ducentorum
1393 1847 1595 1879 florenorum
1608 1847 1722 1879 Nobili
1737 1846 1828 1885 Viro,

446 1888 594 1920 Domino
623 1890 809 1921 Bertrando
836 1890 878 1921 de
905 1890 1059 1930 Verraco,
1089 1890 1171 1922 dicti
1195 1890 1331 1922 Domini
1357 1891 1462 1922 nostri
1486 1890 1575 1931 Pape
1597 1890 1773 1922 domicello
1794 1893 1831 1922 et

289 1931 338 1958 sol.
445 1933 612 1973 familiari,
637 1944 675 1965 ac
700 1934 831 1965 Nuncio
854 1933 1048 1974 Apostolico
1070 1944 1179 1975 nuper
1201 1934 1305 1965 eciam
1328 1935 1370 1965 ad
1395 1934 1511 1965 Partes
1526 1933 1647 1975 Anglie
1661 1933 1831 1965 destinato

291 1967 333 1992 2⁶·
446 1977 645 2016 solutorum,
663 1988 722 2018 pro
745 1977 844 2018 cujus
867 1977 1158 2018 proeuracionibus
1180 1987 1238 2009 seu
1262 1977 1426 2018 expensis,
1445 1977 1601 2009 videlicet
1622 1977 1755 2009 duobus
1770 1976 1828 2008 flo-

445 2020 534 2052 renis
550 2020 690 2058 singulis
714 2020 832 2052 diebus
856 2020 919 2051 sibi
942 2021 1118 2061 solvendis,
1137 2021 1266 2052 Literas
1288 2021 1368 2052 alias
1384 2021 1603 2062 Apostolicas‚
1615 2023 1651 2052 et
1665 2020 1829 2062 quasdam

446 2064 526 2095 alias
541 2064 758 2103 executorias‚
775 2074 891 2104 graves
908 2064 1083 2095 Processus
1106 2064 1315 2095 continentes
1338 2065 1561 2105 exequendos,
1577 2064 1774 2105 recepimus,
1791 2075 1830 2096 ac

445 2107 480 2139 in
510 2107 802 2148 supportacionem
832 2108 1055 2139 consimilium
1087 2108 1139 2139 vel
1169 2107 1309 2139 aliorum
1340 2108 1535 2148 urgencium
1567 2117 1707 2139 onerum
1739 2118 1828 2139 com-

446 2151 600 2182 munium
619 2151 828 2183 Prelatorum
845 2155 880 2182 et
903 2151 992 2183 Cleri
1015 2154 1128 2182 nostre
1152 2151 1403 2183 Cantuariensis
1427 2151 1608 2191 Provincia,
1625 2151 1702 2192 plus
1717 2151 1827 2191 solito,

446 2194 655 2235 prochdolor,
693 2194 757 2226 hiis
795 2195 914 2226 diebus
950 2194 1206 2235 emergencium,
1245 2195 1521 2234 convertendum,
1559 2205 1660 2236 penes
1696 2195 1827 2226 dictum

446 2238 631 2270 Dominum
664 2238 860 2278 Robertum,
896 2240 1111 2279 Receptorem
1149 2246 1305 2270 nostrum
1335 2238 1536 2279 predictum,
1567 2237 1760 2270 censuimus
1792 2243 1829 2270 et

448 2282 603 2313 volumus
624 2292 803 2314 remanere.
852 2282 892 2313 In
914 2292 1070 2323 quorum,
1093 2284 1168 2321 etc„
1192 2285 1362 2322 presentes
1386 2282 1524 2321 Literas,
1540 2282 1610 2314 sive
1634 2282 1830 2316 processum

448 2327 613 2364 nostrum,
641 2336 699 2366 per
727 2325 904 2357 Notarium
931 2328 967 2356 et
993 2325 1142 2357 Scribam
1173 2329 1327 2356 nostrum
1350 2325 1603 2366 infrascriptum
1625 2325 1737 2364 scribi,
1762 2325 1827 2366 sig-

446 2379 557 2410 noque
583 2368 688 2410 ipsius
713 2371 749 2400 et
774 2369 1019 2410 subscripcione
1041 2379 1079 2400 ac
1101 2368 1208 2400 nostri
1230 2368 1330 2409 sigilli
1353 2369 1555 2410 appensione
1577 2369 1718 2400 fecimus
1740 2379 1828 2400 com-

447 2412 580 2444 muniri.
628 2413 736 2452 Super
759 2412 952 2451 tradicione,
969 2422 1055 2452 vero,
1072 2423 1130 2443 seu
1155 2412 1405 2453 presentacione
1428 2410 1591 2453 presentis
1607 2412 1714 2444 nostri
1730 2412 1822 2444 Mau-

447 2456 530 2495 dati,
546 2456 646 2487 latori
662 2456 885 2495 Presencium‚
902 2456 1024 2487 nuncio
1040 2459 1155 2487 nostro
1170 2455 1293 2496 jurato,
1311 2455 1411 2487 fidem
1434 2456 1592 2487 volumus
1613 2455 1830 2488 adhibere.—

450 2499 577 2530 Datum
600 2502 635 2531 et
657 2502 771 2531 actum
795 2499 882 2530 infra
903 2495 1060 2531 Castrum
1085 2502 1241 2530 nostrum
1264 2499 1306 2530 de
1329 2499 1507 2538 Saltwode,
1530 2502 1645 2531 nostre
1668 2499 1827 2537 Diocesis,

447 2541 548 2583 xiiijw
578 2542 633 2574 die
663 2543 786 2574 mensis
817 2542 973 2583 Augusti,
1001 2542 1100 2574 Anno
1127 2542 1168 2573 ab
1196 2542 1430 2574 Incarnacione
1453 2543 1590 2574 Domini
1612 2543 1674 2575 ΜΟ.
1699 2543 1831 2575 0001110

446 2583 578 2627 lxxijd0‚
603 2589 663 2618 etc.
712 2586 928 2618 Presentibus
953 2586 1112 2626 Magistro
1143 2585 1284 2617 Ricardo
1315 2586 1357 2617 de
1391 2587 1664 2628 Warmyngtone,
1688 2586 1829 2618 Rectam

448 2630 593 2661 Ecclesie
610 2629 811 2661 Parochialis
827 2630 868 2661 de
885 2629 1064 2667 Adesham,
1083 2629 1287 2662 Cancellario
1304 2632 1427 2668 nostro,
1444 2633 1480 2661 et
1503 2630 1648 2661 Domino
1665 2629 1831 2661 Edwardo
1858 2634 1860 2636 '

447 2673 594 2712 Foreste,
620 2674 758 2704 Rectore
781 2673 926 2712 Ecclesie
949 2672 1149 2704 Parochialis
1172 2673 1214 2704 de
1237 2673 1499 2714 Kyndwartone,
1523 2673 1774 2706 cantuariensis
1796 2675 1832 2705 et

449 2716 698 2758 Wygorniensis
722 2716 924 2755 Diocesium,
948 2727 985 2747 ac
1007 2715 1080 2747 aliis
1103 2716 1255 2757 pluribus
1286 2716 1431 2748 testibus
1458 2717 1499 2747 ad
1523 2717 1683 2758 premissa
1705 2716 1831 2748 vocatis

445 2763 482 2792 et
496 2760 723 2798 rogatis—Et
738 2770 807 2801 ego,
825 2760 952 2791 Alanus
968 2760 1009 2790 de
1032 2759 1193 2800 Dyttone,
1211 2759 1359 2799 clericus,
1376 2760 1518 2791 Elieusis
1541 2759 1699 2798 Diocesis,
1716 2758 1829 2791 Publi-

445 2814 503 2835 cus
522 2803 734 2835 Auctoritate
749 2803 940 2844 Apostolica
957 2802 1125 2841 Notarius,
1142 2803 1311 2843 premissis
1340 2803 1497 2834 omnibus
1519 2807 1555 2835 et
1576 2803 1727 2844 singulis,
1742 2802 1826 2834 dum

445 2847 501 2886 sic,
520 2851 559 2878 ut
574 2846 795 2887 premittitur,
813 2857 870 2888 per
894 2845 1078 2877 Dominum
1096 2846 1390 2887 Archiepiscopum
1415 2846 1691 2878 Cantuariensem
1713 2856 1828 2888 supra·

444 2890 585 2929 dictum,
610 2890 674 2929 die,
703 2900 825 2928 meuse,
853 2892 927 2929 etc„
954 2889 1197 2930 suprascriptis,
1225 2890 1413 2930 agebantur
1443 2894 1478 2922 et
1499 2890 1635 2929 flebant,
1658 2900 1726 2922 una
1747 2899 1826 2920 cnm

443 2933 684 2975 prenominatis
701 2933 858 2973 testibus,
876 2943 1012 2974 presens
1027 2933 1169 2965 interfui
1184 2943 1194 2973 ;
1216 2943 1321 2975 eaque
1343 2933 1455 2965 omnia
1476 2936 1513 2967 et
1534 2933 1666 2976 singula
1686 2933 1734 2966 sic
1755 2932 1829 2965 fieri
