1988 3256
300 367 358 411 10

297 481 330 508 A.
335 481 373 509 D.

294 514 370 542 1370.

293 549 357 576 Vol.
371 550 412 577 11.

500 378 602 411 THE
636 377 881 412 REGISTER
915 378 976 411 OF
1010 377 1187 412 BISHOP
1222 378 1624 413 BRANTYNGHAM.

454 482 583 515 cionem
614 485 650 515 te
686 482 887 515 investimus
923 483 966 515 de
1001 483 1153 522 eisdem3
1189 483 1290 515 salvis
1327 483 1581 524 Episcopalibus
1617 482 1760 515 Juribus
1797 483 1834 513 et

457 526 777 566 Consuetudinibus,
807 537 846 558 ac
878 527 1024 559 Eeclesie
1053 529 1168 559 nostre
1198 527 1396 559 Exoniensis
1424 527 1574 569 predicte
1603 526 1639 558 in
1677 525 1834 557 omnibus

455 570 630 611 dignitate.
702 570 741 602 In
769 570 868 612 cujus
896 571 945 602 rei
975 570 1211 603 testimonium
1239 570 1387 612 sigillum
1413 573 1568 603 nostrum
1598 570 1739 602 fecimus
1770 568 1834 600 hiis

453 614 762 655 apponi—Datum
786 614 821 646 in
849 614 1007 655 Hospicio
1036 617 1152 646 nostro
1184 614 1407 646 Londoniensi
1434 614 1510 656 xxj⁰
1533 614 1588 646 die
1613 613 1702 653 Maii,
1734 614 1834 644 Anno

455 657 517 690 M0.
535 657 666 690 CCCm⁰
680 657 794 698 lxxmo,
810 660 846 689 et
859 661 976 690 nostre
992 657 1258 690 consecracionis
1273 658 1389 700 primo.

457 740 708 779 —Induccio
726 740 967 791 ejusdem,—

404 795 560 833 Thomas,
577 798 652 835 etc,
668 795 792 827 dilecto
807 796 842 827 in
859 795 995 828 Christo
1009 795 1087 836 filio,
1106 795 1239 827 Decano
1258 798 1373 827 nostre
1387 794 1585 827 Exoniensis
1602 793 1756 833 Ecclesie,
1771 795 1834 825 aut

455 839 531 880 ejus
546 838 656 870 locum
672 839 814 879 tenenti,
830 838 1030 871 ete—Cum
1053 850 1114 871 nos
1135 839 1300 871 dilectum
1315 839 1432 878 filium,
1448 838 1613 870 Thomam
1636 837 1678 869 de
1701 837 1833 878 Swaby,

453 883 622 921 clericum,
637 883 682 914 ad
698 883 942 915 Canonicatum
958 883 1104 915 Ecclesie
1119 885 1235 915 nostre
1254 882 1449 914 Exoniensis
1470 884 1507 914 et
1525 881 1734 913 Prebendam
1749 890 1834 922 quos

452 936 562 967 nuper
578 926 738 967 Magister
749 926 860 958 Adam
873 926 1111 967 Myrimouthe,
1124 927 1207 958 dum
1218 926 1312 966 vixit,
1329 925 1480 958 obtinuit
1494 925 1530 956 in
1544 925 1672 965 eadem,
1688 927 1724 957 et
1739 934 1833 965 quos,

453 970 601 1011 quidem,
625 973 792 1008 vacantes,
814 970 979 1001 Dominus
1001 974 1117 1002 noster
1139 970 1220 1008 Rex,
1245 973 1299 1002 etc
1302 993 1470 1002 ......
1495 969 1546 1010 (ιιι
1560 972 1676 1009 supra)
1701 968 1833 1009 plenius

452 1013 660 1053 continetur,
685 1013 919 1045 admiserimus
941 1016 978 1046 et
999 1013 1249 1045 investierimus
1272 1013 1439 1046 Canonice
1461 1012 1663 1052 desisdem,
1679 1015 1782 1053 prout
1797 1011 1833 1043 in

453 1057 682 1088 consimilibus
697 1057 861 1089 hactenus
876 1057 948 1089 fieri
963 1060 1016 1089 est
1031 1061 1254 1096 consuetum;
1274 1057 1369 1088 vobis
1383 1056 1630 1088 committimus
1645 1058 1682 1088 et
1696 1054 1832 1087 manda-

450 1111 527 1132 mus
549 1100 711 1142 quatinus
733 1101 879 1132 eundem
901 1100 1065 1132 Thomam
1087 1101 1123 1132 in
1146 1104 1298 1132 vestrum
1319 1103 1356 1132 et
1378 1100 1525 1132 Ecclesie
1546 1102 1661 1131 nostre
1683 1098 1835 1140 predicte

454 1144 652 1185 recipientes
676 1144 881 1176 Canonicum
909 1147 946 1176 et
972 1144 1197 1184 confratrem,
1225 1144 1346 1185 ipsum,
1369 1143 1423 1175 vel
1451 1143 1705 1175 Procuratorem
1730 1151 1829 1174 suum

454 1198 515 1228 pro
530 1198 578 1227 eo,
595 1187 628 1218 in
645 1188 850 1229 corporalem
866 1188 1104 1228 possessionem
1116 1188 1342 1220 Canonicatus
1357 1190 1393 1219 et
1404 1187 1576 1218 Prebende
1591 1186 1832 1227 predictorum,

453 1231 658 1262 auctoritate
679 1234 805 1271 nostra,
829 1241 890 1272 per
911 1242 970 1263 vos
995 1231 1049 1263 vel
1072 1231 1177 1263 alium
1205 1231 1257 1262 vel
1283 1231 1365 1262 alios
1387 1230 1556 1262 inducatis
1583 1233 1619 1262 et
1641 1229 1833 1261 defendatis

453 1275 633 1306 inductum
649 1285 657 1314 ;
682 1273 833 1311 Stallum¹
843 1275 878 1306 in
896 1275 1006 1307 Choro
1021 1277 1057 1307 et
1074 1275 1199 1306 Locum
1221 1275 1254 1306 in
1273 1274 1430 1316 Capitulo
1453 1273 1599 1305 Ecclesie
1621 1276 1736 1305 nostre
1759 1283 1831 1314 pre-

453 1318 543 1349 dicte
557 1318 648 1349 dicte
660 1318 833 1350 Prebende
843 1318 975 1350 debitos
989 1328 1078 1350 more
1089 1318 1189 1350 solito
1197 1318 1406 1359 assignantes
1417 1318 1527 1349 eidem
1537 1327 1545 1356 3
1560 1316 1831 1356 contradictores,

452 1362 481 1393 si
495 1361 555 1403 qui
569 1362 699 1393 fuerint
713 1362 747 1393 in
764 1372 803 1394 ea
817 1365 924 1402 parte,
942 1362 1107 1394 Canoniee
1128 1361 1369 1402 compescendo
1384 1372 1393 1400 3
1414 1360 1648 1402 juramentum
1664 1360 1706 1392 de
1721 1360 1832 1391 obser-

451 1405 561 1436 vando
576 1405 729 1446 ejusdem
746 1406 891 1437 Ecclesie
907 1406 1048 1437 Statuta
1069 1408 1106 1437 et
1128 1405 1398 1438 Consuetudines
1419 1404 1621 1445 approbatas
1642 1403 1833 1445 recipiendo

453 1449 495 1480 ab
511 1448 628 1480 eodem
643 1449 696 1480 vel
714 1449 934 1481 Procuratore
949 1459 1018 1488 suo,
1035 1452 1138 1490 prout
1153 1448 1306 1490 ejusdem
1324 1448 1469 1480 Ecclesie
1487 1447 1629 1488 exigunt
1645 1448 1831 1480 Consuetu-

452 1491 547 1524 dines
562 1494 599 1524 et
620 1493 769 1524 Statuta.
817 1493 864 1524 Et
885 1492 969 1533 quid
991 1492 1138 1524 feceritis
1160 1492 1195 1523 in
1219 1491 1398 1533 premissis,
1423 1502 1493 1531 nos,
1516 1501 1595 1523 cum
1617 1501 1678 1532 per
1699 1493 1833 1532 partem

452 1535 595 1576 predicti
617 1536 745 1571 Thome
768 1536 901 1568 fueritis
923 1546 1069 1577 congrue
1094 1535 1258 1577 requisiti,
1284 1535 1407 1567 Literis
1429 1534 1551 1567 vestris
1574 1534 1771 1575 patentibus
1796 1537 1833 1566 et

452 1579 543 1611 hunc
572 1582 726 1611 tenorem
756 1579 961 1612 habentibus
991 1579 1141 1612 reddatis
1163 1579 1278 1611 debite
1299 1579 1459 1611 cerciores
1481 1581 1517 1611 et
1538 1577 1774 1611 clare-Data
1797 1582 1834 1610 ιιι

450 1633 562 1664 supra.

453 1697 684 1736 —Collacio
702 1697 863 1736 Roberti
884 1697 1020 1736 Orulle
1039 1698 1096 1736 ad
1110 1697 1358 1736 Prebendam
1376 1696 1706 1743 Emoniensem‚—-

400 1752 555 1789 Thomas,
579 1755 656 1792 etc„
680 1752 804 1784 dilecto
829 1752 864 1783 in
889 1752 1026 1785 Christo
1052 1752 1130 1791 filio,
1158 1752 1306 1784 Roberto
1328 1751 1452 1789 Crulle,
1479 1751 1607 1790 clerico,
1633 1751 1833 1785 ete.—Cum

453 1796 765 1828 Excellentissimus
781 1795 859 1836 (eta,
875 1800 913 1827 ut
934 1794 1049 1837 supra)
1069 1795 1313 1828 Canonicatum
1336 1795 1482 1827 Ecclesie
1504 1798 1619 1826 nostre
1634 1795 1833 1826 Exoniensis

451 1841 487 1870 et
510 1839 721 1871 Prebendam
743 1849 827 1880 quos
849 1849 958 1880 nuper
980 1839 1191 1871 obtinuimus
1212 1839 1247 1870 in
1270 1839 1398 1877 eadem,
1414 1841 1580 1878 vacantes,
1597 1838 1730 1870 racione
1746 1845 1830 1870 tem-

452 1883 618 1923 poralium
633 1883 853 1924 Episcopatus
868 1883 1012 1923 predicti
1024 1893 1133 1924 nuper
1143 1882 1293 1914 vacantis
1305 1882 1339 1913 in
1352 1882 1422 1914 suis
1432 1881 1587 1914 manibus
1598 1882 1831 1921 existencium,

452 1926 515 1957 tibi
531 1926 724 1965 contulerit,
741 1936 818 1958 cum
834 1926 903 1957 suis
917 1925 1051 1967 juribus
1066 1929 1103 1958 et
1118 1926 1333 1967 pertinenciis
1350 1925 1522 1964 universis,
1539 1928 1641 1966 prout
1657 1925 1692 1957 in
1710 1925 1832 1957 Literis

453 1970 564 2010 Regiis
587 1970 666 2001 inde
691 1969 853 2001 confectis
878 1969 1010 2010 plenius
1036 1970 1255 2008 continetur3
1285 1972 1321 2001 te
1346 1969 1389 2000 ad
1413 1969 1666 2008 Canonicatum,
1690 1972 1754 2000 etc.
1783 1968 1834 2008 (ut

448 2012 710 2053 supra).—Data
723 2014 757 2044 iu
775 2013 933 2054 Hospicio
948 2017 1064 2045 nostro
1079 2012 1312 2051 Londoniensi,
1324 2012 1404 2054 xxvj
1418 2013 1472 2044 die
1482 2012 1571 2051 Maii,
1584 2013 1683 2044 Anno
1695 2012 1834 2044 Domini

454 2056 513 2088 ΜΟ.
532 2057 664 2089 CCCm⁰
685 2057 798 2095 lxxmo,
821 2060 857 2088 et
881 2060 994 2089 nostre
1011 2056 1278 2090 Consecracionis
1300 2056 1417 2097 primo.
1464 2057 1511 2088 Et
1530 2056 1731 2088 mandatum
1753 2056 1832 2096 fuit,

452 2100 570 2131 eodem
600 2100 663 2140 die,
696 2101 830 2132 Decano
861 2100 1006 2132 Ecclesie
1044 2100 1250 2140 Exoniensis,
1281 2099 1334 2131 vel
1357 2099 1432 2141 ejus
1458 2099 1570 2132 locum
1596 2099 1740 2139 tenenti,
1770 2109 1832 2141 pro

452 2143 655 2176 Induccione
669 2143 753 2176 dicti
774 2143 909 2176 Roberti
923 2143 959 2176 in
974 2144 1084 2176 forma
1097 2146 1267 2176 consueta.
