1988 3256
478 349 772 384 REGISTRUM
808 348 1275 384 οοΜΜῖῐΝΕ-ΑΝΝΟ
1313 339 1372 383 3⁰.
1605 333 1696 381 271

157 449 226 510 4371)
309 452 422 484 monio
437 452 529 485 licite
547 463 720 485 remanere
742 452 886 495 possitis,
903 452 1116 485 Auctoritate
1133 451 1324 493 Apostolica
1346 450 1443 483 nobis
1465 450 1504 500 in·
1523 449 1586 482 hac
1608 451 1704 490 parte

159 485 253 544 {701²}
309 506 471 536 concessa,
488 497 660 529 vobiscum
677 500 793 529 tenore
809 496 1022 528 Presencium
1045 497 1288 538 dispensamus,
1310 495 1437 536 prolem
1453 494 1574 525 exinde
1589 504 1703 534 super-

215 538 222 544 ’
253 537 263 546 “
310 540 437 581 stitem,
465 544 501 572 et
527 541 630 572 eciam
662 540 909 580 suscipiendam
938 551 979 572 ex
1006 540 1109 579 vobis,
1135 540 1320 581 legitimam
1348 538 1551 570 nunciandO.
1598 537 1702 577 Nulli,

310 595 398 625 ergo.
424 584 570 623 omnino,
587 585 786 616 etc.—Data
809 584 1001 623 Londoniis,
1018 581 1082 625 ijdo
1105 584 1274 615 Kalendas
1296 582 1460 620 Octobris,
1484 581 1704 612 Pontificatus

311 628 530 667 Sanctissimi,
557 631 631 667 etc„
660 628 797 659 Domini
824 628 983 668 Gregorii,
1012 627 1135 659 Divina
1162 626 1379 658 Providencia
1408 626 1496 666 Pape
1518 625 1579 663 XI,
1604 627 1704 656 Auno

313 671 420 712 primo
436 672 493 711 [30
510 672 602 712 Sept.
620 671 879 711 1371].—Unde
895 682 966 710 nos,
985 682 1045 712 pro
1059 671 1300 703 informacione
1315 673 1430 702 nostra
1453 669 1704 710 suggestionem

313 715 347 747 in
363 715 465 747 dictis
481 715 602 747 Literis
617 719 812 746 contentam
828 715 1067 755 examinantes,
1083 718 1117 746 et
1133 715 1241 746 causis
1264 713 1461 755 hujusmodi
1483 713 1706 754 suggestionis

313 759 400 790 veris
422 759 458 791 in
481 759 573 790 omni
597 763 691 800 parte
707 770 766 800 per
788 769 849 790 nos
871 758 1027 798 inventis,
1044 769 1145 799 super
1167 758 1291 800 quibus
1314 757 1411 789 nobis
1433 757 1595 788 extiterat
1617 757 1706 788 facta

313 803 408 842 fides,
426 813 493 844 que
508 803 550 833 de
567 803 644 844 jure
660 803 895 844 requirebatur
910 802 944 833 iu
963 802 1023 833 hac
1039 805 1144 843 parte,
1160 802 1250 843 ipsos
1275 800 1490 842 Radulphum
1515 803 1551 831 et
1573 800 1705 832 Kateri-

314 857 392 878 nam
409 846 451 877 ab
468 846 583 878 Officio
599 850 723 885 nostro,
740 857 781 878 ex
796 846 861 887 [et]
879 846 920 877 de
936 847 1044 877 causis
1060 845 1328 887 Dispensacionis
1352 844 1558 885 hujusmodi,
1575 844 1609 875 in
1627 854 1707 885 pace

313 890 503 921 dimisimus
519 890 861 921 absolutos—Dated
877 892 914 921 at
936 913 944 922 .
969 913 977 921 .
1005 914 1012 921 .
1037 889 1216 930 (destroyed
1232 889 1272 929 by
1287 889 1414 929 damp),
1434 889 1472 919 14
1491 888 1511 919 J
1517 888 1583 929 uly.

159 967 211 994 ¹²⁰¹·
267 968 352 1006 The
371 967 467 1005 War
488 967 582 1005 with
603 967 752 1006 Franco
772 980 783 1015 3
815 966 1041 1006 commissio
1066 980 1139 1015 pro
1168 967 1457 1004 awaiatora'bus
1484 966 1706 1004 clericorum

161 1003 203 1028 η’
323 1022 378 1060 ad
395 1035 577 1068 arma,—

271 1077 426 1115 Thomas,
451 1079 525 1115 etc„
549 1076 717 1117 Magistris
742 1074 920 1116 Radulpho
943 1075 1097 1116 Treiagu,
1123 1075 1249 1106 Jaeobo
1271 1075 1477 1117 Treverbyn,
1504 1078 1540 1106 et
1562 1075 1709 1106 Domino

316 1120 466 1152 Johanni
481 1119 683 1159 Nanscunel,
702 1119 925 1150 Ecclesiarum
942 1119 1057 1151 Sancti
1074 1119 1237 1159 Stephani
1254 1119 1289 1150 in
1307 1119 1495 1158 Brannelle,
1514 1119 1707 1160 Ludewany

319 1162 522 1204 [hudyvanL
551 1166 587 1195 et
613 1162 729 1195 Sancti
758 1162 914 1204 Maugani
941 1161 994 1204 [in
1022 1162 1157 1203 Pyder]‚
1182 1162 1392 1202 Rectoribus,
1417 1163 1572 1201 salutern,
1597 1167 1708 1194 etc.—

319 1208 425 1239 Breve
448 1207 590 1248 Regium
614 1207 809 1248 recepimus,
825 1210 976 1238 tenorem
1001 1207 1179 1238 verborum
1203 1206 1379 1238 continens
1401 1206 1709 1248 infrascriptum,—

318 1251 518 1290 Edwardus,
536 1254 610 1290 etc„
626 1251 764 1288 Thome,
781 1253 858 1289 etc„
875 1250 1163 1289 salutem—Quia
1179 1261 1240 1291 pro
1254 1253 1346 1282 certo
1357 1250 1427 1292 jam
1444 1251 1578 1282 noviter
1593 1251 1707 1282 didici-

319 1305 395 1326 mus
411 1295 502 1335 quod
519 1294 637 1326 Gallici
653 1294 779 1325 inimici
795 1294 912 1333 nostri,
937 1297 972 1325 et
995 1294 1051 1325 alii
1073 1294 1138 1325 sibi
1159 1294 1371 1334 adherentes,
1389 1304 1545 1335 magnam
1569 1294 1708 1326 classem

319 1338 467 1377 navium,
483 1348 561 1370 cum
576 1348 697 1378 magna
712 1337 934 1369 multitudine
950 1338 1151 1369 bellatorum
1164 1341 1199 1369 et
1211 1341 1416 1369 armatorum
1432 1338 1466 1369 in
1484 1338 1623 1369 diversis
1635 1349 1708 1379 par-

322 1382 415 1413 tibus
425 1392 526 1423 super
537 1382 674 1413 costeris
689 1381 868 1413 maritimis
880 1385 1136 1422 congregarunt,
1147 1385 1182 1412 et
1197 1382 1362 1413 festinant
1373 1392 1408 1413 se
1424 1382 1533 1422 parari
1549 1382 1591 1413 ad
1607 1382 1710 1413 cicius

321 1436 389 1466 quo
404 1428 564 1467 poterunt
581 1425 623 1456 ad
638 1425 878 1464 invadendum,
891 1425 979 1456 infra
994 1426 1101 1464 breve,
1116 1426 1268 1466 Regnum
1284 1429 1438 1457 nostrum
1451 1426 1580 1467 Anglie,
1598 1429 1632 1456 et
1648 1436 1710 1457 nos

321 1472 356 1500 et
371 1469 460 1500 idem
475 1470 629 1509 Regnum
644 1479 682 1500 ac
697 1469 860 1510 populum
876 1472 1031 1500 nostrum
1045 1469 1293 1508 debellandum,
1310 1472 1347 1501 et
1362 1479 1421 1510 pro
1435 1469 1561 1500 viribus
1577 1469 1708 1501 destru-

320 1513 456 1549 endum,
473 1523 511 1544 ac
529 1513 724 1544 Dominium
748 1515 902 1544 nostrum
920 1516 955 1544 et
980 1512 1159 1544 Ecclesiam
1180 1512 1399 1553 Anglicanam
1416 1513 1683 1545 subvertendum
1701 1524 1710 1552 ;

320 1567 391 1596 nos,
408 1557 559 1588 volentes
574 1556 752 1588 salvacioni
768 1560 804 1588 et
818 1556 1003 1587 defensioni
1023 1556 1166 1587 Ecclesie
1177 1560 1213 1587 et
1225 1557 1332 1597 Regni
1350 1557 1587 1597 predictorum,
1601 1557 1710 1588 modis

322 1600 488 1640 omnibus,
505 1611 582 1632 cum
598 1603 672 1632 toto
695 1610 791 1641 posse
813 1603 939 1640 nostro,
955 1603 1058 1641 prout
1080 1600 1237 1632 convenit
1260 1600 1458 1641 providere3
1481 1601 1709 1632 advertentes-

320 1654 387 1684 que
409 1645 501 1685 quod
525 1654 583 1675 vos
606 1648 642 1675 et
664 1644 719 1675 alii
743 1643 878 1683 Prelati,
895 1654 932 1675 ac
955 1647 1050 1675 totus
1073 1644 1192 1676 Clerus
1214 1644 1296 1675 dicti
1321 1644 1436 1685 Regni,
1454 1654 1521 1676 una
1537 1655 1615 1676 cum
1638 1645 1711 1676 aliis

324 1687 480 1719 fidelibus
510 1688 645 1728 nostris,
669 1688 708 1719 ad
734 1687 959 1719 resistendum
990 1687 1090 1719 dictis
1120 1687 1264 1719 inimicis
1286 1689 1420 1728 nostris,
1444 1699 1503 1729 pro
1525 1689 1712 1720 salvacione

320 1731 444 1763 Sancte
466 1731 612 1763 Ecclesie
635 1734 670 1763 et
692 1731 845 1772 ejusdem
869 1731 985 1771 Regni,
1002 1741 1122 1763 manus
1138 1731 1299 1763 tenemini
1315 1742 1481 1773 apponere
1503 1732 1711 1773 adjutrices3

322 1775 425 1814 vobis,
442 1775 476 1806 in
493 1775 559 1806 fide
573 1778 609 1806 et
624 1775 803 1807 dileccione
825 1775 950 1816 quibus
973 1775 1069 1806 nobis
1091 1775 1262 1814 tenemini,
1283 1775 1422 1807 firmiter
1443 1775 1654 1817 injungimus
1677 1779 1712 1807 et

321 1819 521 1850 mandamus
536 1819 708 1860 quatinus,
721 1819 938 1850 consideratis
949 1819 1107 1859 gravibus
1123 1819 1278 1860 dampnis
1296 1823 1329 1850 et
1348 1819 1502 1860 periculis
1516 1820 1710 1851 inminenti-

321 1862 385 1894 bus
412 1873 472 1903 per
497 1873 672 1903 aggressus
699 1862 913 1894 inimicorum
942 1865 1136 1894 nostrorum
1161 1863 1398 1904 predictorum,
1416 1873 1532 1895 omnes
1547 1863 1708 1902 Abbates,

321 1906 460 1946 Priores,
487 1906 680 1947 Religiosos,
696 1909 731 1937 et
753 1906 833 1938 alias
856 1906 1018 1938 Personas
1042 1906 1289 1938 Ecclesiasticas
1311 1917 1541 1948 quascumque
1565 1907 1712 1939 Diocesis

320 1950 470 1990 [vestre],
489 1950 582 1981 omni
596 1950 812 1981 excusacione
826 1950 1021 1991 postposita,
1038 1950 1161 1981 armari
1178 1953 1214 1982 et
1236 1950 1381 1990 arraiari,
1398 1954 1433 1981 et
1455 1951 1557 1982 armis
1580 1962 1709 1992 compe-

320 1993 484 2033 tentibus,
516 1994 675 2025 videlicet'
700 1994 886 2035 quemlibet
909 2004 1026 2025 eorum
1048 1994 1138 2026 inter
1160 1997 1268 2026 etates
1291 1994 1464 2035 sexaginta
1486 1998 1521 2026 et
1543 1995 1710 2027 sexdecim

315 2047 481 2068 annorum
504 2037 736 2077 existencium,
762 2037 862 2079 juxta
888 2040 1018 2068 statum
1044 2041 1080 2069 et
1109 2037 1288 2069 facultates
1318 2048 1395 2070 suas
1426 2039 1560 2078 muniri,
1590 2042 1626 2070 et
1655 2049 1711 2070 eos

319 2081 352 2112 iu
379 2081 534 2121 millenis,
555 2081 714 2119 centenis,
737 2086 772 2112 et
795 2081 941 2112 vintenis
965 2082 1043 2122 poni
1067 2082 1206 2120 faciatis,
1229 2082 1276 2113 ita
1299 2082 1391 2122 quod
1414 2083 1563 2123 prompti
1584 2083 1654 2113 sint
1676 2085 1711 2114 et

316 2125 424 2165 parati
451 2125 494 2156 ad
520 2125 808 2165 proficiscendum,
838 2135 906 2156 una
929 2135 1007 2156 cum
1033 2125 1105 2156 aliis
1134 2125 1288 2156 fidelibus
1311 2126 1445 2165 nostris,
1463 2130 1579 2157 contra
1603 2126 1711 2157 dictos

168 2165 221 2192 ¹0¹·
316 2168 468 2200 inimicos
498 2172 631 2199 nostros
661 2168 749 2199 infra
779 2168 934 2209 Regnum
967 2173 1122 2200 nostrum
1159 2169 1291 2209 Anglie,
1320 2170 1360 2200 ad
1400 2169 1499 2210 ipsos,
1531 2180 1608 2201 cum
1648 2170 1711 2201 Dei

162 2199 228 2228 ²²¹²·
316 2212 496 2253 adjutorio,
514 2212 754 2243 debellandum
769 2214 805 2243 et
820 2212 1079 2251 destruendum,
1092 2215 1127 2243 et
1145 2213 1187 2243 ad
1204 2213 1370 2244 maliciam
1387 2216 1422 2244 et
1437 2213 1640 2254 proterviam
1658 2224 1709 2245 eo-

315 2266 392 2287 rum
406 2255 671 2296 propulsandum
681 2260 717 2286 et
727 2256 980 2287 conterendum.
1024 2256 1069 2287 Et
1079 2256 1150 2295 hoc,
1162 2256 1252 2287 sicut
1266 2267 1326 2287 nos
1337 2261 1372 2287 et
1383 2256 1543 2288 honorem
1554 2261 1710 2289 nostrum

314 2309 352 2330 ac
369 2302 531 2338 vestrum,
547 2302 581 2330 et
596 2299 816 2330 salvacionem
829 2299 953 2331 Sancte
968 2299 1114 2331 Ecclesia
1132 2303 1166 2330 et
1182 2300 1264 2331 dicti
1285 2301 1388 2340 Regni
1405 2300 1512 2331 nostri
1529 2300 1709 2341 [diligitis],

315 2343 510 2374 nullatenus
537 2342 711 2374 omittatis.
767 2343 866 2374 Teste
897 2342 1032 2384 meipso,
1057 2343 1148 2384 apud
1178 2343 1527 2383 Westmonasterium,
1559 2344 1634 2385 xvj⁰
1656 2345 1711 2376 die

312 2386 418 2424 Junii,
450 2385 548 2418 Anno
574 2386 681 2427 Regni
707 2387 815 2417 nostri
842 2386 964 2427 Anglie
991 2386 1120 2427 xlvjto;
1152 2387 1268 2427 Regni,
1296 2398 1384 2425 veru,
1415 2388 1522 2418 nostri
1540 2386 1709 2430 [Francie]

6 2466 7 2471 ¹
317 2429 730 2471 xxxiij0[1372].—Vobis,
750 2429 868 2470 igitur,
884 2434 945 2461 aut
960 2430 1094 2461 duobus
1110 2434 1271 2469 vestrum,
1285 2431 1454 2462 occasione
1477 2431 1560 2462 dicti
1586 2432 1709 2472 Brevis,

0 2470 4 2516 j
317 2473 572 2512 committimus,
588 2473 801 2515 precipimus,
821 2477 856 2504 et
871 2474 1070 2505 mandamus
1086 2474 1247 2515 quatinus
1263 2484 1378 2505 omnes
1395 2474 1553 2514 Abbates,
1569 2475 1709 2515 Priores,

0 2524 4 2539 ²
320 2516 510 2556 Religiosos,
526 2522 562 2548 et
577 2517 657 2548 alias
675 2518 834 2548 Personas
851 2517 1097 2548 Ecclesiasticas
1113 2527 1343 2558 quascumque
1358 2518 1446 2548 infra
1464 2518 1652 2550 Decanatus
1668 2520 1711 2550 de

317 2560 460 2599 Poudre,
495 2561 614 2602 Pydre,
648 2560 840 2601 Penwythe,
875 2564 910 2592 et
941 2560 1071 2599 Kerier,
1105 2561 1192 2592 bona
1219 2565 1254 2592 et
1285 2561 1449 2592 Beneficia
1480 2562 1711 2594 Ecclesiastica

318 2603 608 2645 qualitercumque
637 2604 838 2643 obtinentes,
865 2604 908 2635 ad
938 2605 1200 2645 comparendum
1232 2615 1342 2636 coram
1374 2605 1467 2636 vobis
1498 2605 1533 2636 in
1566 2606 1711 2637 Ecclesia

318 2646 502 2678 Parochiali
519 2647 561 2678 de
576 2647 697 2686 Truru,
714 2648 756 2678 ad
770 2652 877 2679 certos
894 2648 985 2679 diem
1000 2651 1036 2678 et
1057 2648 1168 2679 locum
1185 2659 1243 2688 per
1266 2658 1325 2679 vos
1347 2648 1553 2687 limitandos,
1570 2650 1710 2681 celerius

318 2700 385 2731 quo
416 2691 568 2731 poteritis
595 2691 792 2731 convocetis,
820 2691 1064 2730 exposicionem
1098 2691 1180 2722 dicti
1215 2692 1327 2722 Brevis
1351 2696 1387 2722 et
1416 2696 1651 2724 contentorum
1675 2693 1709 2724 in

322 2734 440 2765 eodem
465 2744 522 2774 per
544 2745 589 2773 se,
606 2737 666 2766 aut
689 2735 926 2766 Procuratores
948 2745 1027 2766 suos
1050 2735 1196 2774 idoneos,
1213 2735 1374 2774 audituri,
1391 2738 1426 2766 et
1448 2736 1709 2768 arraiamentum

321 2780 478 2808 nostrum
493 2777 744 2819 infrascriptum
768 2778 959 2818 recepturi3
983 2778 1149 2816 videlieet,
1170 2782 1210 2809 ut
1235 2779 1362 2810 Priores
1385 2779 1427 2810 de
1453 2779 1567 2811 Monte
1589 2779 1626 2820 iij
1652 2780 1709 2811 ho·

321 2821 428 2851 mines
443 2825 599 2861 armatos,
616 2822 659 2859 de
673 2821 937 2862 Tywardraythe
953 2821 987 2862 vj
1006 2821 1158 2853 homines
1180 2826 1327 2853 armatos
1343 2825 1378 2853 et
1393 2822 1427 2864 vj
1452 2823 1652 2863 sagittarios,
1669 2824 1711 2855 de

322 2864 474 2905 Bodmyn
492 2864 524 2905 vj
543 2865 694 2896 homines
709 2869 855 2896 armatos
871 2869 906 2896 et
922 2865 955 2906 vj
972 2865 1170 2906 sagittarios,
1188 2865 1301 2897 Sancti
1326 2866 1485 2897 Germani
1501 2866 1534 2908 vj
1561 2867 1711 2899 homines

320 2911 466 2938 armatos
497 2911 532 2939 et
563 2907 596 2949 vj
628 2908 827 2949 sagittarios,
859 2909 901 2939 de
931 2909 1162 2940 Launcestone
1193 2908 1226 2950 vj
1258 2909 1411 2940 homines
1441 2914 1588 2942 armatos
1618 2918 1652 2941 et
1677 2911 1709 2952 vj

321 2951 535 2994 sagittarios;
558 2954 676 2992 cetere,
701 2962 788 2993 vero,
813 2953 955 2984 Persone
978 2951 1149 2984 Seculares
1171 2956 1207 2984 et
1229 2952 1396 2996 Religiosi,
1414 2953 1578 2986 Beneficia
1601 2954 1711 2986 Eccle-
