1988 3256
107 461 140 486 A.
148 461 182 487 D.

108 495 183 521 1384.

106 527 170 555 Vol.
187 527 207 554 Ι.

112 1084 226 1111 Institu-

110 1118 156 1145 cio
205 1127 218 1145 r

111 1127 207 1191 Arpffi

109 1195 215 1219 episco-

111 1229 178 1252 pum
196 1221 236 1250 (in

110 1263 128 1279 a
147 1256 216 1279 later

110 1286 208 1320 hand]-

114 1795 160 1822 fol.
176 1797 231 1822 127.

418 359 706 400 REGISTRUM
741 360 1194 399 comMuNa—ANNO
1235 353 1330 398 14⁰.
1555 349 1648 397 539

263 470 367 506 prout
383 468 504 500 debuit
520 469 677 510 legitime
694 469 890 510 probatum,
906 469 1035 500 iterum
1059 468 1250 500 exhibituri
1265 470 1301 499 et
1317 468 1428 499 eciam
1444 466 1626 507 probaturi
1641 480 1648 504 ;

263 510 587 552 Administratores,
604 524 697 552 vero,
713 516 749 544 et
765 515 991 553 occupatores
1006 513 1177 544 bonorum
1190 512 1391 554 hujusmodi
1402 511 1649 543 auctoritatem

261 555 582 589 administracionis
597 568 659 589 seu
682 558 923 598 occupacionis
939 568 1000 589 sue
1021 557 1222 598 hujusmodi
1247 567 1364 588 coram
1380 567 1421 587 eo
1437 558 1648 598 ostensuros,

264 601 445 632 mandavit
468 606 504 633 et
527 602 614 634 fecit
637 602 682 633 ad
704 602 875 643 judicium
899 602 1036 633 evocari
1059 602 1202 642 injuste.
1249 602 1365 641 Atque
1389 600 1564 641 quendam
1582 600 1647 630 Do-

264 644 399 676 minum
425 647 617 677 Robertum
642 647 750 687 Baby,
774 647 1007 687 presbiterum
1031 650 1236 686 pretensum
1260 645 1418 686 ejusdem
1443 644 1650 675 Exoniensis

266 688 430 726 Diocesis,
447 691 492 721 ad
508 691 687 731 Capellam
705 691 823 722 Sancti
848 691 1009 729 Nectani,
1033 691 1127 721 infra
1151 690 1356 721 Parochiam
1374 689 1528 720 Ecclesie
1546 689 1648 719 Paro-

263 733 391 765 chialis’
403 735 522 766 Sancti
540 736 708 773 Winnoci,
725 736 762 766 in
779 735 964 773 Cornubia‚
988 735 1126 775 prefate
1150 735 1316 773 Diocesis‚
1334 734 1474 765 Decano
1493 731 1565 773 [et]
1585 733 1648 764 Ca-

264 777 375 817 pitulo
403 779 557 810 Ecclesie
585 780 805 811 Cathedralis
832 779 964 810 Exonie
988 783 1023 810 et
1046 780 1114 819 ipsi
1138 779 1292 810 Ecclesie
1317 778 1530 815 Cathedrali‚
1554 778 1649 808 salva

269 822 432 854 Porcione
459 824 590 855 Vicarii
617 824 782 864 Perpetui
802 824 840 854 in
860 824 994 862 eadem,
1019 824 1116 854 unite
1140 827 1175 854 et
1199 833 1343 861 annexe,
1367 833 1408 853 ac
1431 822 1469 852 in
1491 821 1650 862 proprios

265 876 348 898 usus
364 871 533 908 perpetuo
547 869 755 908 possidende
773 868 947 899 Canonice
964 878 1137 907 concesse,
1154 878 1235 898 cum
1258 868 1331 898 suis
1352 867 1490 908 juribus
1514 869 1549 897 et
1573 876 1648 906 per-

266 911 429 943 tinenciis
444 913 627 951 universis,
651 913 787 944 notorie
811 913 989 951 situatam,
1013 915 1118 953 atque
1142 912 1186 943 ab
1210 912 1332 943 eadem
1357 911 1513 942 Ecclesia
1531 910 1650 941 Sancti

267 955 424 987 Winnoci
438 957 631 988 Parochiali
648 960 683 988 et
698 957 843 988 Matrice
855 957 991 988 notorie
1003 957 1270 996 dependentem,
1283 956 1465 996 eidemque
1477 965 1650 986 annexam

265 1004 300 1030 et
331 1001 478 1040 unitam,
502 1004 670 1042 tanquam
693 1001 737 1032 ad
762 1001 953 1032 Ecclesiam
979 1001 1218 1032 Parochialem
1247 1001 1430 1031 Matricem
1462 1003 1497 1030 et
1521 1010 1583 1040 per
1615 1009 1650 1030 se

266 1048 418 1076 stantem
435 1056 500 1076 nec
515 1046 714 1086 aliqualiter
729 1045 995 1085 dependentem,
1019 1046 1064 1076 ad
1088 1046 1393 1076 Presentacionem
1411 1044 1551 1075 Domini
1569 1044 1649 1074 Wil-

267 1089 362 1120 lelmi
381 1090 623 1128 Fitzwautere,
642 1090 774 1128 Militis,
792 1090 950 1131 ejusdem
968 1090 1122 1121 Ecclesie
1146 1092 1319 1130 pretense,
1335 1099 1455 1130 ymmo
1479 1089 1652 1119 veraciter

266 1134 416 1174 Capelle,
440 1138 479 1164 ut
502 1134 725 1174 pretenditur
752 1135 954 1172 Patronum,
979 1145 1058 1165 cum
1090 1145 1160 1164 non
1184 1134 1239 1171 sit,
1265 1134 1307 1165 de
1331 1134 1426 1164 facto
1449 1133 1592 1164 admisit
1615 1135 1651 1175 ct

270 1178 453 1209 Rectorem
469 1179 625 1210 instituit
641 1179 678 1209 in
693 1179 826 1216 eadem,
844 1188 923 1209 cum
940 1179 1103 1209 omnibus
1126 1179 1198 1209 suis
1220 1178 1357 1219 juribus
1373 1181 1408 1208 et
1424 1177 1652 1218 pertinenciis

268 1222 450 1254 universis.
498 1223 622 1263 Sicque
647 1226 683 1253 et
709 1223 796 1254 alias
826 1223 977 1254 eundem
1001 1223 1246 1254 Venerabilem
1278 1223 1430 1260 Patrem,
1462 1222 1652 1252 Dominum

266 1277 394 1305 meum,
411 1267 644 1298 Exoniensem
669 1267 889 1307 Episcopum,
906 1267 943 1297 in
965 1267 1144 1307 premissis
1168 1267 1240 1298 suis
1263 1267 1407 1297 Juribus
1430 1266 1593 1297 omnibus
1617 1269 1652 1296 et

268 1311 425 1351 singuliS,
442 1314 477 1342 et
501 1312 593 1342 circa
616 1322 667 1349 ea,
685 1312 895 1349 molestavit,
920 1312 1139 1352 inquietavit,
1164 1314 1199 1342 et
1223 1311 1453 1351 perturbavit,
1477 1311 1651 1348 molestat,

266 1355 448 1396 inquietat,
465 1358 500 1386 et
516 1356 710 1396 perturbat,
727 1366 767 1387 ac
783 1356 973 1394 molestari,
989 1356 1187 1396 inquietari,
1205 1359 1240 1386 et
1256 1355 1455 1396 perturbari
1472 1354 1652 1385 mandavit

267 1404 302 1430 et
319 1400 413 1438 fecit,
431 1410 492 1431 seu
509 1400 633 1431 saltem
658 1400 859 1441 hujusmodi
882 1400 1178 1438 molestacionem,
1202 1400 1508 1440 inquietacionem,
1524 1402 1559 1430 et
1576 1409 1666 1441 per-¹

267 1443 517 1482 turbacionem,
535 1445 676 1475 nomine
700 1454 762 1475 suo
785 1444 909 1482 factas,
933 1447 1029 1475 ratas
1053 1444 1177 1475 habuit
1199 1444 1333 1484 pariter
1356 1447 1392 1475 et
1415 1446 1588 1484 acceptas,
1612 1453 1653 1474 ac

266 1488 352 1519 alias
368 1489 611 1528 multipliciter
633 1488 817 1528 impedivit
834 1491 870 1519 et
885 1489 1043 1529 impedit,
1067 1488 1154 1519 fecit
1177 1492 1212 1519 et
1236 1488 1333 1526 facit,
1350 1489 1536 1528 quominus
1559 1488 1652 1519 idem

268 1532 437 1563 Dominus
453 1543 562 1571 meus,
580 1533 786 1564 Exoniensis
803 1533 1004 1573 Episcopus,
1017 1533 1163 1573 pacifica
1177 1533 1394 1573 possessione
1405 1533 1459 1563 vel
1475 1532 1575 1573 quasi
1592 1542 1654 1563 sua

269 1576 469 1617 hujusmodi
485 1577 521 1607 iu
537 1577 717 1617 premissis
740 1577 847 1608 libere
871 1577 981 1618 possit
1004 1577 1166 1617 gaudere,
1191 1580 1230 1608 ut
1254 1577 1418 1615 deberet;
1442 1577 1479 1607 in
1495 1577 1653 1617 ejusdem

269 1621 486 1652 Venerabilis
502 1621 627 1659 Patris,
643 1624 721 1659 etc„
737 1622 969 1663 prejudicium
986 1632 1056 1652 non
1072 1622 1248 1652 modicum
1258 1624 1294 1652 et
1304 1632 1504 1661 gravamen.
1552 1621 1654 1652 Unde

267 1675 342 1705 ege,
360 1666 570 1696 Procurator
585 1666 774 1706 predictus,
799 1666 958 1697 senciens
981 1666 1115 1697 dictum
1139 1666 1383 1697 Venerabilem
1410 1666 1562 1703 Patrem,
1587 1666 1654 1695 Do-

268 1710 403 1740 minum
419 1720 547 1748 meum,
565 1710 797 1741 Exoniensem
822 1710 1043 1750 Episcopum,
1067 1713 1103 1741 et
1126 1721 1182 1741 me
1206 1710 1315 1750 ipsius
1339 1710 1489 1748 nomine,
1513 1720 1555 1741 ex
1579 1719 1654 1750 prc-

270 1754 385 1784 missis
408 1754 681 1794 gravaminibus,
698 1754 859 1785 omnibus
883 1758 919 1785 et
943 1755 1090 1794 singulis
1113 1757 1149 1785 et
1172 1765 1293 1785 eorum
1316 1755 1482 1794 quolibet,
1499 1754 1654 1785 indebite

270 1799 482 1838 pregravari,
499 1799 545 1829 ab
558 1798 689 1829 eisdem
707 1799 979 1838 gravaminibus,
996 1799 1157 1829 omnibus
1173 1801 1209 1830 et
1226 1799 1382 1838 singulis,
1399 1809 1440 1830 ac
1455 1801 1600 1838 propter
1615 1809 1656 1829 ea

269 1844 306 1872 et
321 1852 441 1873 eorum
458 1843 635 1883 quodlibet
652 1845 688 1874 et
704 1853 770 1883 que
786 1853 827 1874 ex
844 1843 912 1874 hiis
931 1843 1047 1884 colligi
1071 1846 1227 1883 possunt,
1244 1843 1288 1874 ad
1307 1843 1572 1874 Sacrosanctam
1597 1843 1654 1873 Se-

271 1886 351 1917 dem
367 1887 605 1927 Apostolicam
628 1890 664 1918 et
688 1887 877 1918 Dominum
901 1889 1061 1918 nostrum
1086 1888 1217 1927 Papam
1242 1887 1383 1925 directe,
1407 1887 1549 1918 nomine
1574 1887 1654 1918 Pro-

271 1931 446 1961 curatorio
469 1941 532 1971 pro
555 1931 677 1962 eodem
701 1931 902 1963 Venerabili
926 1932 1040 1970 Patre,
1065 1932 1215 1962 Domino
1242 1942 1330 1970 meo,
1355 1931 1544 1962 Exoniensi
1576 1931 1655 1971 Epi-

272 1985 385 2015 scopo,
402 1978 439 2006 et
455 1975 519 2006 sibi
541 1975 792 2006 adherentibus
807 1976 1042 2016 adherereque
1060 1976 1258 2007 volentibus
1273 1976 1533 2016 quomodolibet
1549 1976 1584 2006 in
1601 1975 1654 2006 fu-

271 2022 401 2057 turum,
418 2020 533 2060 palam
550 2023 586 2050 et
602 2020 739 2060 publice
755 2020 792 2050 in
808 2020 875 2051 hiis
893 2020 1040 2060 Scriptis
1056 2020 1202 2060 appello,
1219 2023 1254 2051 et
1272 2021 1466 2060 Apostolos,
1484 2021 1512 2051 si
1525 2024 1560 2051 et
1573 2030 1654 2060 qua-

271 2069 374 2094 tenus
390 2064 426 2094 in
443 2064 508 2095 hoc
520 2074 604 2095 casu
620 2066 701 2095 sunt
717 2064 870 2104 petendi,
894 2067 986 2105 peto,
1009 2065 1133 2104 primo,
1156 2065 1318 2103 secundo,
1335 2068 1371 2096 et
1387 2065 1507 2103 tercio,
1523 2065 1655 2095 instan-

271 2110 335 2146 ter,
351 2108 555 2146 instancius‚
572 2111 607 2139 et
624 2109 889 2147 instantissime,
914 2109 1020 2139 michi
1044 2109 1184 2140 nomine
1208 2119 1276 2149 quo
1293 2119 1397 2149 supra
1414 2109 1500 2147 dari,
1518 2109 1604 2147 fieri,
1621 2110 1656 2139 et

272 2152 412 2183 liberari
428 2163 508 2183 cum
524 2153 652 2184 effectu
664 2167 671 2190 ;
696 2153 870 2184 subiciens
882 2153 1031 2184 eundem
1045 2153 1289 2184 Venerabilem
1303 2154 1455 2192 Patrem,
1468 2153 1656 2184 Dominum

273 2206 389 2226 meum
405 2197 613 2236 predictum,
636 2200 672 2227 et
696 2207 751 2228 me
775 2197 884 2237 ipsius
906 2198 1059 2235 nomine,
1083 2207 1218 2229 necnon
1235 2207 1315 2228 suos
1332 2200 1474 2235 statum,
1493 2197 1657 2235 Ecclesie,

272 2240 435 2271 Civitatis
450 2244 486 2271 et
503 2241 659 2272 Diocesis
675 2251 817 2272 suarum
833 2242 1082 2282 predictarum,
1094 2242 1254 2282 Clerique
1271 2245 1306 2272 et
1322 2242 1440 2282 populi
1456 2241 1657 2280 earundem,

272 2294 460 2325 omnesque
483 2285 598 2315 eidem
621 2285 822 2316 Venerabili
847 2286 954 2325 Patri,
979 2286 1128 2317 Domino
1152 2297 1230 2317 meo
1254 2286 1421 2326 predicto,
1438 2286 1658 2325 adherentes,

273 2328 509 2368 adherereque
532 2330 690 2360 volentes
713 2329 749 2359 in
772 2329 944 2368 futurum,
968 2331 1191 2370 proteccioni,
1216 2330 1371 2368 tuicioni,
1399 2333 1435 2361 et
1463 2330 1658 2361 defensioni

275 2372 414 2403 Domini
431 2373 542 2403 nostri
567 2373 660 2413 Pape
683 2376 719 2404 et
745 2373 844 2404 Sedis
868 2374 1067 2414 Apostolice
1091 2375 1300 2414 supradicte.
1363 2374 1407 2405 Et
1423 2374 1503 2415 juro
1526 2374 1570 2405 ad
1594 2375 1658 2405 hec

274 2417 403 2447 Sancta
427 2417 490 2447 Dei
515 2417 716 2458 Evangelia,
741 2428 802 2457 per
826 2428 881 2448 me
905 2419 1132 2458 corporaliter
1155 2421 1260 2456 tacta,
1284 2419 1376 2459 quod
1399 2418 1492 2449 infra
1508 2419 1660 2459 quinque

273 2461 347 2492 dies
363 2461 520 2500 proximo
544 2462 730 2501 preteritos
746 2462 788 2492 de
804 2462 1067 2501 gravaminibus
1083 2463 1281 2501 antedictis,
1298 2466 1333 2494 et
1350 2473 1470 2493 eorum
1495 2463 1659 2503 quolibet,

273 2505 385 2535 cidem
404 2505 553 2536 Domino
569 2516 657 2543 meo,
674 2508 709 2536 et
726 2506 831 2537 michi
856 2506 965 2546 ipsius
987 2507 1139 2545 nomine,
1162 2507 1274 2547 primo
1298 2507 1594 2538 certitudinaliter
1610 2507 1660 2537 in-

274 2549 399 2587 notuit,
416 2551 452 2580 et
467 2559 538 2580 non
553 2553 657 2587 ante3
681 2552 716 2581 et
732 2550 824 2590 quod
839 2551 931 2581 idem
950 2551 1121 2582 Dominus
1138 2561 1235 2582 meus
1256 2552 1378 2590 nescit,
1402 2561 1467 2582 nec
1491 2561 1556 2591 ego
1579 2551 1660 2590 scio,

277 2593 334 2623 nbi
352 2593 467 2624 dictus
485 2594 655 2625 Dominus
671 2604 770 2625 meus
785 2597 912 2634 potest,
929 2595 984 2626 vel
1001 2606 1066 2635 ego
1082 2605 1233 2635 possum,
1253 2595 1380 2626 habere
1397 2595 1533 2636 copiam
1551 2596 1660 2636 ipsius

274 2637 493 2668 Venerabilis
521 2638 645 2676 Patris,
678 2639 817 2669 Domini
842 2639 1016 2678 Willelmi,
1049 2640 1312 2670 Cantuariensis
1342 2640 1615 2680 Archiepiscopi,
1640 2650 1660 2670 a

273 2691 351 2721 quo,
374 2681 431 2712 vel
453 2682 588 2713 Judicis
603 2682 648 2713 ad
664 2693 777 2723 quem,
802 2686 866 2721 est,
890 2687 929 2714 ut
952 2684 1181 2724 premittitur,
1206 2684 1431 2724 appellatum,
1456 2684 1501 2714 ad
1524 2687 1601 2715 tute
1625 2690 1661 2714 et

276 2734 395 2756 secure
419 2726 670 2757 notificandum
695 2727 761 2758 sibi
786 2727 840 2758 vel
864 2737 984 2758 eorum
1009 2728 1109 2758 alteri
1134 2732 1333 2768 presentem
1365 2728 1660 2768 Appellacionem,
1703 2731 1707 2734 ⁴

278 2769 332 2799 vel
348 2770 392 2800 ad
408 2770 598 2809 petendum
624 2771 810 2811 Apostolos
833 2771 877 2802 ab
900 2772 1023 2803 codem
1048 2772 1251 2803 Reverendo
1276 2773 1390 2810 Patre,
1416 2772 1660 2803 Cantuariensi

278 2813 557 2854 Archiepiscopo,
575 2814 667 2845 infra
684 2816 874 2846 terminum
898 2816 987 2856 juris
1010 2816 1055 2846 ad
1080 2817 1144 2846 hoc
1168 2816 1368 2853 limitatum,
1386 2817 1544 2856 quamvis
1568 2816 1658 2846 idem

282 2857 447 2888 Dominus
463 2868 562 2889 meus
578 2865 613 2889 et
629 2869 694 2898 ego
709 2860 915 2899 diligencius
939 2867 1077 2891 nostras
1100 2861 1136 2890 in
1161 2860 1226 2890 hac
1249 2862 1349 2900 parte
1366 2861 1407 2890 de
1423 2860 1501 2900 jure
1518 2860 1660 2900 requisi-

276 2908 331 2932 tas
347 2902 614 2941 adhiberemus3
639 2904 688 2934 sic
705 2904 799 2934 Deus
815 2914 870 2934 me
887 2904 1040 2945 adjuvet,
1066 2907 1101 2935 et
1125 2905 1189 2935 hec
1214 2905 1361 2935 Sancta!
1409 2905 1460 2935 Ac
1476 2908 1661 2944 propterea

279 2946 368 2977 hanc
384 2946 668 2986 Appellacionem
685 2957 801 2979 coram
818 2947 916 2979 vobis
932 2948 1112 2980 autentica
1124 2958 1282 2989 persona,
1301 2949 1446 2979 Notario
1460 2948 1612 2987 Publico,
1626 2956 1661 2979 et
