1988 3256
244 353 341 397 252

241 468 275 495 A.
280 469 318 495 D.

242 504 317 530 1371.

241 537 306 564 Vol.
322 537 346 563 1.

445 364 550 397 THE
586 364 829 398 REGISTER
861 365 923 398 OF
955 364 1137 400 BISHOP
1168 365 1573 402 BRANTYNGHAM.

361 487 365 489 -
393 469 501 509 dictis,
518 470 657 511 apposui
671 470 865 512 requisitus,
881 471 916 502 in
927 471 1161 503 testimonium
1183 471 1335 504 veritatis
1357 472 1508 505 omnium
1530 472 1778 514 premissorum.

392 514 536 546 —Istud
560 514 758 546 Mandatum
782 515 850 546 fuit
872 518 1045 556 receptum
1069 526 1128 556 per
1151 515 1334 548 Dominum
1360 517 1561 558 Episcopum
1576 516 1667 557 apud
1691 516 1777 547 Lon-

393 557 518 598 donias,
535 558 624 600 xvijo
639 558 693 589 die
709 559 833 590 mensis
849 559 1014 598 Octobris,
1030 559 1129 590 Anno
1145 559 1284 591 Domini
1299 560 1515 601 supradicto3
1539 564 1574 592 et
1596 559 1776 592 demanda·

393 604 468 632 tum
485 602 553 633 fuit
568 602 768 642 execucioni,
786 603 828 634 de
850 603 1009 634 Mandato
1031 603 1137 643 ipsius
1160 603 1298 635 Domini
1321 604 1485 646 Episcopi,
1502 614 1561 645 per
1577 603 1776 645 Magistrum

393 645 600 677 Willelmum
618 646 847 686 Todeworthe,
865 646 1096 678 Presidentem
1115 647 1323 687 Consistorii,
1340 648 1405 679 sub
1419 648 1481 680 hac
1502 646 1775 687 forma,—Presi-

392 688 475 720 dens
492 689 687 721 Consistorii
706 690 910 731 Episcopalis
927 690 1064 730 Exonie,
1080 701 1117 722 ac
1133 691 1339 723 Venerabilis
1355 692 1474 732 Patris,
1486 691 1622 723 Domini
1638 691 1776 730 Thome,

391 736 464 773 etc.‚
491 733 746 765 commissarius
768 733 802 764 in
829 733 946 765 causis
969 737 1004 766 et
1026 735 1289 766 correccionibus
1319 735 1526 776 generaliter,
1550 739 1586 767 et
1607 735 1650 766 ad
1673 734 1774 766 infra·

391 777 516 817 scripta
539 777 734 818 specialiter,
758 778 955 818 deputatus,
980 789 1018 809 ac
1042 778 1198 810 Officialis
1220 779 1273 810 sui
1297 779 1492 819 Principalis
1515 779 1626 811 locum
1645 782 1774 817 tenens,

391 820 543 852 discretis
560 821 649 860 viris,
667 821 918 853 Archidiaconis
935 821 1073 862 Exonie,
1091 822 1269 862 Cornubie,
1287 823 1453 862 Tottonie,
1470 825 1505 854 et
1519 821 1776 862 Barnaetapolie,

390 864 424 895 in
464 865 611 895 Ecclesia
644 865 833 904 Exmiensi,
869 875 1053 907 eorumque
1091 866 1305 906 Officialibus,
1343 866 1497 906 salutem,
1536 866 1776 898 ete—Literna*

389 908 595 939 executorias
613 909 884 940 Reverendorum
902 909 1051 948 Pati-um,
1070 909 1290 941 Dominorum
1309 910 1464 949 Simonis,
1487 914 1560 949 etc„
1585 913 1775 950 transump-

390 954 466 983 tum
493 953 705 993 quarundam
732 952 874 983 aliarum
904 953 1169 993 Apostolicarum
1198 954 1410 985 continentes
1438 954 1637 994 Literarum,
1665 953 1773 984 eidem

390 995 537 1027 Domino
568 996 731 1037 Episcopo
757 999 793 1028 et
824 996 920 1027 nobis
947 996 1101 1036 directas,
1133 1008 1170 1028 ac
1199 997 1242 1028 ab
1268 1008 1306 1029 eo
1337 997 1430 1039 prius
1463 1001 1621 1039 receptas,
1655 999 1691 1028 et
1717 1007 1776 1038 per

390 1050 468 1070 eum
493 1039 589 1070 nobis
612 1039 729 1071 missas
752 1040 975 1081 exequendas,
999 1039 1127 1081 xxiiijw
1149 1040 1204 1072 die
1226 1041 1384 1073 instantis
1407 1042 1532 1073 mensis
1555 1040 1710 1073 Octobris
1725 1050 1774 1072 re-

389 1083 548 1124 cepimus,
573 1083 715 1114 formem
739 1094 805 1124 que
828 1085 983 1125 sequitur
1006 1085 1488 1124 continentes‚—Miseracione
1509 1085 1631 1116 Divina
1647 1084 1774 1123 Simon,

390 1131 465 1166 etc„
494 1130 534 1158 ut
559 1127 927 1169 supra.—Injunctam,
955 1128 1069 1169 igitur,
1101 1128 1208 1159 eidem
1234 1128 1378 1160 Domino
1401 1128 1575 1169 Episcopo,
1603 1131 1638 1160 et
1667 1127 1774 1167 nobis,

390 1171 651 1202 sollicitudinem
676 1171 873 1212 hujusmodi
896 1172 1070 1212 cupientes
1093 1172 1268 1203 efficaciter
1293 1172 1469 1212 adimpleri
1490 1172 1533 1204 ad
1563 1171 1774 1213 exigendum,

386 1214 577 1254 levandum,
595 1218 629 1246 et
651 1215 891 1255 recipiendum,
908 1226 967 1256 pro
991 1216 1283 1256 procuracionibus
1305 1215 1405 1257 primi
1424 1215 1587 1257 presentis
1602 1215 1682 1247 anni
1702 1225 1773 1256 pre-

389 1258 469 1290 fatis
499 1258 755 1290 venerabilibus
789 1259 956 1298 Patribus,
992 1259 1145 1290 Dominis
1183 1259 1417 1292 Cardinalibus
1447 1259 1619 1299 ambobus,
1643 1259 1702 1298 sic,
1734 1261 1776 1290 ut

389 1302 609 1343 premittitur,
627 1302 759 1342 debitis,
776 1302 861 1333 duas
876 1306 988 1343 partes
1011 1303 1284 1343 procuracionum
1309 1313 1393 1345 quas
1415 1314 1504 1335 unus
1526 1303 1568 1335 de
1592 1302 1774 1335 Cardinali-

390 1346 452 1377 bus
469 1346 590 1378 Sancte
606 1347 755 1377 Romane
776 1346 931 1386 Ecclesie,
950 1346 1138 1387 Apostolice
1161 1347 1256 1378 Sedis
1281 1347 1425 1388 Legatus
1447 1347 1483 1378 in
1507 1348 1621 1388 Regno
1644 1346 1774 1388 Anglie,
1823 1368 1826 1371 -

389 1400 449 1431 pro
479 1390 548 1421 suis
580 1390 872 1430 procuracionibus
905 1390 1049 1431 recipere
1079 1390 1265 1429 consuevit,
1299 1401 1366 1432 que
1402 1391 1444 1422 ad
1482 1390 1643 1432 majorem
1681 1401 1772 1422 sum-

386 1444 476 1465 mam
493 1434 669 1465 ascendere
692 1434 924 1472 dinoscuntur,
941 1434 984 1465 ab
999 1434 1155 1465 omnibus
1171 1437 1207 1466 et
1221 1434 1361 1474 singulis
1378 1434 1577 1474 Abbatibus,
1594 1438 1668 1474 etc„
1692 1444 1772 1476 qua-

388 1480 497 1517 tenus,
514 1477 704 1516 videlicet,
695 1488 844 1518 ipsorum
860 1477 946 1509 bona
962 1481 997 1509 et
1013 1478 1177 1509 Beneficia
1202 1478 1430 1510 Ecclesiastica
1452 1478 1540 1510 infra
1562 1478 1686 1510 limites
1702 1488 1772 1510 ves-

387 1524 518 1552 trorum
543 1521 884 1552 Archidiaconatuum
907 1524 989 1553 sunt
1018 1522 1171 1558 inclusa;
1197 1532 1336 1562 necnon,
1359 1522 1401 1553 ad
1432 1521 1715 1554 contribuendum
1738 1522 1773 1553 in

389 1565 584 1606 hujusmodi
602 1565 893 1606 procuracionibus
916 1565 1052 1607 majoris
1074 1576 1206 1597 summe
1228 1566 1328 1598 dictis
1352 1566 1586 1598 Cardinalibus
1608 1565 1772 1597 ambobus

387 1609 519 1648 debitis,
536 1620 595 1650 per
612 1609 795 1641 Censuram
820 1609 1084 1641 Ecclesiasticam
1106 1609 1386 1650 compellendum,
1402 1610 1572 1650 librosque
1594 1619 1653 1642 seu
1670 1609 1770 1650 scrip·

385 1655 479 1684 ‘curas
503 1653 796 1692 distribucionnm,
814 1653 1037 1692 taxacionum,
1061 1653 1327 1695 imposicionum,
1344 1664 1403 1685 seu
1417 1653 1653 1692 indiccionum,
1670 1656 1706 1685 et
1720 1663 1770 1684 so-

386 1697 557 1728 lucionum
574 1697 789 1738 antiquarum
813 1707 914 1737 super
936 1697 1101 1728 similibus
1125 1697 1417 1738 procuracionibus
1440 1697 1644 1736 habitarum,
1662 1700 1697 1728 et
1712 1707 1768 1728 no-

386 1740 477 1772 mina
493 1740 645 1771 omnium
662 1740 884 1772 Ecclesiarum
902 1740 1058 1773 Civitatis
1074 1744 1108 1772 et
1123 1740 1271 1772 Diocesis
1295 1741 1533 1782 predictarum,
1552 1744 1587 1772 et
1602 1744 1771 1782 quantum

386 1784 571 1816 secundum
587 1784 744 1825 antiquas
768 1784 956 1815 taxaciones
979 1784 1021 1815 ad
1044 1784 1107 1816 hoc
1129 1788 1211 1816 sunt
1234 1788 1358 1825 taxate,
1374 1784 1468 1816 vobis
1484 1784 1634 1816 exhiberi
1655 1787 1690 1816 et
1713 1795 1771 1826 per

384 1828 512 1869 copiam
530 1828 616 1859 tradi
632 1828 823 1859 faciendum
839 1838 848 1866 3
871 1828 1008 1869 insuper
1022 1828 1282 1860 contradictores
1298 1828 1467 1870 quoslibet
1481 1828 1771 1869 compescendum,

384 1883 422 1903 ac
437 1872 547 1903 omnia
572 1872 635 1903 alia
657 1875 691 1903 et
713 1871 843 1913 singula
867 1871 1057 1903 faciendum
1080 1875 1116 1903 et
1138 1872 1382 1913 expediendum
1406 1882 1472 1913 que
1494 1872 1602 1903 eidem
1626 1871 1772 1903 Domino

386 1916 548 1956 Episcopo
564 1918 599 1946 et
615 1915 718 1955 nobis,
736 1915 948 1947 Auctoritate
965 1916 1122 1956 predicta,
1139 1919 1222 1947 sunt
1236 1916 1420 1955 commissa,
1438 1916 1540 1955 vobis,
1556 1926 1640 1956 quos
1655 1915 1690 1946 in
1706 1915 1770 1947 col-

384 1959 517 2000 ligendo
540 1959 665 1991 dictam
690 1959 864 1999 pecuniam
888 1962 1085 1999 reputamus
1107 1959 1275 1998 sollicitos,
1299 1963 1335 1991 et
1357 1959 1576 1991 custodiendo
1598 1959 1771 1990 collectam

386 2003 555 2041 discretos,
573 2013 609 2034 ac
625 2003 858 2034 distribuendo
873 2003 977 2043 ipsam
994 2002 1117 2042 fideles,
1134 2003 1233 2034 modo
1257 2003 1415 2044 premisso
1432 2003 1518 2034 vices
1534 2006 1665 2034 nostras
1680 2012 1767 2034 com-

386 2046 566 2085 mittimus,
583 2046 689 2077 donec
704 2057 758 2077 eas
775 2047 816 2077 ad.
833 2057 892 2077 nos
908 2046 1104 2077 duxerimus
1119 2047 1329 2078 revocandas.
1379 2046 1538 2088 Ideoque,
1557 2046 1770 2078 Auctor-itate

386 2090 544 2131 predicta,
562 2090 787 2121 communiter
809 2093 844 2121 et
866 2090 1010 2128 divisim,
1034 2100 1092 2121 vos
1116 2100 1301 2129 monemus,
1317 2092 1390 2129 ete,
1408 2090 1569 2132 quatinus
1592 2089 1767 2131 pecuniam

387 2136 493 2165 totam
511 2134 647 2174 majoris
670 2144 801 2165 summe
824 2133 953 2174 prefate
976 2144 1034 2174 per
1056 2144 1113 2165 vos
1136 2134 1319 2173 collectam,
1345 2144 1411 2165 una
1433 2144 1510 2165 cum
1533 2133 1687 2174 porcione
1709 2143 1768 2165 vos

386 2177 610 2218 contingente,
628 2178 668 2208 ad
686 2177 815 2208 dictum
832 2177 1063 2209 Venerabilem
1088 2178 1232 2217 Patrem,
1250 2177 1433 2209 Dominum
1451 2177 1672 2209 Exoniensem
1691 2177 1766 2218 Epi-

385 2231 534 2262 scopum,
544 2221 629 2252 citra
644 2221 783 2252 Festum
800 2220 916 2253 Sancti
932 2221 1092 2260 Nicholai,
1105 2221 1260 2262 Episcopi
1275 2224 1310 2252 et
1323 2221 1538 2259 Confessoris,
1551 2221 1703 2262 proximo
1714 2220 1767 2252 fu-

384 2267 511 2304 turum,
528 2265 619 2296 omni
636 2264 797 2296 dilacione
819 2260 1014 2315 pbstposita,
1032 2245 1271 2305 transmittere,
1277 2264 1462 2315 ipsamque
1484 2264 1592 2296 eidem
1611 2264 1727 2296 Patri·
1716 2274 1766 2296 ln-

384 2308 558 2349 tegraliter
573 2308 712 2340 reddere
727 2308 859 2340 curetis.
911 2309 961 2339 De
976 2308 1038 2347 die,
1058 2319 1143 2347 vero,
1160 2308 1360 2349 recepcionis
1376 2308 1590 2340 Preseucium
1606 2318 1645 2339 ac
1666 2308 1767 2340 modo

384 2358 419 2383 et.
434 2352 685 2393 quantitatibus
700 2352 981 2383 distribucionum
997 2355 1032 2383 et
1047 2334 1267 2392 solucionum,
1292 2363 1330 2383 ac
1352 2352 1545 2384 nominibus
1560 2351 1765 2383 solvencium

384 2399 420 2427 et
435 2406 574 2427 suorum
593 2395 844 2436 Beneficiorum,
861 2399 895 2427 et
911 2395 952 2427 de
975 2396 1194 2427 contumaciis
1217 2399 1252 2427 et
1274 2395 1546 2427 excusacionibus
1570 2406 1607 2426 ac
1623 2395 1763 2427 nomini-

383 2440 446 2471 bus
462 2450 527 2471 non
542 2439 747 2471 solvencium
764 2443 799 2471 et
814 2450 952 2471 suorum
967 2439 1222 2478 Beneficiorum
1234 2449 1371 2477 necnon,
1388 2439 1471 2480 quid
1484 2439 1629 2470 feceritis
1644 2439 1679 2470 in
1692 2449 1763 2480 pre-

382 2483 500 2523 missis,
526 2484 656 2515 dictum
672 2483 904 2515 Vener-abilam
928 2483 1072 2522 Patrem,
1096 2487 1170 2523 etc,
1194 2483 1278 2515 citra
1300 2483 1431 2514 dictum
1453 2483 1593 2514 Festum
1615 2482 1765 2514 reddatis

381 2527 515 2558 divisim
538 2527 695 2559 cerciores
719 2527 840 2558 Literis
871 2526 990 2558 vestris
1021 2527 1216 2568 patentibus
1245 2526 1450 2558 habentibus
1480 2526 1570 2558 hunc
1600 2529 1762 2558 tenorem.

381 2570 473 2610 Quis,
489 2581 577 2610 vere,
595 2573 746 2602 vestrum
770 2573 940 2611 presentes
965 2570 1093 2602 Literas
1116 2570 1223 2612 primo
1246 2570 1416 2611 receperit,
1440 2570 1678 2602 ete—Datum
1699 2569 1764 2601 sub

379 2614 487 2655 sigillo
504 2614 612 2646 Officii
627 2614 742 2653 nostri,
764 2614 896 2653 Exonie,
914 2612 1027 2655 xxvjto
1049 2614 1103 2645 die
1126 2613 1248 2645 mensis
1272 2613 1434 2653 Octobris,
1451 2613 1533 2645 A.D.
1553 2613 1614 2645 ΜΟ.
1633 2613 1764 2646 CCCmo

378 2658 624 2699 septuagesimo
640 2657 1074 2699 prima—Gertfficatorium
1096 2657 1177 2690 dicti
1201 2657 1551 2697 Mandati‚—Sim0ni‚
1575 2659 1652 2696 etc.,
1677 2656 1762 2688 Tho-

378 2711 458 2741 mas,
476 2701 714 2733 etc.—Literas
729 2704 865 2740 vestras,
885 2701 973 2743 xvij⁰
989 2701 1043 2732 die
1059 2700 1211 2733 Octobris
1227 2700 1379 2742 proximo
1395 2700 1564 2741 preterito,
1580 2699 1764 2732 Londoniis

376 2745 572 2786 recepimus,
589 2745 653 2777 sub
668 2745 730 2776 hac
745 2745 862 2784 forma,
879 2745 1086 2784 etc—Quas,
1104 2744 1251 2786 quidem,
1268 2744 1407 2782 Literas,
1423 2748 1496 2784 etc,
1509 2754 1587 2776 cum
1602 2743 1762 2775 festinan-

379 2789 429 2820 cia
453 2788 603 2829 possibili
619 2789 653 2820 in
671 2788 875 2820 Consistorio
898 2791 1013 2820 nostro
1036 2788 1165 2820 Exonie
1188 2787 1328 2819 fecimus
1350 2787 1524 2829 publicari,
1543 2790 1578 2819 et
1593 2789 1761 2828 quantum

379 2832 554 2873 potuimus
578 2832 769 2864 execucioni
791 2832 905 2863 debite
927 2831 1122 2863 demandari
1134 2841 1143 2868 ς
1169 2831 1486 2872 procuracionesque
1501 2831 1675 2872 predictas,
1701 2840 1760 2872 pro

377 2875 486 2916 primo
502 2876 649 2916 presenti
665 2886 763 2915 anne,
779 2875 822 2907 ab
839 2875 1037 2915 Abbatibus,
1054 2877 1128 2914 etc,
1145 2875 1224 2916 peti,
1241 2875 1336 2916 exigi,
1349 2874 1461 2915 levari,
1477 2874 1596 2915 colligi,
1609 2876 1644 2905 et
1659 2873 1760 2913 recipi

377 2919 531 2958 fecimus,
549 2919 583 2950 in
601 2922 778 2960 quantum,
797 2922 933 2960 propter
948 2919 1109 2960 temporis
1125 2919 1327 2950 brevitatem
1349 2921 1386 2949 et
1407 2918 1554 2950 locorum
1571 2917 1760 2956 distancias,

377 2962 525 3004 perquiri
540 2963 794 3004 quomodolibet
809 2965 997 3004 potuerunt
1010 2973 1018 3002 ;
1042 2965 1086 3003 et,
1103 2965 1205 3004 prout
1226 2961 1421 2994 continetur
1437 2961 1568 3003 plenius
1582 2961 1618 2993 in
1633 2960 1761 2993 cedulis

378 3006 596 3038 Presentibus
612 3006 761 3046 annexis,
777 3006 841 3038 sub
856 3005 964 3047 sigillo
981 3008 1096 3038 nostro
1111 3005 1239 3046 clausis,
1256 3005 1465 3047 quantitates
1480 3004 1697 3046 pecuniarum
1708 3014 1758 3036 so·
