1988 3256
350 363 446 408 466
564 374 664 407 THE
698 373 941 407 REGISTER
979 373 1039 406 OF
1075 372 1254 407 BISHOP
1290 358 1694 409 BRANTYNGHAM.

351 477 429 522 Δεῦ-
503 479 618 521 igitur,
645 479 901 518 committimus,
928 482 1002 519 etc.‚
1030 479 1202 520 quatinus,
1226 479 1262 511 in
1293 479 1434 520 singulis
1462 480 1630 522 Capitulis
1653 491 1714 523 per
1735 491 1795 513 vos
1817 480 1900 513 cole-

352 512 446 571 }ffizl
504 523 650 562 brandis,
667 523 846 564 inquiratis
862 527 896 554 et
912 523 1039 563 inquiri
1054 523 1183 555 solicite
1199 523 1338 563 faciatis,
1355 524 1398 555 de
1421 524 1614 556 nominibus
1637 530 1673 556 et
1695 524 1900 565 cognomini-

352 565 416 605 fols
451 564 458 571 ⁸
506 567 568 598 bus
584 567 857 608 delinquencinm
874 567 1102 607 predictorum
1120 577 1128 605 ς
1152 567 1456 608 erismatorumque
1472 568 1669 609 hujusmodi
1685 572 1721 600 et
1745 573 1899 600 tonsura-

351 613 415 639 95b.
507 613 620 642 torum
638 615 793 652 parentes
815 610 936 649 citetis,
953 621 1012 642 seu
1035 610 1131 642 citari
1155 611 1294 651 faciatis,
1318 612 1552 652 peremptorie,
1570 612 1661 653 quod
1684 614 1902 653 compareant

507 664 618 686 coram
635 654 741 694 nobis,
759 654 811 685 vel
828 654 951 685 nostris
966 654 1001 686 in
1019 654 1081 685 hac
1098 658 1192 695 parte
1216 655 1470 693 Commissariis,
1494 655 1595 687 certis
1618 656 1737 687 diebus
1760 659 1796 687 et
1819 655 1901 688 locis

507 708 591 739 quos
607 698 655 729 eis
672 698 823 729 videritis
835 698 1055 739 prefigendos‚
1072 708 1172 739 super
1195 698 1364 739 premissis
1380 700 1583 740 responsuri,
1601 699 1814 740 ulteriusque
1830 699 1898 731 fac·

507 742 586 781 turi,
604 746 666 773 etc.
713 742 986 782 Tonsuratosque
1002 741 1171 781 predictos
1195 742 1237 773 ab
1261 752 1324 773 usu
1347 746 1485 774 tonsure
1508 746 1544 774 et
1566 743 1800 784 superpellicii,
1825 753 1900 774 nec-

508 796 576 816 non
600 785 821 824 Vestimenta,
849 785 984 824 Calices,
1008 789 1043 816 et
1067 785 1204 825 Altaria,
1229 786 1330 816 modo
1357 796 1425 826 quo
1457 787 1669 827 premittitur
1691 789 1856 826 execrata,
1882 796 1902 818 a

509 829 633 860 Divino
650 829 796 860 Servicio
813 829 949 870 penitus
964 829 1188 870 suspendatis.
1237 829 1282 860 Et
1297 829 1380 870 quid
1398 830 1544 861 feceritis
1559 831 1592 861 in
1611 830 1781 871 premissis
1803 829 1900 862 certi—

511 873 616 904 ficetis
631 883 701 912 nos,
720 873 771 904 vel
788 873 935 914 prefatos
958 877 1090 904 nostros
1114 873 1376 913 Commissarios,
1401 874 1501 905 dictis
1523 873 1579 905 die
1601 877 1638 906 et
1659 874 1732 906 loco
1755 873 1901 915 quilibet

512 919 664 948 vestrum
680 919 848 958 quatenus
865 917 906 948 ad
923 927 999 948 eum
1014 916 1148 956 attinet,
1162 927 1222 958 per
1237 917 1367 948 Literas
1383 927 1458 949 suas
1472 920 1626 958 patentes
1638 917 1758 949 harum
1771 917 1900 956 seriem,

513 970 578 991 una
595 970 672 991 cum
695 960 876 992 citatorum
901 960 1099 1001 hujusmodi
1121 961 1316 992 nominibus
1339 964 1374 992 et
1397 961 1660 1002 cognominibus,
1677 961 1809 1003 plenius
1823 970 1901 992 con-

510 1003 825 1035 tinentes.-Dated
841 1006 878 1035 at
894 1004 1084 1044 Fariugdon
1101 1003 1250 1043 (Hanni),
1268 1005 1307 1035 16
1323 1004 1423 1037 June.

470 1052 528 1090 St.
552 1052 761 1099 Orant00k‚
784 1052 852 1090 the
872 1052 1088 1102 Collegiate
1118 1053 1277 1092 Church
1305 1054 1347 1092 of
1362 1067 1372 1101 3
1401 1054 1640 1091 Mandatum
1672 1053 1727 1091 ad
1755 1053 1900 1091 denun-

523 1108 706 1145 ciandum
724 1107 1061 1145 excommunicatos
1089 1107 1285 1146 inicientes
1312 1122 1450 1146 manus
1478 1108 1662 1146 violentas
1689 1108 1733 1145 in
1755 1106 1902 1156 presbi-

524 1169 647 1200 terum
665 1162 709 1199 in
729 1162 909 1208 Ecclesia,
932 1162 1125 1199 Divinum
1144 1161 1358 1200 Servicium
1376 1162 1684 1211 impediendo,-

361 1215 461 1243 nichil.
483 1216 638 1255 Thomas,
656 1219 732 1255 etc.‚
751 1219 865 1255 nostre
882 1216 1061 1247 Peculiaris
1085 1216 1336 1248 Jurisdiccionis
1358 1216 1393 1248 in
1418 1216 1587 1248 Cornubia
1609 1226 1647 1247 ac
1670 1215 1904 1247 Archidiaconi

514 1259 621 1292 nostri
653 1259 891 1291 Cornubiensis
922 1259 1135 1298 Officialibus,
1168 1259 1300 1291 Decano
1323 1259 1365 1291 de
1390 1260 1498 1299 Pidre,
1522 1260 1747 1300 omnibusque
1770 1259 1842 1290 aliis
1865 1262 1900 1290 et

513 1303 654 1342 singulis
670 1303 811 1334 Decanis
834 1306 869 1334 et
894 1303 1027 1334 Curatis
1051 1313 1108 1344 per
1133 1303 1336 1335 cornubiam
1360 1303 1502 1335 ubilibet
1525 1303 1728 1342 constitutis,
1744 1302 1901 1342 salutem,

514 1347 773 1379 etc—Auribus
807 1346 930 1377 nostris
960 1347 1123 1378 relacione
1153 1346 1321 1388 fidedigna
1352 1350 1404 1378 est
1428 1357 1519 1378 nunc
1543 1347 1675 1378 noviter
1702 1346 1902 1378 nunciatum

514 1391 605 1432 quod
622 1391 760 1431 quidam
777 1390 966 1431 iniquitatis
982 1390 1052 1429 filii,
1068 1400 1213 1431 quorum
1231 1390 1365 1421 nomina
1382 1395 1417 1422 et
1441 1401 1579 1432 persone
1603 1390 1727 1431 pariter
1749 1390 1901 1430 ignoran-

515 1439 583 1473 tur,
603 1433 784 1465 Ecclesiam
801 1433 1019 1474 Oollegiatam
1037 1437 1186 1465 nostram
1203 1434 1317 1465 Sancti
1334 1434 1511 1466 Carentoci
1527 1434 1560 1466 vi
1583 1437 1712 1465 armata
1736 1433 1904 1465 hostiliter

515 1482 597 1510 sunt
619 1478 768 1517 ingressi,
785 1481 888 1518 atque
910 1477 1031 1509 exinde
1055 1478 1238 1509 Dominum
1264 1477 1480 1516 Willelmum,
1503 1478 1608 1519 ipsius
1631 1477 1776 1509 Ecclesie
1799 1477 1902 1509 Deca-

515 1532 609 1561 num,
637 1521 672 1553 in
705 1521 953 1553 Presbiteratus
977 1521 1102 1553 Ordine
1125 1522 1362 1561 constitutum,
1392 1532 1430 1553 ac
1455 1522 1537 1553 alios
1560 1521 1732 1553 Ministros
1756 1520 1904 1552 Ecclesie

515 1565 718 1607 supradicte,
757 1565 889 1596 Divinis
926 1564 1084 1596 laudibus
1122 1565 1328 1605 insistentes,
1359 1565 1524 1597 violenter
1553 1567 1783 1604 extraxerunt,
1818 1573 1903 1596 ausu

516 1609 694 1641 temerario
710 1615 746 1640 et
761 1608 927 1648 sacrilego,
947 1609 1108 1639 Divinum
1126 1608 1282 1640 Officium
1299 1609 1455 1649 nequiter
1477 1609 1700 1650 impediendo,
1717 1617 1905 1648 manusque

516 1653 679 1684 violentas
697 1653 730 1683 in
749 1652 893 1683 Clericos
915 1655 950 1683 et
974 1652 1135 1683 Personas
1160 1652 1406 1683 Ecclesiasticus
1431 1656 1640 1690 memoratas,
1657 1662 1724 1683 non
1747 1651 1819 1683 sine
1841 1651 1906 1682 Dei

517 1697 641 1728 offensa
658 1696 813 1737 clerique
830 1699 866 1726 et
881 1695 996 1736 populi
1012 1695 1168 1727 scandalo
1192 1695 1288 1727 valde
1310 1696 1412 1736 gravi,
1429 1699 1556 1727 temere
1578 1695 1769 1737 injecerunt
1784 1705 1792 1734 3
1816 1694 1907 1726 unde

515 1750 582 1772 non
606 1743 658 1771 est
680 1739 823 1771 dubium
847 1739 995 1780 prefatos
1019 1739 1249 1771 malefactores
1272 1739 1409 1780 Majoris
1433 1738 1799 1771 Excommunicncionis
1822 1738 1902 1770 Sen-

517 1783 637 1822 tenoia,
654 1794 674 1814 a
690 1783 824 1815 Canone
848 1786 883 1814 et
906 1783 1107 1814 Sanctorum
1132 1783 1274 1814 Pati-um
1298 1783 1450 1815 Decretis
1473 1783 1540 1814 lata
1564 1783 1596 1814 in
1622 1783 1683 1814 hac
1706 1785 1810 1824 parte,
1833 1781 1905 1813 fore

518 1827 754 1868 multipliciter
776 1827 966 1858 innodatos.
1012 1826 1115 1858 Vobis
1138 1826 1253 1867 igitur,
1272 1826 1482 1868 conjunctim
1505 1829 1540 1858 et
1562 1827 1707 1866 divisim,
1723 1825 1906 1857 committi·
1986 1859 1988 1862 ,

519 1881 605 1909 mus,
623 1874 699 1910 etc.‚
717 1870 879 1911 quatinus
896 1869 1024 1901 Diebus
1040 1870 1225 1901 Dominicis
1240 1873 1276 1901 et
1299 1870 1451 1909 Festivis,
1468 1871 1502 1901 in
1527 1870 1684 1901 omnibus
1707 1872 1743 1901 et
1764 1868 1906 1908 singulis
1981 1872 1988 1907 '4

519 1915 676 1946 Ecclesiis
696 1914 997 1945 Archidiaconatus
1022 1913 1174 1954 predicti,
1198 1917 1367 1954 quatenus
1390 1914 1433 1945 ad
1456 1923 1734 1955 unumquemque
1757 1915 1908 1944 vestrum
1976 1917 1988 1974 j

516 1959 651 1997 attinet,
668 1958 760 1989 intra
781 1958 959 1988 Missarum
983 1957 1177 1998 solempnia,
1194 1967 1272 1988 cum
1296 1957 1403 1998 major
1425 1957 1459 1988 in
1483 1958 1608 1988 eisdem
1632 1956 1767 1988 affuerit
1790 1955 1906 1997 populi

518 2002 715 2041 multitudo,
731 2011 846 2032 omnes
863 2000 1092 2032 malefactores
1108 2000 1304 2042 hujusmodi
1321 2001 1627 2032 excommunicatos
1649 2000 1753 2031 fuisse
1775 2003 1812 2031 et
1833 2009 1905 2030 esse

518 2045 746 2087 solempniter,
766 2045 907 2086 publice,
924 2047 961 2075 et
983 2044 1017 2075 in
1041 2054 1160 2084 genere
1183 2044 1404 2084 denuncietis,
1422 2048 1457 2076 et
1479 2044 1609 2075 faciatis
1632 2054 1691 2084 per
1712 2043 1794 2074 alios
1817 2053 1904 2074 nun·

517 2089 596 2120 ciari
610 2099 619 2128 ;
649 2099 667 2120 a
683 2088 941 2119 denunciacione
957 2087 1154 2129 hujusmodi
1168 2097 1236 2119 non
1252 2091 1418 2120 cessantes
1434 2098 1609 2129 quousque
1625 2087 1728 2128 passis
1744 2086 1906 2128 injuriam

519 2133 554 2164 in
593 2133 655 2164 hac
688 2135 783 2172 parte
819 2131 1042 2163 satisfecerint
1076 2134 1309 2172 competenter
1354 2134 1390 2162 et
1430 2131 1662 2163 Absolucionis
1702 2130 1904 2162 beneficium

520 2176 706 2208 meruerint
731 2176 892 2216 optinere,
916 2186 953 2206 ac
982 2175 1074 2206 aliud
1097 2185 1116 2206 a
1139 2174 1234 2206 nobis
1258 2174 1443 2206 habueritis
1466 2175 1500 2206 in
1525 2174 1702 2207 mandatis.
1749 2173 1785 2206 Si
1807 2183 1903 2215 quos,

519 2223 644 2259 autem,
661 2219 880 2251 reclamantes
895 2218 1101 2258 inveneritis,
1118 2218 1228 2250 citetis
1244 2218 1387 2258 eosdem,
1405 2229 1461 2249 sen
1480 2218 1575 2250 citari
1598 2218 1737 2258 faciatis,
1754 2227 1903 2258 peremp-

521 2264 614 2303 torie,
632 2264 722 2305 quod
739 2265 954 2303 compareant
969 2272 1079 2294 coram
1096 2262 1201 2301 nobis,
1213 2261 1265 2293 vel
1281 2262 1406 2293 nostris
1423 2261 1674 2301 Commissariis,
1685 2261 1784 2293 certis
1799 2261 1854 2292 die
1869 2262 1906 2292 et

521 2307 592 2338 loco
607 2317 691 2348 quos
704 2306 750 2338 eis
762 2306 914 2337 videritis
930 2306 1147 2347 prefigendos,
1161 2315 1294 2336 causam
1311 2305 1558 2336 reclamacionis
1573 2315 1634 2336 sue
1648 2305 1807 2336 informa
1820 2303 1908 2346 juris

453 2374 462 2384 .
521 2350 736 2391 proposituri,
754 2350 965 2391 ulteriusque
988 2349 1122 2389 facturi,
1140 2352 1203 2381 etc.
1250 2349 1295 2380 Et
1318 2349 1401 2390 quid
1424 2349 1579 2387 feceritis,
1595 2352 1659 2380 etc.
1675 2349 1781 2388 (same
1795 2346 1900 2387 date).

368 2398 428 2459 {3²7¹-
477 2400 681 2438 Wiclifism
699 2413 709 2447 ;
741 2399 811 2437 the
831 2399 939 2449 King
958 2403 1096 2449 grants
1116 2411 1264 2449 powers
1282 2399 1343 2437 for
1362 2400 1414 2437 its
1433 2399 1752 2450 suppression,—

420 2434 441 2464 ’1
481 2454 651 2493 Ricardus,
679 2457 757 2493 etc.‚
785 2453 942 2484 omnibus
964 2453 1005 2484 ad
1030 2462 1114 2493 quos
1138 2455 1308 2493 presentes
1331 2453 1444 2484 Litere
1466 2453 1680 2494 pervenerint
1708 2451 1907 2483 salutem.—

525 2497 740 2538 Significante
763 2496 860 2528 nobis
882 2496 1073 2528 Venerabili
1103 2496 1213 2535 Patre,
1238 2496 1406 2528 Willelmo
1437 2496 1492 2537 [de
1523 2494 1740 2537 Courtensyl.
1771 2493 1908 2526 Archis-

524 2541 659 2583 piscopo
683 2540 926 2579 Cantuariensi,
950 2544 1025 2579 etc.‚
1049 2550 1108 2580 per
1132 2540 1335 2571 Peticionem
1358 2550 1454 2571 suam
1477 2539 1574 2571 nobis
1596 2539 1793 2577 exhibitam,
1809 2537 1909 2580 pleno

525 2584 737 2625 concepimus
766 2583 940 2615 intellectu
966 2583 1055 2624 quod
1086 2583 1302 2625 quamplures
1324 2583 1552 2615 conclusiones
1574 2593 1653 2614 sane
1675 2582 1828 2614 doctrine
1850 2580 1907 2612 ob·

526 2628 666 2666 viantes,
683 2630 718 2658 et
740 2627 774 2658 in
800 2627 894 2659 Fidei
918 2626 1088 2658 catholice
1112 2626 1323 2667 Ecclesieque
1347 2627 1469 2658 Sancte
1492 2637 1529 2658 ac
1551 2637 1611 2658 sue
1635 2625 1806 2658 Provincia
1827 2623 1908 2656 sub-

526 2671 712 2703 versionem
737 2670 867 2702 notorie
889 2670 1126 2709 redundantes,
1157 2670 1191 2701 in
1219 2670 1312 2701 Locis
1334 2670 1473 2701 diversis
1495 2669 1583 2701 infra
1606 2669 1814 2701 Provinciam
1836 2677 1909 2709 pre·

526 2715 651 2746 dictam
668 2714 797 2745 fuerint
812 2714 922 2755 palam
937 2716 972 2745 et
988 2713 1129 2754 publice,
1145 2713 1223 2745 licet
1238 2713 1505 2754 dampnabiliter,
1522 2713 1701 2754 predicate.
1747 2714 1909 2751 Quarum,

527 2758 674 2799 quidem,
702 2757 952 2788 conclusionum
984 2757 1129 2798 quedam
1162 2760 1202 2788 ut
1231 2756 1371 2796 hereses,
1399 2760 1507 2788 cetere
1534 2766 1611 2788 vero
1641 2759 1682 2789 ut
1703 2765 1829 2787 errores
1851 2762 1930 2796 peu·>

528 2801 710 2833 Ecclesiam
733 2800 918 2842 dampnati,
934 2800 1050 2832 habita
1071 2800 1149 2831 inde
1173 2800 1266 2841 prius
1287 2800 1374 2831 bona
1396 2803 1431 2831 et
1453 2802 1587 2832 matura
1609 2798 1858 2838 deliberacione,
1873 2805 1929 2831 ια’

527 2845 697 2876 communi
714 2844 850 2875 consilio
865 2844 970 2885 ipsius
988 2843 1234 2885 Archiepiscopi
1257 2846 1293 2875 et
1315 2843 1606 2884 Suffraganeorum
1631 2852 1770 2874 suorum
1818 2848 1919 2882 namq

527 2888 687 2930 plurium,
703 2886 738 2918 in
754 2886 934 2928 Theologia
950 2887 1144 2925 Doctorum,
1161 2887 1371 2928 aliorumque
1393 2886 1587 2918 clericorum
1611 2886 1645 2917 in
1670 2885 1779 2918 Sacris
1918 2888 1921 2922 ζ

529 2931 617 2963 turis
646 2930 843 2972 peritorum,
872 2931 1014 2962 fuerunt
1044 2929 1190 2962 finaliter
1219 2933 1255 2962 et
1283 2930 1463 2962 salubriter
1491 2929 1666 2962 declarate.
1712 2928 1821 2970 Super
1845 2936 1867 2968 q
1910 2928 1932 2971 ’,ζ

529 2974 619 3008 idem
635 2974 731 3006 nobis
747 2973 1023 3017 Arcbiepiscopus
1038 2973 1240 3017 supplicavit
1256 2976 1305 3015 ut,
1322 2984 1382 3016 pro
1396 2973 1590 3006 cohercione
1611 2972 1792 3016 debitaque
1813 2966 1921 3004 usti·
