1988 3256
169 446 247 474 AJ).

170 480 244 507 1378.

169 514 233 541 Vol.
250 514 274 541 Ῑ.

171 547 224 575 fol.
236 549 278 575 38.

527 345 816 380 REGISTRUM
852 345 1306 380 commune—Anno
1345 336 1410 380 3⁰.
1618 333 1713 381 307

328 448 460 481 Vicario
473 449 678 482 incumbunt
692 452 893 491 supportare
907 449 1122 482 inofficiatam
1136 449 1292 482 deserens
1315 450 1452 492 penitus
1467 460 1506 482 ac
1519 450 1721 489 admittens,

326 492 370 524 ab
385 502 492 534 eaque
507 493 579 532 (sic)
595 503 631 524 se
643 493 774 525 diucius
788 493 950 526 continuo
965 493 1167 532 absentavit,
1179 495 1216 525 et
1229 493 1274 525 ad
1289 493 1360 526 loca
1375 504 1410 525 se
1426 494 1605 526 transtulit
1619 494 1716 526 nobis

325 535 397 577 jam
408 536 546 568 incerta.
570 537 732 575 Quocirca
746 537 850 576 vobis,
862 537 1089 569 communiter
1099 540 1136 569 et
1151 537 1295 576 divisim,
1306 537 1554 570 committimus
1570 541 1605 569 et
1620 548 1715 570 man-

326 579 447 612 damus
460 580 622 621 quatinus
637 580 759 619 citetis,
775 584 850 619 etc.,
862 581 1035 622 prefatum
1047 581 1231 612 Dominum
1242 581 1262 613 J
1265 581 1442 621 ohannem,
1455 581 1484 613 si
1495 581 1717 622 personaliter

322 624 433 655 valeat
447 623 655 665 apprehendi
671 633 680 663 ;
701 624 859 665 alioquin,
876 624 982 665 ipsius
996 625 1251 656 Procuratorem
1262 624 1291 656 si
1306 635 1409 666 quem
1420 625 1587 657 dimiserit
1596 636 1606 662 ;
1622 625 1713 665 alias,

322 670 448 706 autem,
465 667 598 708 publice
614 667 795 699 Citacionis
818 667 938 707 edicto,
954 668 989 699 in
1005 667 1174 699 domubus
1195 668 1350 709 ejusdem
1371 668 1495 700 Vicarie
1511 679 1550 700 ac
1566 668 1714 701 Ecclesia

323 711 484 751 predicta,
500 721 612 743 coram
628 711 718 743 notis
733 714 769 743 et
784 711 898 743 amicis
913 711 982 743 suis
997 711 1130 752 publice
1145 712 1316 753 proposito
1332 715 1368 744 et
1382 712 1482 744 affixo
1497 723 1507 751 3
1522 712 1614 752 quod
1626 723 1713 744 com-

322 758 439 795 pareat
453 765 565 786 coram
581 755 678 786 nobis
692 755 747 786 die
762 755 904 787 Sabbati
920 755 1072 796 proxima
1087 759 1164 796 post
1178 755 1318 787 Festum
1335 756 1452 788 Sancti
1470 756 1709 795 Bartholomei,

321 797 486 839 Apostoli,
505 798 658 839 proximo
672 798 842 838 futurum,
860 798 1064 840 ubicumque
1080 802 1163 831 tunc
1179 799 1343 830 fuerimus
1354 799 1388 831 in
1403 799 1552 832 Civitate
1563 810 1623 831 seu
1635 799 1713 831 Dio-

321 842 387 873 cesi
405 842 542 880 Exonie,
557 851 692 874 causam
708 842 955 880 racionabilem,
974 843 1002 874 si
1017 852 1120 883 quam
1136 842 1271 881 habeat,
1289 853 1394 884 quare
1404 853 1463 884 pro
1475 843 1712 875 absentacione

322 895 360 916 ac
375 885 559 917 residencia
581 886 804 926 pretermissa,
819 885 864 917 ad
879 896 992 927 quam,
1008 886 1111 918 sicuti
1127 886 1263 918 Ottonis
1278 890 1314 918 et
1331 887 1505 925 Ottoboni,
1522 887 1714 927 Apostolice

321 928 418 960 Sedis
433 929 469 961 in
484 929 606 970 Anglia
620 939 730 970 nuper
747 930 962 970 Legatorum,
979 932 1168 970 exposcunt
1184 929 1360 970 Instituta,
1378 930 1644 962 continuandam
1656 931 1712 962 de-

321 972 393 1004 bite
407 972 595 1014 juramenti
609 972 743 1004 vinculo
758 973 920 1004 extiterat
935 973 1093 1014 alligatus
1108 984 1117 1011 3
1141 983 1271 1005 necnon
1287 976 1322 1005 et
1339 984 1399 1015 pro
1414 974 1566 1015 perjurio
1587 974 1621 1006 in
1646 985 1714 1006 non

322 1016 510 1053 residendo,
537 1019 579 1048 ut
605 1016 831 1057 premittitur,
859 1017 1037 1048 commisso
1061 1027 1122 1057 per
1148 1017 1294 1048 eundem
1319 1017 1435 1058 puniri
1468 1018 1645 1057 Canonice,
1675 1028 1715 1050 ac

319 1060 425 1092 eciam
447 1060 491 1091 ad
513 1060 732 1092 residenciam
747 1060 783 1091 in
800 1060 930 1091 Vicaria
954 1059 1106 1101 predicta
1127 1061 1291 1092 contiuuo
1312 1061 1355 1092 de
1377 1064 1489 1093 cetero
1512 1060 1711 1101 faciendam,

319 1102 406 1144 juris
421 1103 578 1135 remediis
600 1103 723 1144 quibus
746 1103 904 1135 convenit
925 1104 1031 1135 artari
1054 1114 1122 1135 non
1145 1104 1278 1143 debeat,
1301 1104 1337 1135 in
1359 1104 1476 1136 debita
1496 1105 1583 1146 juris
1605 1105 1716 1137 forma

321 1147 557 1188 propositurus
574 1158 582 1187 ;
597 1147 745 1179 sciturus
759 1147 887 1188 absque
902 1147 1006 1179 dubio
1021 1148 1123 1188 quod,
1140 1147 1168 1179 si
1183 1147 1218 1179 in
1234 1148 1380 1180 termino
1402 1158 1470 1180 non
1486 1149 1715 1190 comparuerit

320 1193 516 1230 memorato,
533 1201 590 1222 seu
608 1191 729 1223 saltem
740 1191 960 1223 residenciam
975 1191 1009 1222 in
1027 1191 1174 1223 Ecclesia
1188 1191 1259 1232 jam
1271 1191 1362 1223 dicta
1373 1202 1441 1223 non
1451 1192 1570 1224 fecerit
1582 1193 1712 1232 amodo,

321 1236 364 1266 ut.
385 1234 554 1273 convenit,
572 1234 792 1276 personalem,
816 1234 917 1275 lapsis
940 1235 1033 1276 prius
1056 1235 1268 1276 temporibus
1290 1235 1324 1267 in
1348 1235 1410 1267 hac
1426 1239 1523 1277 parte
1545 1236 1579 1267 in
1604 1236 1713 1269 Sacris

323 1276 516 1310 canonibus
532 1277 707 1319 prefinitis,
725 1278 936 1319 peractisque
952 1278 1093 1319 singulis
1108 1278 1143 1310 in
1159 1278 1358 1320 hujusmodi
1374 1279 1511 1320 negocio
1526 1279 1640 1312 debite
1662 1290 1713 1312 re·

320 1321 464 1362 quisitis,
476 1324 594 1354 contra
609 1322 754 1353 eundem
770 1321 949 1363 procedere
964 1322 1175 1354 intendimus
1191 1325 1232 1354 ut
1246 1325 1300 1354 est
1318 1320 1462 1363 justum,
1480 1327 1583 1364 prout
1598 1324 1632 1356 in
1649 1324 1712 1356 eis-

321 1364 399 1396 dem
423 1365 616 1397 Canonibus
639 1365 795 1397 novimus
816 1365 927 1397 lucide
950 1365 1022 1397 fore
1045 1366 1355 1398 cautum—Dated
1371 1369 1408 1398 at
1426 1367 1532 1407 Clyst,
1546 1368 1566 1399 8
1582 1367 1668 1408 Aug.

168 1414 227 1444 ¹s⁰¹·
274 1417 581 1457 Reconciliation
602 1419 643 1457 of
661 1419 863 1457 Chu1·ehes
882 1419 961 1456 and
982 1419 1221 1458 Cemeteries
1237 1433 1248 1467 ;
1271 1420 1529 1469 Prz'vileqz‘um
1549 1421 1716 1459 Domino

168 1448 246 1482 ua]

166 2240 216 2268 fol.

338 1486 365 1510 a
393 1473 488 1511 Sede
515 1474 735 1522 Apostolica
755 1473 953 1511 indultum
977 1486 1091 1522 super
1113 1473 1439 1512 Reconciliacione
1458 1475 1717 1513 Ecclesiarum

332 1533 367 1564 et
391 1527 683 1565 Oimiteriorum
695 1540 769 1576 per
789 1527 1047 1575 Capelianum
1065 1528 1109 1565 in
1129 1541 1171 1566 ea
1185 1534 1302 1576 parte
1328 1529 1661 1576 deputandum.—

277 1580 458 1621 Gregorius
478 1581 675 1623 Episcopus,
698 1585 773 1620 etc.,
788 1581 926 1621 Thome,
952 1581 1115 1622 Episcopo
1139 1582 1329 1622 Exoniensi,
1352 1582 1507 1622 salutem,
1530 1586 1597 1617 etc.
1643 1584 1716 1615 Tue

321 1624 511 1656 devocionis
537 1625 693 1666 precibus
719 1625 903 1666 benignum
929 1625 1164 1665 impercientes
1193 1635 1376 1664 assensum,
1406 1626 1553 1658 libenter
1581 1637 1621 1658 ea
1651 1627 1716 1659 tibi

319 1668 534 1700 concedimus
555 1668 703 1709 graciose
725 1678 792 1709 que
823 1672 884 1700 tue
906 1668 1031 1709 quietis
1047 1669 1262 1700 commodum
1284 1669 1449 1710 respicere
1470 1669 1716 1711 dignoscuntur

320 1711 419 1751 Cum,
437 1712 563 1753 itaque,
578 1712 668 1744 sicut
690 1722 750 1753 pro
772 1715 870 1752 parte
888 1715 949 1743 tua
963 1712 1032 1744 fuit
1047 1712 1258 1753 propositum
1280 1723 1392 1744 coram
1415 1714 1520 1752 nobis,
1538 1724 1616 1754 sepe
1638 1725 1713 1746 con-

319 1755 428 1796 tingat
445 1755 608 1787 Ecclesias
622 1758 660 1788 et
675 1755 850 1787 Cimiteria
865 1758 925 1787 tue
941 1755 1099 1788 Civitatis
1114 1758 1151 1787 et
1167 1756 1315 1788 Diocesis
1337 1767 1398 1797 per
1419 1757 1617 1789 effusionem
1640 1768 1713 1790 san-

317 1799 428 1840 guinis
445 1799 497 1831 vel
511 1799 647 1831 seminis
659 1799 783 1837 violari,
793 1809 859 1840 que
871 1809 939 1830 non
950 1809 1063 1840 posses
1074 1799 1286 1831 reconciliare
1297 1800 1471 1832 commode
1484 1811 1542 1841 per
1551 1802 1698 1842 teipsum
1705 1813 1713 1841 ;

317 1842 414 1873 nobis
430 1842 603 1874 humiliter
617 1843 814 1884 supplicasti
826 1845 867 1874 ut
878 1843 1054 1884 providere
1065 1843 1129 1874 tibi
1140 1853 1241 1884 super
1255 1843 1318 1875 hoc
1333 1844 1376 1875 de
1387 1848 1555 1885 oportuno
1566 1845 1715 1877 remedio

317 1885 534 1926 dignaremur
549 1896 558 1925 ;
580 1896 650 1925 nos,
666 1886 794 1927 itaque,
814 1886 882 1918 tuis
897 1886 1198 1927 supplicacionibus
1213 1887 1375 1927 inclinati,
1392 1888 1483 1928 quod
1502 1888 1663 1920 Ecclesias
1678 1892 1715 1921 et

317 1929 491 1962 cimiteria
505 1930 698 1971 supradicta
713 1940 773 1971 per
789 1930 938 1971 aliquem
959 1930 1175 1962 Sacerdotem
1190 1930 1349 1962 idoneum
1364 1931 1576 1963 reconciliare
1591 1933 1712 1972 valeas,

316 1973 474 2014 quociens
486 1973 592 2005 fuerit
606 1976 824 2014 oportunum,
834 1984 922 2014 aqua
934 1973 1027 2014 prius
1037 1984 1097 2014 per
1109 1976 1144 2005 te
1155 1973 1207 2005 vel
1219 1974 1324 2006 alium
1337 1975 1548 2014 Antistitem,
1560 1978 1601 2007 nt
1613 1976 1714 2008 moris

316 2020 378 2055 est,
401 2016 587 2056 benedicta,
611 2017 826 2049 Presencium
849 2017 912 2049 tibi
933 2017 1138 2049 auctoritate
1159 2018 1373 2049 concedimus
1394 2018 1604 2051 facultatem.
1650 2020 1715 2052 Per

315 2059 390 2100 hoc,
407 2063 533 2100 autem,
546 2060 794 2093 Constitucioni
808 2070 874 2102 que
885 2060 921 2092 id
932 2060 1074 2102 precipit
1086 2071 1146 2102 per
1157 2061 1338 2103 Episcopos
1351 2064 1487 2094 tantum
1498 2062 1568 2094 fieri
1580 2063 1714 2095 nullum

315 2104 471 2136 volumus
493 2104 716 2145 imposterum
732 2104 955 2145 prejudicium
978 2105 1139 2145 generari.
1190 2105 1406 2137 Presentibus
1428 2108 1506 2146 post
1527 2106 1715 2138 triennium

317 2147 457 2179 minime
472 2148 774 2180 valituris—Data
783 2148 873 2189 apud
886 2148 1010 2179 Villam
1023 2158 1157 2186 novam,
1171 2147 1408 2180 Avinionensis
1421 2149 1579 2189 Diocesis,
1590 2150 1712 2191 quinto

317 2190 399 2223 Idus
415 2191 572 2232 Augusti,
590 2191 816 2223 Pontificatus
831 2191 940 2223 nostri
956 2190 1055 2223 Anno
1070 2191 1175 2223 tercio
1190 2191 1225 2231 [9
1244 2193 1343 2233 Aug„
1365 2192 1471 2232 1373}

278 2244 735 2296 Letters-Dimissory,—-

276 2299 492 2340 -Brytellus
507 2299 551 2331 de
566 2298 759 2338 Bromford,
777 2298 878 2339 clei-k,
897 2298 916 2314 “
927 2299 970 2331 ad
986 2309 1103 2331 omnes
1119 2299 1262 2332 Ordines
1275 2300 1294 2314 ”
1311 2299 1499 2341 (creditam,
1516 2303 1557 2334 22
1574 2302 1688 2344 Aug.).

275 2353 473 2404 Paignton
489 2367 499 2401 ;
526 2354 682 2392 Licence
701 2357 739 2392 to
758 2354 1006 2400 celebrate,—

274 2407 375 2447 Item,
391 2407 528 2448 ibidem,
543 2411 580 2440 et
595 2407 723 2450 xxiiijto
738 2408 793 2439 die
809 2408 891 2440 dicti
914 2408 1049 2447 mensis,
1067 2408 1251 2440 Nieholaus
1275 2409 1453 2450 Kyrkham
1469 2412 1506 2442 et
1528 2409 1603 2452 ejus
1625 2421 1712 2444 uxor

354 2473 361 2481 .
387 2475 394 2482 .
419 2451 454 2483 in
471 2451 605 2493 Capella
620 2451 710 2483 infra
723 2451 911 2483 Manet-ium
927 2462 1030 2484 suum
1046 2452 1089 2483 de
1105 2451 1295 2484 Blakedone
1307 2452 1490 2494 [Blaydon]
1499 2464 1560 2495 per
1571 2465 1709 2488 annum.

275 2505 580 2557 Testamentary
597 2519 607 2554 ;
627 2505 751 2555 Super
772 2507 1010 2544 Testamento
1028 2506 1198 2544 Ricardi
1215 2507 1538 2554 Beaumound,—

276 2559 435 2599 Thomas,
450 2563 528 2597 etc.,
545 2560 653 2592 Priori
670 2560 844 2592 Prioratus
860 2560 902 2591 de
919 2560 1073 2601 Pyltone,
1090 2563 1126 2592 et
1142 2560 1287 2592 Domino
1310 2561 1331 2592 J
1334 2561 1468 2600 ohanni,
1484 2562 1616 2595 Vicario
1632 2564 1710 2596 Per-

322 2607 427 2644 petuo
450 2603 597 2635 Ecclesie
623 2603 826 2635 Parochialis
849 2604 1112 2644 Barnastapolie‚
1136 2604 1294 2643 salutem,
1321 2605 1526 2638 etc—Licet
1550 2607 1712 2640 Ricardus

321 2646 534 2686 Beawmond‚
550 2646 726 2678 familiaris
741 2650 777 2679 et
792 2647 835 2678 de
849 2647 940 2678 robis
955 2647 1080 2679 nostris
1104 2647 1186 2679 dum
1208 2648 1296 2680 vixit
1318 2648 1476 2688 existens,
1494 2650 1537 2680 ab
1553 2649 1615 2682 hac
1637 2651 1712 2683 luce

320 2689 529 2730 subtractus,
546 2691 638 2731 quod
657 2690 813 2722 dolenter
834 2690 1025 2729 referimus,
1048 2690 1147 2732 cujus
1170 2691 1381 2723 Testamenti
1404 2692 1605 2732 Insinuacio,
1632 2694 1710 2726 Pro-

321 2733 427 2772 bucio,
443 2736 480 2765 et
496 2734 705 2774 Approbacio
719 2734 762 2765 ad
778 2744 848 2772 nos,
866 2734 909 2765 de
923 2734 1168 2766 consuetudine
1183 2734 1345 2766 laudabili
1367 2735 1495 2768 usitata
1509 2739 1545 2768 et
1561 2737 1712 2778 legitime

321 2776 516 2818 prescripta,
532 2776 721 2809 dinoscitur
735 2778 906 2818 pertinere
923 2788 931 2816 ;
947 2777 1096 2818 quidam,
1112 2780 1238 2817 tamen,
1255 2778 1430 2810 Gilbertus
1454 2780 1547 2818 Neel,
1562 2781 1712 2820 clericus,

322 2819 505 2851 Officialem
521 2820 756 2852 Archidiaconi
773 2821 1025 2861 Barnastapolie
1048 2831 1084 2852 se
1106 2821 1321 2862 pretendenS,
1345 2822 1607 2856 Testamentum
1630 2825 1713 2857 dicti

321 2863 456 2895 Ricardi
471 2863 674 2896 Beawmond
697 2864 739 2896 de
761 2863 865 2903 facto,
891 2874 970 2895 cum
993 2865 1036 2895 de
1057 2863 1135 2905 jure
1158 2875 1225 2896 non
1248 2864 1373 2906 potuit,
1397 2870 1514 2907 preter
1535 2870 1572 2899 et
1594 2869 1714 2901 contra

322 2905 547 2939 Inhibiciones
576 2907 641 2939 sibi
662 2907 813 2948 legitime
836 2908 953 2946 factas,
976 2907 1187 2948 approbavit,
1209 2918 1326 2949 ymmo
1349 2909 1461 2941 verius
1495 2910 1710 2952 improbavit,

318 2950 599 2982 Jurisdiccionem
629 2954 780 2983 nostram
815 2951 1047 2992 Episcopalem
1074 2954 1203 2983 temere
1230 2952 1436 2993 usurpando,
1467 2953 1489 2986 J
1492 2963 1621 2996 uraque
1647 2954 1712 2996 [et]

307 2991 362 3040 v2
