<?xml version="1.0" encoding="UTF-8"?>
<!DOCTYPE html PUBLIC "-//W3C//DTD XHTML 1.0 Transitional//EN"
    "http://www.w3.org/TR/xhtml1/DTD/xhtml1-transitional.dtd">
<html xmlns="http://www.w3.org/1999/xhtml" xml:lang="en" lang="en">
 <head>
  <title>
</title>
<meta http-equiv="Content-Type" content="text/html;charset=utf-8" />
  <meta name='ocr-system' content='tesseract 3.04.00' />
  <meta name='ocr-capabilities' content='ocr_page ocr_carea ocr_par ocr_line ocrx_word'/>
</head>
<body>
  <div class='ocr_page' id='page_1' title='image "./registerofthomas01hinguoft_0253.png"; bbox 0 0 1988 3256; ppageno 0'>
   <div class='ocr_carea' id='block_1_1' title="bbox 151 476 254 572">
    <p class='ocr_par' dir='ltr' id='par_1_1' title="bbox 151 476 254 572">
     <span class='ocr_line' id='line_1_1' title="bbox 154 476 231 504; baseline 0 0"><span class='ocrx_word' id='word_1_1' title='bbox 154 476 231 504; x_wconf 87' lang='lat' dir='ltr'><strong>A.D.</strong></span> 
     </span>
     <span class='ocr_line' id='line_1_2' title="bbox 151 510 254 572; baseline 0 -1"><span class='ocrx_word' id='word_1_2' title='bbox 151 510 254 572; x_wconf 36' lang='lat'><strong>3331.</strong></span> 
     </span>
    </p>
   </div>
   <div class='ocr_carea' id='block_1_2' title="bbox 479 360 1702 408">
    <p class='ocr_par' dir='ltr' id='par_1_2' title="bbox 479 360 1702 408">
     <span class='ocr_line' id='line_1_3' title="bbox 479 360 1702 408; baseline -0.002 -2"><span class='ocrx_word' id='word_1_3' title='bbox 479 373 767 408; x_wconf 73' lang='lat' dir='ltr'>REGISTRUM</span> <span class='ocrx_word' id='word_1_4' title='bbox 803 370 1267 407; x_wconf 67' lang='lat' dir='ltr'>couneus—Auno</span> <span class='ocrx_word' id='word_1_5' title='bbox 1308 362 1368 405; x_wconf 89' lang='lat'>1⁰.</span> <span class='ocrx_word' id='word_1_6' title='bbox 1607 360 1702 404; x_wconf 89' lang='lat'>235</span> 
     </span>
    </p>
   </div>
   <div class='ocr_carea' id='block_1_3' title="bbox 267 476 1706 531">
    <p class='ocr_par' dir='ltr' id='par_1_3' title="bbox 267 476 1706 531">
     <span class='ocr_line' id='line_1_4' title="bbox 267 476 1706 531; baseline -0.003 -13"><span class='ocrx_word' id='word_1_7' title='bbox 267 479 711 531; x_wconf 79' lang='lat' dir='ltr'>Moreton-Hampstead</span> <span class='ocrx_word' id='word_1_8' title='bbox 727 492 739 527; x_wconf 80' lang='lat'><em>3</em></span> <span class='ocrx_word' id='word_1_9' title='bbox 769 478 996 519; x_wconf 77' lang='lat' dir='ltr'>Commissio</span> <span class='ocrx_word' id='word_1_10' title='bbox 1022 479 1069 517; x_wconf 83' lang='lat' dir='ltr'>de</span> <span class='ocrx_word' id='word_1_11' title='bbox 1098 477 1330 528; x_wconf 78' lang='lat' dir='ltr'>inquirendo</span> <span class='ocrx_word' id='word_1_12' title='bbox 1351 490 1465 526; x_wconf 81' lang='lat' dir='ltr'>super</span> <span class='ocrx_word' id='word_1_13' title='bbox 1486 476 1706 525; x_wconf 81' lang='lat' dir='ltr'><em>pollucione</em></span> 
     </span>
    </p>
   </div>
   <div class='ocr_carea' id='block_1_4' title="bbox 306 534 831 581">
    <p class='ocr_par' dir='ltr' id='par_1_4' title="bbox 306 534 831 581">
     <span class='ocr_line' id='line_1_5' title="bbox 306 534 831 581; baseline 0 -9"><span class='ocrx_word' id='word_1_14' title='bbox 306 534 503 573; x_wconf 77' lang='lat' dir='ltr'>Oimiterii</span> <span class='ocrx_word' id='word_1_15' title='bbox 520 534 566 572; x_wconf 81' lang='lat' dir='ltr'>de</span> <span class='ocrx_word' id='word_1_16' title='bbox 586 534 831 581; x_wconf 79' lang='lat' dir='ltr'>Mortone,—</span> 
     </span>
    </p>
   </div>
   <div class='ocr_carea' id='block_1_5' title="bbox 265 585 1704 630">
    <p class='ocr_par' dir='ltr' id='par_1_5' title="bbox 265 585 1704 630">
     <span class='ocr_line' id='line_1_6' title="bbox 265 585 1704 630; baseline -0.002 -10"><span class='ocrx_word' id='word_1_17' title='bbox 265 588 420 627; x_wconf 80' lang='lat' dir='ltr'><strong>Thomas,</strong></span> <span class='ocrx_word' id='word_1_18' title='bbox 437 591 511 628; x_wconf 66' lang='lat' dir='ltr'>etc„</span> <span class='ocrx_word' id='word_1_19' title='bbox 530 588 696 629; x_wconf 86' lang='lat' dir='ltr'>Magistris</span> <span class='ocrx_word' id='word_1_20' title='bbox 710 589 857 621; x_wconf 81' lang='lat' dir='ltr'>Waltero</span> <span class='ocrx_word' id='word_1_21' title='bbox 873 588 916 620; x_wconf 90' lang='lat' dir='ltr'>de</span> <span class='ocrx_word' id='word_1_22' title='bbox 935 589 1130 630; x_wconf 84' lang='lat' dir='ltr'>Bamptone,</span> <span class='ocrx_word' id='word_1_23' title='bbox 1148 586 1290 620; x_wconf 88' lang='lat' dir='ltr'>Officiali</span> <span class='ocrx_word' id='word_1_24' title='bbox 1307 586 1483 627; x_wconf 84' lang='lat' dir='ltr'>Peculiari,</span> <span class='ocrx_word' id='word_1_25' title='bbox 1501 590 1537 619; x_wconf 86' lang='lat' dir='ltr'>et</span> <span class='ocrx_word' id='word_1_26' title='bbox 1553 587 1576 619; x_wconf 86' lang='lat' dir='ltr'>J</span> <span class='ocrx_word' id='word_1_27' title='bbox 1578 585 1704 617; x_wconf 86' lang='lat' dir='ltr'>ohanni</span> 
     </span>
    </p>
   </div>
   <div class='ocr_carea' id='block_1_6' title="bbox 158 1297 271 1325">
    <p class='ocr_par' dir='ltr' id='par_1_6' title="bbox 158 1297 271 1325">
     <span class='ocr_line' id='line_1_7' title="bbox 158 1297 271 1325; baseline 0 -1"><span class='ocrx_word' id='word_1_28' title='bbox 158 1297 212 1324; x_wconf 74' lang='lat' dir='ltr'>fol.</span> <span class='ocrx_word' id='word_1_29' title='bbox 226 1297 271 1325; x_wconf 76' lang='lat' dir='ltr'>Bb.</span> 
     </span>
    </p>
   </div>
   <div class='ocr_carea' id='block_1_7' title="bbox 307 630 1719 2203">
    <p class='ocr_par' dir='ltr' id='par_1_7' title="bbox 307 630 1719 2203">
     <span class='ocr_line' id='line_1_8' title="bbox 307 630 1704 673; baseline -0.002 -10"><span class='ocrx_word' id='word_1_30' title='bbox 307 632 523 671; x_wconf 81' lang='lat' dir='ltr'>Northwode,</span> <span class='ocrx_word' id='word_1_31' title='bbox 540 632 744 673; x_wconf 79' lang='lat' dir='ltr'>Registrario</span> <span class='ocrx_word' id='word_1_32' title='bbox 766 635 892 671; x_wconf 80' lang='lat' dir='ltr'>nostro,</span> <span class='ocrx_word' id='word_1_33' title='bbox 915 632 951 664; x_wconf 91' lang='lat' dir='ltr'>in</span> <span class='ocrx_word' id='word_1_34' title='bbox 975 632 1134 671; x_wconf 77' lang='lat' dir='ltr'>Devonia,</span> <span class='ocrx_word' id='word_1_35' title='bbox 1151 632 1307 670; x_wconf 82' lang='lat' dir='ltr'>salutem,</span> <span class='ocrx_word' id='word_1_36' title='bbox 1326 632 1491 663; x_wconf 69' lang='lat' dir='ltr'>etc—Ex</span> <span class='ocrx_word' id='word_1_37' title='bbox 1510 634 1606 672; x_wconf 87' lang='lat' dir='ltr'>parte</span> <span class='ocrx_word' id='word_1_38' title='bbox 1622 630 1704 661; x_wconf 89' lang='lat' dir='ltr'>Wil-</span> 
     </span>
     <span class='ocr_line' id='line_1_9' title="bbox 307 674 1707 717; baseline -0.003 -9"><span class='ocrx_word' id='word_1_39' title='bbox 307 676 400 708; x_wconf 89' lang='lat' dir='ltr'>lelmi</span> <span class='ocrx_word' id='word_1_40' title='bbox 425 676 612 715; x_wconf 84' lang='lat' dir='ltr'>Totescote,</span> <span class='ocrx_word' id='word_1_41' title='bbox 637 675 790 717; x_wconf 83' lang='lat' dir='ltr'>junioris,</span> <span class='ocrx_word' id='word_1_42' title='bbox 821 679 857 707; x_wconf 89' lang='lat' dir='ltr'>et</span> <span class='ocrx_word' id='word_1_43' title='bbox 882 676 1048 708; x_wconf 87' lang='lat' dir='ltr'>Johannis</span> <span class='ocrx_word' id='word_1_44' title='bbox 1074 676 1182 714; x_wconf 91' lang='lat' dir='ltr'>Borel,</span> <span class='ocrx_word' id='word_1_45' title='bbox 1209 674 1365 716; x_wconf 86' lang='lat' dir='ltr'>junioris,</span> <span class='ocrx_word' id='word_1_46' title='bbox 1393 675 1435 707; x_wconf 85' lang='lat' dir='ltr'>de</span> <span class='ocrx_word' id='word_1_47' title='bbox 1471 674 1631 707; x_wconf 86' lang='lat' dir='ltr'>Parochia</span> <span class='ocrx_word' id='word_1_48' title='bbox 1664 674 1707 704; x_wconf 83' lang='lat' dir='ltr'>de</span> 
     </span>
     <span class='ocr_line' id='line_1_10' title="bbox 309 718 1707 761; baseline -0.001 -10"><span class='ocrx_word' id='word_1_49' title='bbox 309 720 472 759; x_wconf 85' lang='lat' dir='ltr'>Mortone,</span> <span class='ocrx_word' id='word_1_50' title='bbox 490 719 585 751; x_wconf 89' lang='lat' dir='ltr'>uobis</span> <span class='ocrx_word' id='word_1_51' title='bbox 600 720 717 751; x_wconf 84' lang='lat' dir='ltr'>extitit</span> <span class='ocrx_word' id='word_1_52' title='bbox 731 720 930 752; x_wconf 80' lang='lat' dir='ltr'>intimatum</span> <span class='ocrx_word' id='word_1_53' title='bbox 953 720 1054 761; x_wconf 85' lang='lat' dir='ltr'>quod,</span> <span class='ocrx_word' id='word_1_54' title='bbox 1071 720 1150 751; x_wconf 88' lang='lat' dir='ltr'>lieet</span> <span class='ocrx_word' id='word_1_55' title='bbox 1172 719 1238 760; x_wconf 86' lang='lat' dir='ltr'>ipsi</span> <span class='ocrx_word' id='word_1_56' title='bbox 1256 718 1447 750; x_wconf 79' lang='lat' dir='ltr'><strong>willelmus</strong></span> <span class='ocrx_word' id='word_1_57' title='bbox 1473 723 1509 750; x_wconf 85' lang='lat' dir='ltr'>et</span> <span class='ocrx_word' id='word_1_58' title='bbox 1533 719 1553 750; x_wconf 90' lang='lat' dir='ltr'><strong>J</strong></span> <span class='ocrx_word' id='word_1_59' title='bbox 1557 718 1707 750; x_wconf 88' lang='lat' dir='ltr'>ohannes</span> 
     </span>
     <span class='ocr_line' id='line_1_11' title="bbox 308 762 1706 805; baseline -0.002 -10"><span class='ocrx_word' id='word_1_60' title='bbox 308 764 343 795; x_wconf 90' lang='lat' dir='ltr'>in</span> <span class='ocrx_word' id='word_1_61' title='bbox 367 764 549 805; x_wconf 83' lang='lat' dir='ltr'>quemdam</span> <span class='ocrx_word' id='word_1_62' title='bbox 576 763 758 795; x_wconf 80' lang='lat' dir='ltr'><strong>Ricardum</strong></span> <span class='ocrx_word' id='word_1_63' title='bbox 785 763 902 805; x_wconf 83' lang='lat' dir='ltr'>Bayly,</span> <span class='ocrx_word' id='word_1_64' title='bbox 930 764 973 795; x_wconf 86' lang='lat' dir='ltr'>de</span> <span class='ocrx_word' id='word_1_65' title='bbox 998 763 1159 795; x_wconf 79' lang='lat' dir='ltr'>Parochia</span> <span class='ocrx_word' id='word_1_66' title='bbox 1187 762 1346 804; x_wconf 87' lang='lat' dir='ltr'>predicta,</span> <span class='ocrx_word' id='word_1_67' title='bbox 1376 763 1466 794; x_wconf 76' lang='lat' dir='ltr'>infra</span> <span class='ocrx_word' id='word_1_68' title='bbox 1488 762 1706 795; x_wconf 85' lang='lat' dir='ltr'>Cimiterium</span> 
     </span>
     <span class='ocr_line' id='line_1_12' title="bbox 312 805 1706 847; baseline -0.001 -8"><span class='ocrx_word' id='word_1_69' title='bbox 312 807 457 840; x_wconf 87' lang='lat' dir='ltr'>Ecclesie</span> <span class='ocrx_word' id='word_1_70' title='bbox 479 808 521 839; x_wconf 90' lang='lat' dir='ltr'>de</span> <span class='ocrx_word' id='word_1_71' title='bbox 545 807 726 839; x_wconf 83' lang='lat' dir='ltr'>Mourtone</span> <span class='ocrx_word' id='word_1_72' title='bbox 751 806 822 847; x_wconf 78' lang='lat' dir='ltr'>(sic)</span> <span class='ocrx_word' id='word_1_73' title='bbox 848 808 918 838; x_wconf 87' lang='lat' dir='ltr'>Deo</span> <span class='ocrx_word' id='word_1_74' title='bbox 941 807 1145 846; x_wconf 75' lang='lat' dir='ltr'>dedicatum,</span> <span class='ocrx_word' id='word_1_75' title='bbox 1169 810 1204 838; x_wconf 85' lang='lat' dir='ltr'>et</span> <span class='ocrx_word' id='word_1_76' title='bbox 1227 809 1324 838; x_wconf 86' lang='lat' dir='ltr'>extra</span> <span class='ocrx_word' id='word_1_77' title='bbox 1354 807 1497 838; x_wconf 79' lang='lat' dir='ltr'>eandem</span> <span class='ocrx_word' id='word_1_78' title='bbox 1522 805 1706 838; x_wconf 77' lang='lat' dir='ltr'>Ecclesiam</span> 
     </span>
     <span class='ocr_line' id='line_1_13' title="bbox 311 850 1707 892; baseline -0.001 -9"><span class='ocrx_word' id='word_1_79' title='bbox 311 851 500 891; x_wconf 89' lang='lat' dir='ltr'>omnino,in</span> <span class='ocrx_word' id='word_1_80' title='bbox 510 861 589 883; x_wconf 85' lang='lat' dir='ltr'>casu</span> <span class='ocrx_word' id='word_1_81' title='bbox 601 862 620 882; x_wconf 89' lang='lat' dir='ltr'>a</span> <span class='ocrx_word' id='word_1_82' title='bbox 628 851 705 891; x_wconf 86' lang='lat' dir='ltr'>jure</span> <span class='ocrx_word' id='word_1_83' title='bbox 715 862 781 882; x_wconf 91' lang='lat' dir='ltr'>non</span> <span class='ocrx_word' id='word_1_84' title='bbox 794 851 965 892; x_wconf 89' lang='lat' dir='ltr'>permisso,</span> <span class='ocrx_word' id='word_1_85' title='bbox 974 861 1094 882; x_wconf 80' lang='lat' dir='ltr'>manus</span> <span class='ocrx_word' id='word_1_86' title='bbox 1105 850 1298 892; x_wconf 84' lang='lat' dir='ltr'>injecissent</span> <span class='ocrx_word' id='word_1_87' title='bbox 1312 853 1438 882; x_wconf 84' lang='lat' dir='ltr'>temere</span> <span class='ocrx_word' id='word_1_88' title='bbox 1445 851 1619 890; x_wconf 83' lang='lat' dir='ltr'>violentas,</span> <span class='ocrx_word' id='word_1_89' title='bbox 1629 859 1707 881; x_wconf 89' lang='lat' dir='ltr'>cum</span> 
     </span>
     <span class='ocr_line' id='line_1_14' title="bbox 310 893 1708 935; baseline -0.001 -9"><span class='ocrx_word' id='word_1_90' title='bbox 310 895 471 927; x_wconf 82' lang='lat' dir='ltr'>effusione</span> <span class='ocrx_word' id='word_1_91' title='bbox 486 895 668 934; x_wconf 77' lang='lat' dir='ltr'>sanguinis,</span> <span class='ocrx_word' id='word_1_92' title='bbox 687 898 726 926; x_wconf 80' lang='lat' dir='ltr'>ut</span> <span class='ocrx_word' id='word_1_93' title='bbox 741 895 911 933; x_wconf 84' lang='lat' dir='ltr'>asseritur,</span> <span class='ocrx_word' id='word_1_94' title='bbox 928 895 1024 926; x_wconf 86' lang='lat' dir='ltr'>valde</span> <span class='ocrx_word' id='word_1_95' title='bbox 1040 895 1143 935; x_wconf 81' lang='lat' dir='ltr'>gravi,</span> <span class='ocrx_word' id='word_1_96' title='bbox 1161 894 1253 926; x_wconf 91' lang='lat' dir='ltr'>unde</span> <span class='ocrx_word' id='word_1_97' title='bbox 1275 894 1367 926; x_wconf 89' lang='lat' dir='ltr'>idem</span> <span class='ocrx_word' id='word_1_98' title='bbox 1395 894 1613 927; x_wconf 86' lang='lat' dir='ltr'>Cimiterium</span> <span class='ocrx_word' id='word_1_99' title='bbox 1639 893 1708 924; x_wconf 73' lang='lat' dir='ltr'>fuit</span> 
     </span>
     <span class='ocr_line' id='line_1_15' title="bbox 310 937 1708 980; baseline -0.001 -10"><span class='ocrx_word' id='word_1_100' title='bbox 310 942 346 970; x_wconf 88' lang='lat' dir='ltr'>et</span> <span class='ocrx_word' id='word_1_101' title='bbox 371 942 423 970; x_wconf 88' lang='lat' dir='ltr'>est</span> <span class='ocrx_word' id='word_1_102' title='bbox 446 939 641 980; x_wconf 76' lang='lat' dir='ltr'>pollutum:</span> <span class='ocrx_word' id='word_1_103' title='bbox 681 938 812 980; x_wconf 78' lang='lat' dir='ltr'><strong>ipsique</strong></span> <span class='ocrx_word' id='word_1_104' title='bbox 849 938 1036 970; x_wconf 89' lang='lat' dir='ltr'>Willelmus</span> <span class='ocrx_word' id='word_1_105' title='bbox 1066 941 1102 970; x_wconf 93' lang='lat' dir='ltr'>et</span> <span class='ocrx_word' id='word_1_106' title='bbox 1128 938 1311 978; x_wconf 80' lang='lat' dir='ltr'>Johannes,</span> <span class='ocrx_word' id='word_1_107' title='bbox 1344 938 1387 969; x_wconf 90' lang='lat' dir='ltr'>de</span> <span class='ocrx_word' id='word_1_108' title='bbox 1417 938 1607 970; x_wconf 82' lang='lat' dir='ltr'>commissis</span> <span class='ocrx_word' id='word_1_109' title='bbox 1637 937 1708 968; x_wconf 89' lang='lat' dir='ltr'>suis</span> 
     </span>
     <span class='ocr_line' id='line_1_16' title="bbox 314 981 1708 1024; baseline -0.002 -10"><span class='ocrx_word' id='word_1_110' title='bbox 314 982 511 1024; x_wconf 85' lang='lat' dir='ltr'>hujusmodi</span> <span class='ocrx_word' id='word_1_111' title='bbox 533 982 759 1021; x_wconf 79' lang='lat' dir='ltr'><strong>condolentes,</strong></span> <span class='ocrx_word' id='word_1_112' title='bbox 786 982 830 1013; x_wconf 85' lang='lat' dir='ltr'>ad</span> <span class='ocrx_word' id='word_1_113' title='bbox 853 982 1129 1014; x_wconf 83' lang='lat' dir='ltr'>satisfaciendum</span> <span class='ocrx_word' id='word_1_114' title='bbox 1153 982 1247 1013; x_wconf 81' lang='lat' dir='ltr'>Parti</span> <span class='ocrx_word' id='word_1_115' title='bbox 1270 985 1408 1023; x_wconf 86' lang='lat' dir='ltr'>propter</span> <span class='ocrx_word' id='word_1_116' title='bbox 1430 993 1478 1019; x_wconf 82' lang='lat' dir='ltr'>ea,</span> <span class='ocrx_word' id='word_1_117' title='bbox 1504 981 1651 1014; x_wconf 88' lang='lat' dir='ltr'>Ecclesie</span> <span class='ocrx_word' id='word_1_118' title='bbox 1673 984 1708 1012; x_wconf 89' lang='lat' dir='ltr'>et</span> 
     </span>
     <span class='ocr_line' id='line_1_17' title="bbox 316 1025 1707 1068; baseline -0.002 -10"><span class='ocrx_word' id='word_1_119' title='bbox 316 1027 416 1065; x_wconf 83' lang='lat' dir='ltr'>Parti,</span> <span class='ocrx_word' id='word_1_120' title='bbox 449 1030 489 1058; x_wconf 89' lang='lat' dir='ltr'>ut</span> <span class='ocrx_word' id='word_1_121' title='bbox 517 1026 651 1065; x_wconf 90' lang='lat' dir='ltr'>dicitur,</span> <span class='ocrx_word' id='word_1_122' title='bbox 678 1026 748 1057; x_wconf 90' lang='lat' dir='ltr'>sint</span> <span class='ocrx_word' id='word_1_123' title='bbox 776 1026 886 1066; x_wconf 81' lang='lat' dir='ltr'>parati</span> <span class='ocrx_word' id='word_1_124' title='bbox 901 1037 910 1064; x_wconf 90' lang='lat'>;</span> <span class='ocrx_word' id='word_1_125' title='bbox 948 1025 1098 1068; x_wconf 80' lang='lat' dir='ltr'>quidam,</span> <span class='ocrx_word' id='word_1_126' title='bbox 1130 1029 1255 1064; x_wconf 82' lang='lat' dir='ltr'>tamen,</span> <span class='ocrx_word' id='word_1_127' title='bbox 1286 1025 1424 1057; x_wconf 86' lang='lat' dir='ltr'>Domini</span> <span class='ocrx_word' id='word_1_128' title='bbox 1451 1026 1636 1058; x_wconf 82' lang='lat' dir='ltr'>Nicholaus</span> <span class='ocrx_word' id='word_1_129' title='bbox 1665 1025 1707 1056; x_wconf 84' lang='lat' dir='ltr'>de</span> 
     </span>
     <span class='ocr_line' id='line_1_18' title="bbox 314 1068 1709 1111; baseline -0.002 -9"><span class='ocrx_word' id='word_1_130' title='bbox 314 1070 499 1110; x_wconf 86' lang='lat' dir='ltr'>Deneham,</span> <span class='ocrx_word' id='word_1_131' title='bbox 523 1069 695 1102; x_wconf 87' lang='lat' dir='ltr'>Johannes</span> <span class='ocrx_word' id='word_1_132' title='bbox 724 1070 767 1101; x_wconf 85' lang='lat' dir='ltr'>de</span> <span class='ocrx_word' id='word_1_133' title='bbox 793 1069 944 1108; x_wconf 86' lang='lat' dir='ltr'>Clifford,</span> <span class='ocrx_word' id='word_1_134' title='bbox 976 1072 1012 1101; x_wconf 89' lang='lat' dir='ltr'>et</span> <span class='ocrx_word' id='word_1_135' title='bbox 1041 1069 1239 1109; x_wconf 88' lang='lat' dir='ltr'>Willelmus,</span> <span class='ocrx_word' id='word_1_136' title='bbox 1272 1069 1438 1110; x_wconf 72' lang='lat' dir='ltr'>presbiter</span> <span class='ocrx_word' id='word_1_137' title='bbox 1468 1068 1709 1111; x_wconf 84' lang='lat' dir='ltr'>stipendiarius</span> 
     </span>
     <span class='ocr_line' id='line_1_19' title="bbox 317 1113 1708 1156; baseline -0.001 -12"><span class='ocrx_word' id='word_1_138' title='bbox 317 1114 455 1156; x_wconf 86' lang='lat' dir='ltr'>Waryni</span> <span class='ocrx_word' id='word_1_139' title='bbox 478 1113 617 1155; x_wconf 80' lang='lat' dir='ltr'>Baylife,</span> <span class='ocrx_word' id='word_1_140' title='bbox 641 1113 796 1155; x_wconf 87' lang='lat' dir='ltr'>ejusdem</span> <span class='ocrx_word' id='word_1_141' title='bbox 820 1113 965 1145; x_wconf 88' lang='lat' dir='ltr'>Ecclesie</span> <span class='ocrx_word' id='word_1_142' title='bbox 989 1113 1170 1154; x_wconf 74' lang='lat' dir='ltr'>Capellam,</span> <span class='ocrx_word' id='word_1_143' title='bbox 1196 1116 1333 1154; x_wconf 86' lang='lat' dir='ltr'>propter</span> <span class='ocrx_word' id='word_1_144' title='bbox 1357 1113 1519 1154; x_wconf 87' lang='lat' dir='ltr'>premissa</span> <span class='ocrx_word' id='word_1_145' title='bbox 1542 1115 1708 1151; x_wconf 86' lang='lat' dir='ltr'>asserunt,</span> 
     </span>
     <span class='ocr_line' id='line_1_20' title="bbox 313 1157 1710 1198; baseline -0.001 -9"><span class='ocrx_word' id='word_1_146' title='bbox 313 1157 394 1189; x_wconf 89' lang='lat' dir='ltr'>licet</span> <span class='ocrx_word' id='word_1_147' title='bbox 423 1158 536 1189; x_wconf 88' lang='lat' dir='ltr'>minus</span> <span class='ocrx_word' id='word_1_148' title='bbox 567 1157 738 1194; x_wconf 84' lang='lat' dir='ltr'>veraciter,</span> <span class='ocrx_word' id='word_1_149' title='bbox 771 1160 812 1188; x_wconf 90' lang='lat' dir='ltr'>ut</span> <span class='ocrx_word' id='word_1_150' title='bbox 840 1157 974 1196; x_wconf 87' lang='lat' dir='ltr'>dicitur,</span> <span class='ocrx_word' id='word_1_151' title='bbox 1006 1157 1148 1188; x_wconf 82' lang='lat' dir='ltr'>eandem</span> <span class='ocrx_word' id='word_1_152' title='bbox 1180 1157 1363 1188; x_wconf 77' lang='lat' dir='ltr'>Ecclesiam</span> <span class='ocrx_word' id='word_1_153' title='bbox 1399 1157 1574 1198; x_wconf 87' lang='lat' dir='ltr'>pollutam,</span> <span class='ocrx_word' id='word_1_154' title='bbox 1606 1160 1642 1188; x_wconf 90' lang='lat' dir='ltr'>et</span> <span class='ocrx_word' id='word_1_155' title='bbox 1674 1167 1710 1187; x_wconf 88' lang='lat' dir='ltr'>se</span> 
     </span>
     <span class='ocr_line' id='line_1_21' title="bbox 314 1200 1708 1242; baseline 0 -10"><span class='ocrx_word' id='word_1_156' title='bbox 314 1201 482 1233; x_wconf 86' lang='lat' dir='ltr'>abstinere</span> <span class='ocrx_word' id='word_1_157' title='bbox 497 1201 618 1232; x_wconf 88' lang='lat' dir='ltr'>debere</span> <span class='ocrx_word' id='word_1_158' title='bbox 634 1201 668 1232; x_wconf 92' lang='lat' dir='ltr'>in</span> <span class='ocrx_word' id='word_1_159' title='bbox 684 1201 811 1239; x_wconf 84' lang='lat' dir='ltr'>eadem,</span> <span class='ocrx_word' id='word_1_160' title='bbox 824 1200 914 1232; x_wconf 85' lang='lat' dir='ltr'>sicut</span> <span class='ocrx_word' id='word_1_161' title='bbox 924 1211 959 1232; x_wconf 89' lang='lat' dir='ltr'>se</span> <span class='ocrx_word' id='word_1_162' title='bbox 969 1200 1152 1238; x_wconf 87' lang='lat' dir='ltr'>abstinent,</span> <span class='ocrx_word' id='word_1_163' title='bbox 1167 1201 1303 1241; x_wconf 85' lang='lat' dir='ltr'>penitus</span> <span class='ocrx_word' id='word_1_164' title='bbox 1315 1211 1335 1232; x_wconf 82' lang='lat' dir='ltr'>a</span> <span class='ocrx_word' id='word_1_165' title='bbox 1350 1201 1491 1240; x_wconf 87' lang='lat' dir='ltr'>Divinis,</span> <span class='ocrx_word' id='word_1_166' title='bbox 1507 1201 1542 1232; x_wconf 91' lang='lat' dir='ltr'>in</span> <span class='ocrx_word' id='word_1_167' title='bbox 1556 1202 1708 1242; x_wconf 89' lang='lat' dir='ltr'>ipsorum</span> 
     </span>
     <span class='ocr_line' id='line_1_22' title="bbox 315 1244 1709 1286; baseline -0.001 -10"><span class='ocrx_word' id='word_1_168' title='bbox 315 1245 590 1286; x_wconf 83' lang='lat' dir='ltr'>parochianorum</span> <span class='ocrx_word' id='word_1_169' title='bbox 603 1244 830 1286; x_wconf 84' lang='lat' dir='ltr'>prejudicium</span> <span class='ocrx_word' id='word_1_170' title='bbox 840 1248 874 1275; x_wconf 89' lang='lat' dir='ltr'>et</span> <span class='ocrx_word' id='word_1_171' title='bbox 886 1255 1076 1286; x_wconf 81' lang='lat' dir='ltr'>gravamen.</span> <span class='ocrx_word' id='word_1_172' title='bbox 1122 1244 1293 1282; x_wconf 87' lang='lat' dir='ltr'>Volentes,</span> <span class='ocrx_word' id='word_1_173' title='bbox 1307 1245 1421 1285; x_wconf 89' lang='lat' dir='ltr'>igitur,</span> <span class='ocrx_word' id='word_1_174' title='bbox 1433 1255 1534 1285; x_wconf 89' lang='lat' dir='ltr'>super</span> <span class='ocrx_word' id='word_1_175' title='bbox 1550 1245 1709 1275; x_wconf 90' lang='lat' dir='ltr'>omnibus</span> 
     </span>
     <span class='ocr_line' id='line_1_23' title="bbox 312 1288 1708 1330; baseline -0.001 -10"><span class='ocrx_word' id='word_1_176' title='bbox 312 1292 348 1320; x_wconf 90' lang='lat' dir='ltr'>et</span> <span class='ocrx_word' id='word_1_177' title='bbox 369 1289 510 1329; x_wconf 87' lang='lat' dir='ltr'>singulis</span> <span class='ocrx_word' id='word_1_178' title='bbox 533 1289 687 1330; x_wconf 88' lang='lat' dir='ltr'>superius</span> <span class='ocrx_word' id='word_1_179' title='bbox 710 1288 885 1329; x_wconf 71' lang='lat' dir='ltr'>suggestis,</span> <span class='ocrx_word' id='word_1_180' title='bbox 909 1299 951 1320; x_wconf 86' lang='lat' dir='ltr'>ex</span> <span class='ocrx_word' id='word_1_181' title='bbox 975 1288 1090 1320; x_wconf 83' lang='lat' dir='ltr'>Officio</span> <span class='ocrx_word' id='word_1_182' title='bbox 1116 1292 1230 1319; x_wconf 86' lang='lat' dir='ltr'>nostro</span> <span class='ocrx_word' id='word_1_183' title='bbox 1253 1291 1288 1319; x_wconf 91' lang='lat' dir='ltr'>et</span> <span class='ocrx_word' id='word_1_184' title='bbox 1312 1299 1372 1329; x_wconf 90' lang='lat' dir='ltr'>pro</span> <span class='ocrx_word' id='word_1_185' title='bbox 1395 1288 1534 1329; x_wconf 83' lang='lat' dir='ltr'>justicia</span> <span class='ocrx_word' id='word_1_186' title='bbox 1552 1289 1708 1319; x_wconf 83' lang='lat' dir='ltr'>Parcium</span> 
     </span>
     <span class='ocr_line' id='line_1_24' title="bbox 314 1331 1706 1374; baseline -0.001 -10"><span class='ocrx_word' id='word_1_187' title='bbox 314 1332 550 1374; x_wconf 78' lang='lat' dir='ltr'>predictarum,</span> <span class='ocrx_word' id='word_1_188' title='bbox 567 1335 608 1364; x_wconf 90' lang='lat' dir='ltr'>ut</span> <span class='ocrx_word' id='word_1_189' title='bbox 623 1332 729 1372; x_wconf 85' lang='lat' dir='ltr'>decet,</span> <span class='ocrx_word' id='word_1_190' title='bbox 748 1332 892 1372; x_wconf 77' lang='lat' dir='ltr'>plenarie</span> <span class='ocrx_word' id='word_1_191' title='bbox 914 1331 1098 1371; x_wconf 77' lang='lat' dir='ltr'>informari,</span> <span class='ocrx_word' id='word_1_192' title='bbox 1124 1332 1227 1371; x_wconf 89' lang='lat' dir='ltr'>vobis,</span> <span class='ocrx_word' id='word_1_193' title='bbox 1245 1336 1280 1362; x_wconf 89' lang='lat' dir='ltr'>et</span> <span class='ocrx_word' id='word_1_194' title='bbox 1303 1332 1443 1363; x_wconf 72' lang='lat' dir='ltr'>cuilibet</span> <span class='ocrx_word' id='word_1_195' title='bbox 1467 1336 1632 1371; x_wconf 83' lang='lat' dir='ltr'>vestrum,</span> <span class='ocrx_word' id='word_1_196' title='bbox 1658 1332 1706 1363; x_wconf 91' lang='lat' dir='ltr'>in-</span> 
     </span>
     <span class='ocr_line' id='line_1_25' title="bbox 312 1375 1707 1417; baseline -0.001 -10"><span class='ocrx_word' id='word_1_197' title='bbox 312 1376 498 1417; x_wconf 85' lang='lat' dir='ltr'>jungimus,</span> <span class='ocrx_word' id='word_1_198' title='bbox 514 1375 770 1415; x_wconf 85' lang='lat' dir='ltr'>committimus,</span> <span class='ocrx_word' id='word_1_199' title='bbox 787 1378 823 1406; x_wconf 90' lang='lat' dir='ltr'>et</span> <span class='ocrx_word' id='word_1_200' title='bbox 838 1375 1038 1407; x_wconf 88' lang='lat' dir='ltr'>mandamus</span> <span class='ocrx_word' id='word_1_201' title='bbox 1054 1375 1218 1417; x_wconf 76' lang='lat' dir='ltr'>quatinus</span> <span class='ocrx_word' id='word_1_202' title='bbox 1235 1386 1324 1407; x_wconf 90' lang='lat' dir='ltr'>unus</span> <span class='ocrx_word' id='word_1_203' title='bbox 1348 1380 1499 1407; x_wconf 87' lang='lat' dir='ltr'>vestrum</span> <span class='ocrx_word' id='word_1_204' title='bbox 1518 1377 1560 1407; x_wconf 90' lang='lat' dir='ltr'>ad</span> <span class='ocrx_word' id='word_1_205' title='bbox 1581 1376 1707 1407; x_wconf 86' lang='lat' dir='ltr'>dictam</span> 
     </span>
     <span class='ocr_line' id='line_1_26' title="bbox 316 1419 1708 1461; baseline -0.001 -10"><span class='ocrx_word' id='word_1_206' title='bbox 316 1420 499 1457; x_wconf 84' lang='lat' dir='ltr'>Ecclesiam</span> <span class='ocrx_word' id='word_1_207' title='bbox 526 1419 744 1460; x_wconf 85' lang='lat' dir='ltr'>personaliter</span> <span class='ocrx_word' id='word_1_208' title='bbox 766 1420 910 1458; x_wconf 83' lang='lat' dir='ltr'>accedat,</span> <span class='ocrx_word' id='word_1_209' title='bbox 935 1422 979 1457; x_wconf 90' lang='lat' dir='ltr'>et,</span> <span class='ocrx_word' id='word_1_210' title='bbox 1007 1430 1066 1460; x_wconf 88' lang='lat' dir='ltr'>per</span> <span class='ocrx_word' id='word_1_211' title='bbox 1093 1419 1181 1451; x_wconf 87' lang='lat' dir='ltr'>viros</span> <span class='ocrx_word' id='word_1_212' title='bbox 1209 1419 1395 1460; x_wconf 85' lang='lat' dir='ltr'>fidedignos</span> <span class='ocrx_word' id='word_1_213' title='bbox 1426 1419 1461 1450; x_wconf 91' lang='lat' dir='ltr'>in</span> <span class='ocrx_word' id='word_1_214' title='bbox 1490 1420 1600 1451; x_wconf 78' lang='lat' dir='ltr'>forma</span> <span class='ocrx_word' id='word_1_215' title='bbox 1620 1419 1708 1461; x_wconf 80' lang='lat' dir='ltr'>juris</span> 
     </span>
     <span class='ocr_line' id='line_1_27' title="bbox 316 1462 1711 1505; baseline 0 -11"><span class='ocrx_word' id='word_1_216' title='bbox 316 1463 447 1505; x_wconf 83' lang='lat' dir='ltr'>juratos</span> <span class='ocrx_word' id='word_1_217' title='bbox 474 1463 632 1494; x_wconf 87' lang='lat' dir='ltr'>noticiam</span> <span class='ocrx_word' id='word_1_218' title='bbox 662 1466 786 1494; x_wconf 85' lang='lat' dir='ltr'>certam</span> <span class='ocrx_word' id='word_1_219' title='bbox 811 1462 964 1494; x_wconf 89' lang='lat' dir='ltr'>omnium</span> <span class='ocrx_word' id='word_1_220' title='bbox 989 1462 1228 1504; x_wconf 77' lang='lat' dir='ltr'>premissorum</span> <span class='ocrx_word' id='word_1_221' title='bbox 1252 1463 1457 1501; x_wconf 70' lang='lat' dir='ltr'>obtinentes,</span> <span class='ocrx_word' id='word_1_222' title='bbox 1482 1463 1525 1494; x_wconf 87' lang='lat' dir='ltr'>de</span> <span class='ocrx_word' id='word_1_223' title='bbox 1548 1463 1711 1495; x_wconf 78' lang='lat' dir='ltr'>violencia</span> 
     </span>
     <span class='ocr_line' id='line_1_28' title="bbox 318 1506 1711 1548; baseline 0 -10"><span class='ocrx_word' id='word_1_224' title='bbox 318 1507 459 1548; x_wconf 76' lang='lat' dir='ltr'>prefata,</span> <span class='ocrx_word' id='word_1_225' title='bbox 475 1510 512 1538; x_wconf 91' lang='lat' dir='ltr'>et</span> <span class='ocrx_word' id='word_1_226' title='bbox 526 1507 561 1538; x_wconf 93' lang='lat' dir='ltr'>in</span> <span class='ocrx_word' id='word_1_227' title='bbox 578 1517 645 1548; x_wconf 85' lang='lat' dir='ltr'>quo</span> <span class='ocrx_word' id='word_1_228' title='bbox 662 1506 733 1538; x_wconf 91' lang='lat' dir='ltr'>loco</span> <span class='ocrx_word' id='word_1_229' title='bbox 749 1509 810 1538; x_wconf 85' lang='lat' dir='ltr'>aut</span> <span class='ocrx_word' id='word_1_230' title='bbox 824 1506 860 1538; x_wconf 92' lang='lat' dir='ltr'>in</span> <span class='ocrx_word' id='word_1_231' title='bbox 875 1506 1000 1548; x_wconf 87' lang='lat' dir='ltr'>quibus</span> <span class='ocrx_word' id='word_1_232' title='bbox 1015 1506 1096 1538; x_wconf 90' lang='lat' dir='ltr'>locis</span> <span class='ocrx_word' id='word_1_233' title='bbox 1112 1506 1274 1538; x_wconf 83' lang='lat' dir='ltr'>extiterat</span> <span class='ocrx_word' id='word_1_234' title='bbox 1288 1507 1474 1546; x_wconf 81' lang='lat' dir='ltr'>commissa,</span> <span class='ocrx_word' id='word_1_235' title='bbox 1489 1518 1526 1538; x_wconf 83' lang='lat' dir='ltr'>ac</span> <span class='ocrx_word' id='word_1_236' title='bbox 1542 1508 1711 1548; x_wconf 88' lang='lat' dir='ltr'>quomodo</span> 
     </span>
     <span class='ocr_line' id='line_1_29' title="bbox 318 1550 1719 1592; baseline 0.001 -11"><span class='ocrx_word' id='word_1_237' title='bbox 318 1554 353 1582; x_wconf 90' lang='lat' dir='ltr'>et</span> <span class='ocrx_word' id='word_1_238' title='bbox 368 1551 523 1592; x_wconf 88' lang='lat' dir='ltr'>qualiter,</span> <span class='ocrx_word' id='word_1_239' title='bbox 541 1551 666 1592; x_wconf 85' lang='lat' dir='ltr'>quibus</span> <span class='ocrx_word' id='word_1_240' title='bbox 689 1550 912 1591; x_wconf 81' lang='lat' dir='ltr'>presentibus,</span> <span class='ocrx_word' id='word_1_241' title='bbox 930 1553 965 1581; x_wconf 87' lang='lat' dir='ltr'>et</span> <span class='ocrx_word' id='word_1_242' title='bbox 988 1560 1091 1591; x_wconf 80' lang='lat' dir='ltr'>quare</span> <span class='ocrx_word' id='word_1_243' title='bbox 1114 1550 1256 1582; x_wconf 78' lang='lat' dir='ltr'>cessacio</span> <span class='ocrx_word' id='word_1_244' title='bbox 1280 1554 1331 1582; x_wconf 88' lang='lat' dir='ltr'>est</span> <span class='ocrx_word' id='word_1_245' title='bbox 1353 1561 1372 1581; x_wconf 89' lang='lat' dir='ltr'>a</span> <span class='ocrx_word' id='word_1_246' title='bbox 1389 1551 1529 1590; x_wconf 85' lang='lat' dir='ltr'>Divinis,</span> <span class='ocrx_word' id='word_1_247' title='bbox 1556 1555 1592 1582; x_wconf 84' lang='lat' dir='ltr'>et</span> <span class='ocrx_word' id='word_1_248' title='bbox 1612 1557 1719 1592; x_wconf 88' lang='lat' dir='ltr'>super·</span> 
     </span>
     <span class='ocr_line' id='line_1_30' title="bbox 318 1594 1711 1635; baseline 0 -9"><span class='ocrx_word' id='word_1_249' title='bbox 318 1595 392 1626; x_wconf 83' lang='lat' dir='ltr'>aliis</span> <span class='ocrx_word' id='word_1_250' title='bbox 414 1594 564 1626; x_wconf 79' lang='lat' dir='ltr'>articulis</span> <span class='ocrx_word' id='word_1_251' title='bbox 579 1594 615 1625; x_wconf 89' lang='lat' dir='ltr'>in</span> <span class='ocrx_word' id='word_1_252' title='bbox 631 1605 669 1625; x_wconf 81' lang='lat' dir='ltr'>ea</span> <span class='ocrx_word' id='word_1_253' title='bbox 685 1599 780 1635; x_wconf 84' lang='lat' dir='ltr'>parte</span> <span class='ocrx_word' id='word_1_254' title='bbox 795 1594 997 1633; x_wconf 89' lang='lat' dir='ltr'>necessariis,</span> <span class='ocrx_word' id='word_1_255' title='bbox 1014 1594 1200 1625; x_wconf 88' lang='lat' dir='ltr'>secundum</span> <span class='ocrx_word' id='word_1_256' title='bbox 1217 1594 1455 1626; x_wconf 87' lang='lat' dir='ltr'>discrecionem</span> <span class='ocrx_word' id='word_1_257' title='bbox 1470 1605 1490 1626; x_wconf 84' lang='lat' dir='ltr'>a</span> <span class='ocrx_word' id='word_1_258' title='bbox 1504 1595 1575 1626; x_wconf 89' lang='lat' dir='ltr'>Deo</span> <span class='ocrx_word' id='word_1_259' title='bbox 1586 1595 1711 1634; x_wconf 80' lang='lat' dir='ltr'>datam,</span> 
     </span>
     <span class='ocr_line' id='line_1_31' title="bbox 318 1637 1711 1679; baseline 0.001 -10"><span class='ocrx_word' id='word_1_260' title='bbox 318 1639 497 1679; x_wconf 84' lang='lat' dir='ltr'>diligenter</span> <span class='ocrx_word' id='word_1_261' title='bbox 511 1637 662 1679; x_wconf 82' lang='lat' dir='ltr'>inquirat</span> <span class='ocrx_word' id='word_1_262' title='bbox 676 1637 866 1669; x_wconf 84' lang='lat' dir='ltr'>veritatem.</span> <span class='ocrx_word' id='word_1_263' title='bbox 913 1637 1043 1677; x_wconf 67' lang='lat' dir='ltr'>Gitetis,</span> <span class='ocrx_word' id='word_1_264' title='bbox 1061 1638 1174 1677; x_wconf 89' lang='lat' dir='ltr'>eciam,</span> <span class='ocrx_word' id='word_1_265' title='bbox 1198 1648 1258 1669; x_wconf 87' lang='lat' dir='ltr'>seu</span> <span class='ocrx_word' id='word_1_266' title='bbox 1281 1638 1378 1669; x_wconf 89' lang='lat' dir='ltr'>citari</span> <span class='ocrx_word' id='word_1_267' title='bbox 1401 1638 1543 1678; x_wconf 78' lang='lat' dir='ltr'>faciatis,</span> <span class='ocrx_word' id='word_1_268' title='bbox 1559 1649 1711 1679; x_wconf 87' lang='lat' dir='ltr'>peremp-</span> 
     </span>
     <span class='ocr_line' id='line_1_32' title="bbox 318 1679 1712 1723; baseline 0 -10"><span class='ocrx_word' id='word_1_269' title='bbox 318 1682 412 1721; x_wconf 88' lang='lat' dir='ltr'>torie,</span> <span class='ocrx_word' id='word_1_270' title='bbox 430 1682 578 1723; x_wconf 78' lang='lat' dir='ltr'>prefatos</span> <span class='ocrx_word' id='word_1_271' title='bbox 591 1679 800 1723; x_wconf 79' lang='lat' dir='ltr'>presbiteros,</span> <span class='ocrx_word' id='word_1_272' title='bbox 814 1692 852 1712; x_wconf 82' lang='lat' dir='ltr'>ac</span> <span class='ocrx_word' id='word_1_273' title='bbox 868 1680 1060 1719; x_wconf 84' lang='lat' dir='ltr'>Ricardum,</span> <span class='ocrx_word' id='word_1_274' title='bbox 1075 1681 1294 1721; x_wconf 86' lang='lat' dir='ltr'>Willelmum,</span> <span class='ocrx_word' id='word_1_275' title='bbox 1307 1686 1341 1713; x_wconf 89' lang='lat' dir='ltr'>et</span> <span class='ocrx_word' id='word_1_276' title='bbox 1355 1682 1375 1713; x_wconf 83' lang='lat' dir='ltr'>J</span> <span class='ocrx_word' id='word_1_277' title='bbox 1378 1682 1544 1714; x_wconf 84' lang='lat' dir='ltr'>ohannem</span> <span class='ocrx_word' id='word_1_278' title='bbox 1558 1682 1712 1723; x_wconf 88' lang='lat' dir='ltr'>superius</span> 
     </span>
     <span class='ocr_line' id='line_1_33' title="bbox 318 1724 1714 1766; baseline 0 -9"><span class='ocrx_word' id='word_1_279' title='bbox 318 1725 516 1764; x_wconf 85' lang='lat' dir='ltr'>nominatos,</span> <span class='ocrx_word' id='word_1_280' title='bbox 541 1725 633 1766; x_wconf 89' lang='lat' dir='ltr'>quod</span> <span class='ocrx_word' id='word_1_281' title='bbox 648 1728 864 1766; x_wconf 76' lang='lat' dir='ltr'>compareant</span> <span class='ocrx_word' id='word_1_282' title='bbox 875 1735 986 1756; x_wconf 82' lang='lat' dir='ltr'>coram</span> <span class='ocrx_word' id='word_1_283' title='bbox 1009 1724 1150 1757; x_wconf 86' lang='lat' dir='ltr'>Officiali</span> <span class='ocrx_word' id='word_1_284' title='bbox 1163 1729 1278 1757; x_wconf 79' lang='lat' dir='ltr'>nostro</span> <span class='ocrx_word' id='word_1_285' title='bbox 1294 1725 1481 1766; x_wconf 74' lang='lat' dir='ltr'>principali,</span> <span class='ocrx_word' id='word_1_286' title='bbox 1506 1727 1541 1757; x_wconf 90' lang='lat' dir='ltr'>in</span> <span class='ocrx_word' id='word_1_287' title='bbox 1566 1726 1714 1757; x_wconf 82' lang='lat' dir='ltr'>Ecclesia</span> 
     </span>
     <span class='ocr_line' id='line_1_34' title="bbox 317 1769 1714 1810; baseline 0.001 -10"><span class='ocrx_word' id='word_1_288' title='bbox 317 1772 431 1801; x_wconf 89' lang='lat' dir='ltr'>nostra</span> <span class='ocrx_word' id='word_1_289' title='bbox 449 1769 641 1801; x_wconf 73' lang='lat' dir='ltr'>cathedrali</span> <span class='ocrx_word' id='word_1_290' title='bbox 658 1769 796 1806; x_wconf 79' lang='lat' dir='ltr'>Exonie,</span> <span class='ocrx_word' id='word_1_291' title='bbox 814 1769 868 1799; x_wconf 89' lang='lat' dir='ltr'>die</span> <span class='ocrx_word' id='word_1_292' title='bbox 885 1769 1042 1800; x_wconf 83' lang='lat' dir='ltr'>Mercurii</span> <span class='ocrx_word' id='word_1_293' title='bbox 1058 1769 1210 1810; x_wconf 83' lang='lat' dir='ltr'>proxima</span> <span class='ocrx_word' id='word_1_294' title='bbox 1221 1772 1298 1810; x_wconf 86' lang='lat' dir='ltr'>post</span> <span class='ocrx_word' id='word_1_295' title='bbox 1314 1770 1456 1801; x_wconf 74' lang='lat' dir='ltr'>Festum</span> <span class='ocrx_word' id='word_1_296' title='bbox 1468 1771 1591 1801; x_wconf 87' lang='lat' dir='ltr'>Sancte</span> <span class='ocrx_word' id='word_1_297' title='bbox 1610 1770 1714 1801; x_wconf 87' lang='lat' dir='ltr'>Lucie</span> 
     </span>
     <span class='ocr_line' id='line_1_35' title="bbox 318 1812 1712 1854; baseline 0 -10"><span class='ocrx_word' id='word_1_298' title='bbox 318 1813 469 1854; x_wconf 75' lang='lat' dir='ltr'>proximo</span> <span class='ocrx_word' id='word_1_299' title='bbox 485 1813 653 1852; x_wconf 80' lang='lat' dir='ltr'>futurum,</span> <span class='ocrx_word' id='word_1_300' title='bbox 663 1823 764 1854; x_wconf 84' lang='lat' dir='ltr'>super</span> <span class='ocrx_word' id='word_1_301' title='bbox 780 1812 881 1844; x_wconf 85' lang='lat' dir='ltr'>certis</span> <span class='ocrx_word' id='word_1_302' title='bbox 895 1812 1047 1844; x_wconf 83' lang='lat' dir='ltr'>articulis</span> <span class='ocrx_word' id='word_1_303' title='bbox 1065 1813 1282 1853; x_wconf 77' lang='lat' dir='ltr'>prescriptam</span> <span class='ocrx_word' id='word_1_304' title='bbox 1294 1813 1470 1845; x_wconf 83' lang='lat' dir='ltr'>materiam</span> <span class='ocrx_word' id='word_1_305' title='bbox 1481 1813 1712 1845; x_wconf 88' lang='lat' dir='ltr'>concernenti-</span> 
     </span>
     <span class='ocr_line' id='line_1_36' title="bbox 317 1856 1712 1896; baseline 0 -8"><span class='ocrx_word' id='word_1_306' title='bbox 317 1857 391 1896; x_wconf 91' lang='lat' dir='ltr'>bus,</span> <span class='ocrx_word' id='word_1_307' title='bbox 416 1857 459 1888; x_wconf 84' lang='lat' dir='ltr'>ad</span> <span class='ocrx_word' id='word_1_308' title='bbox 481 1856 669 1888; x_wconf 85' lang='lat' dir='ltr'>animarum</span> <span class='ocrx_word' id='word_1_309' title='bbox 693 1866 831 1887; x_wconf 86' lang='lat' dir='ltr'>suarum</span> <span class='ocrx_word' id='word_1_310' title='bbox 860 1857 1102 1888; x_wconf 84' lang='lat' dir='ltr'>correccionem</span> <span class='ocrx_word' id='word_1_311' title='bbox 1128 1866 1255 1888; x_wconf 82' lang='lat' dir='ltr'>meram</span> <span class='ocrx_word' id='word_1_312' title='bbox 1284 1857 1393 1888; x_wconf 86' lang='lat' dir='ltr'>eidem</span> <span class='ocrx_word' id='word_1_313' title='bbox 1422 1868 1463 1888; x_wconf 84' lang='lat' dir='ltr'>ex</span> <span class='ocrx_word' id='word_1_314' title='bbox 1491 1857 1608 1890; x_wconf 90' lang='lat' dir='ltr'>Officio</span> <span class='ocrx_word' id='word_1_315' title='bbox 1635 1868 1712 1889; x_wconf 90' lang='lat' dir='ltr'>con·</span> 
     </span>
     <span class='ocr_line' id='line_1_37' title="bbox 317 1899 1715 1942; baseline 0.001 -11"><span class='ocrx_word' id='word_1_316' title='bbox 317 1900 463 1942; x_wconf 85' lang='lat' dir='ltr'>junctim</span> <span class='ocrx_word' id='word_1_317' title='bbox 479 1903 514 1931; x_wconf 91' lang='lat' dir='ltr'>et</span> <span class='ocrx_word' id='word_1_318' title='bbox 529 1900 662 1932; x_wconf 79' lang='lat' dir='ltr'>divisim</span> <span class='ocrx_word' id='word_1_319' title='bbox 679 1899 862 1931; x_wconf 86' lang='lat' dir='ltr'>obiciendis</span> <span class='ocrx_word' id='word_1_320' title='bbox 878 1900 1078 1940; x_wconf 82' lang='lat' dir='ltr'>responsuri,</span> <span class='ocrx_word' id='word_1_321' title='bbox 1096 1904 1131 1932; x_wconf 90' lang='lat' dir='ltr'>et</span> <span class='ocrx_word' id='word_1_322' title='bbox 1147 1900 1191 1931; x_wconf 90' lang='lat' dir='ltr'>de</span> <span class='ocrx_word' id='word_1_323' title='bbox 1214 1900 1312 1931; x_wconf 82' lang='lat' dir='ltr'>factis</span> <span class='ocrx_word' id='word_1_324' title='bbox 1335 1901 1406 1932; x_wconf 89' lang='lat' dir='ltr'>suis</span> <span class='ocrx_word' id='word_1_325' title='bbox 1430 1901 1660 1942; x_wconf 81' lang='lat' dir='ltr'>personaliter,</span> <span class='ocrx_word' id='word_1_326' title='bbox 1686 1901 1715 1932; x_wconf 91' lang='lat' dir='ltr'>si</span> 
     </span>
     <span class='ocr_line' id='line_1_38' title="bbox 319 1943 1715 1985; baseline 0.001 -10"><span class='ocrx_word' id='word_1_327' title='bbox 319 1943 514 1985; x_wconf 85' lang='lat' dir='ltr'>oportuerit,</span> <span class='ocrx_word' id='word_1_328' title='bbox 537 1943 709 1985; x_wconf 81' lang='lat' dir='ltr'>juraturi3</span> <span class='ocrx_word' id='word_1_329' title='bbox 731 1943 856 1974; x_wconf 83' lang='lat' dir='ltr'>facturi</span> <span class='ocrx_word' id='word_1_330' title='bbox 874 1943 1016 1975; x_wconf 85' lang='lat' dir='ltr'>ulterius</span> <span class='ocrx_word' id='word_1_331' title='bbox 1038 1946 1075 1975; x_wconf 87' lang='lat' dir='ltr'>et</span> <span class='ocrx_word' id='word_1_332' title='bbox 1098 1944 1265 1984; x_wconf 83' lang='lat' dir='ltr'>recept-uri</span> <span class='ocrx_word' id='word_1_333' title='bbox 1289 1945 1381 1985; x_wconf 88' lang='lat' dir='ltr'>quod</span> <span class='ocrx_word' id='word_1_334' title='bbox 1404 1946 1446 1976; x_wconf 87' lang='lat' dir='ltr'>ad</span> <span class='ocrx_word' id='word_1_335' title='bbox 1470 1945 1715 1976; x_wconf 84' lang='lat' dir='ltr'>correccionem</span> 
     </span>
     <span class='ocr_line' id='line_1_39' title="bbox 319 1987 1715 2029; baseline 0.001 -10"><span class='ocrx_word' id='word_1_336' title='bbox 319 1988 524 2019; x_wconf 86' lang='lat' dir='ltr'>antedictam</span> <span class='ocrx_word' id='word_1_337' title='bbox 540 1987 685 2019; x_wconf 88' lang='lat' dir='ltr'>finaliter</span> <span class='ocrx_word' id='word_1_338' title='bbox 701 1987 826 2028; x_wconf 87' lang='lat' dir='ltr'>poterit</span> <span class='ocrx_word' id='word_1_339' title='bbox 842 1988 1018 2028; x_wconf 83' lang='lat' dir='ltr'>pertinere.</span> <span class='ocrx_word' id='word_1_340' title='bbox 1070 1988 1112 2018; x_wconf 76' lang='lat' dir='ltr'>l¹3t</span> <span class='ocrx_word' id='word_1_341' title='bbox 1135 1988 1219 2029; x_wconf 89' lang='lat' dir='ltr'>quid</span> <span class='ocrx_word' id='word_1_342' title='bbox 1241 1988 1360 2019; x_wconf 80' lang='lat' dir='ltr'>fecerit</span> <span class='ocrx_word' id='word_1_343' title='bbox 1382 1991 1418 2020; x_wconf 89' lang='lat' dir='ltr'>et</span> <span class='ocrx_word' id='word_1_344' title='bbox 1440 1989 1607 2020; x_wconf 79' lang='lat' dir='ltr'>invenerit</span> <span class='ocrx_word' id='word_1_345' title='bbox 1624 1999 1715 2020; x_wconf 88' lang='lat' dir='ltr'>uuus</span> 
     </span>
     <span class='ocr_line' id='line_1_40' title="bbox 320 2031 1715 2073; baseline 0.001 -11"><span class='ocrx_word' id='word_1_346' title='bbox 320 2034 479 2071; x_wconf 78' lang='lat' dir='ltr'>vestrum,</span> <span class='ocrx_word' id='word_1_347' title='bbox 503 2031 704 2072; x_wconf 88' lang='lat' dir='ltr'>inquirendo</span> <span class='ocrx_word' id='word_1_348' title='bbox 729 2034 769 2062; x_wconf 90' lang='lat' dir='ltr'>ut</span> <span class='ocrx_word' id='word_1_349' title='bbox 792 2031 986 2071; x_wconf 89' lang='lat' dir='ltr'>predicitur,</span> <span class='ocrx_word' id='word_1_350' title='bbox 1004 2031 1187 2063; x_wconf 88' lang='lat' dir='ltr'>Officialem</span> <span class='ocrx_word' id='word_1_351' title='bbox 1205 2032 1428 2072; x_wconf 84' lang='lat' dir='ltr'>Principalem</span> <span class='ocrx_word' id='word_1_352' title='bbox 1451 2032 1654 2073; x_wconf 84' lang='lat' dir='ltr'>predictum,</span> <span class='ocrx_word' id='word_1_353' title='bbox 1673 2033 1715 2063; x_wconf 77' lang='lat' dir='ltr'>ad</span> 
     </span>
     <span class='ocr_line' id='line_1_41' title="bbox 319 2075 1718 2117; baseline 0.001 -11"><span class='ocrx_word' id='word_1_354' title='bbox 319 2075 427 2107; x_wconf 85' lang='lat' dir='ltr'>dictos</span> <span class='ocrx_word' id='word_1_355' title='bbox 442 2075 532 2106; x_wconf 89' lang='lat' dir='ltr'>diem</span> <span class='ocrx_word' id='word_1_356' title='bbox 548 2079 581 2106; x_wconf 84' lang='lat' dir='ltr'>et</span> <span class='ocrx_word' id='word_1_357' title='bbox 598 2075 720 2114; x_wconf 89' lang='lat' dir='ltr'>locum,</span> <span class='ocrx_word' id='word_1_358' title='bbox 731 2075 891 2106; x_wconf 87' lang='lat' dir='ltr'>distincte</span> <span class='ocrx_word' id='word_1_359' title='bbox 907 2078 943 2106; x_wconf 89' lang='lat' dir='ltr'>et</span> <span class='ocrx_word' id='word_1_360' title='bbox 957 2078 1072 2115; x_wconf 84' lang='lat' dir='ltr'>aperte</span> <span class='ocrx_word' id='word_1_361' title='bbox 1083 2075 1244 2106; x_wconf 88' lang='lat' dir='ltr'>certificet</span> <span class='ocrx_word' id='word_1_362' title='bbox 1256 2086 1314 2116; x_wconf 91' lang='lat' dir='ltr'>per</span> <span class='ocrx_word' id='word_1_363' title='bbox 1328 2076 1458 2108; x_wconf 77' lang='lat' dir='ltr'>Literas</span> <span class='ocrx_word' id='word_1_364' title='bbox 1471 2087 1549 2108; x_wconf 85' lang='lat' dir='ltr'>snas</span> <span class='ocrx_word' id='word_1_365' title='bbox 1562 2079 1718 2117; x_wconf 82' lang='lat' dir='ltr'>patentes</span> 
     </span>
     <span class='ocr_line' id='line_1_42' title="bbox 320 2118 1719 2160; baseline 0.001 -10"><span class='ocrx_word' id='word_1_366' title='bbox 320 2122 356 2151; x_wconf 89' lang='lat' dir='ltr'>et</span> <span class='ocrx_word' id='word_1_367' title='bbox 371 2119 508 2158; x_wconf 84' lang='lat' dir='ltr'>clausas,</span> <span class='ocrx_word' id='word_1_368' title='bbox 526 2119 647 2150; x_wconf 79' lang='lat' dir='ltr'>harum</span> <span class='ocrx_word' id='word_1_369' title='bbox 671 2121 707 2150; x_wconf 89' lang='lat' dir='ltr'>et</span> <span class='ocrx_word' id='word_1_370' title='bbox 727 2118 966 2159; x_wconf 87' lang='lat' dir='ltr'>Inquisicionis</span> <span class='ocrx_word' id='word_1_371' title='bbox 989 2122 1086 2160; x_wconf 84' lang='lat' dir='ltr'>capte</span> <span class='ocrx_word' id='word_1_372' title='bbox 1109 2129 1147 2150; x_wconf 86' lang='lat' dir='ltr'>ac</span> <span class='ocrx_word' id='word_1_373' title='bbox 1165 2118 1349 2151; x_wconf 82' lang='lat' dir='ltr'>Citacionis</span> <span class='ocrx_word' id='word_1_374' title='bbox 1372 2127 1482 2151; x_wconf 83' lang='lat' dir='ltr'>vestre</span> <span class='ocrx_word' id='word_1_375' title='bbox 1506 2120 1719 2152; x_wconf 82' lang='lat' dir='ltr'>continentes</span> 
     </span>
     <span class='ocr_line' id='line_1_43' title="bbox 323 2162 1615 2203; baseline 0.002 -10"><span class='ocrx_word' id='word_1_376' title='bbox 323 2166 484 2202; x_wconf 86' lang='lat' dir='ltr'>tenorem,</span> <span class='ocrx_word' id='word_1_377' title='bbox 508 2162 618 2203; x_wconf 85' lang='lat' dir='ltr'>sigillo</span> <span class='ocrx_word' id='word_1_378' title='bbox 633 2162 807 2193; x_wconf 83' lang='lat' dir='ltr'>autentico</span> <span class='ocrx_word' id='word_1_379' title='bbox 823 2162 1043 2203; x_wconf 84' lang='lat' dir='ltr'>consignatas,</span> <span class='ocrx_word' id='word_1_380' title='bbox 1059 2163 1283 2195; x_wconf 86' lang='lat' dir='ltr'>etc.—Dated</span> <span class='ocrx_word' id='word_1_381' title='bbox 1300 2163 1452 2202; x_wconf 86' lang='lat' dir='ltr'>London,</span> <span class='ocrx_word' id='word_1_382' title='bbox 1470 2165 1512 2196; x_wconf 86' lang='lat'>20</span> <span class='ocrx_word' id='word_1_383' title='bbox 1530 2164 1561 2195; x_wconf 88' lang='lat' dir='ltr'>N</span> <span class='ocrx_word' id='word_1_384' title='bbox 1564 2175 1615 2196; x_wconf 87' lang='lat' dir='ltr'>ov.</span> 
     </span>
    </p>
   </div>
   <div class='ocr_carea' id='block_1_8' title="bbox 284 2228 988 2279">
    <p class='ocr_par' dir='ltr' id='par_1_8' title="bbox 284 2228 988 2279">
     <span class='ocr_line' id='line_1_44' title="bbox 284 2228 988 2279; baseline -0.001 -13"><span class='ocrx_word' id='word_1_385' title='bbox 284 2229 454 2279; x_wconf 85' lang='lat' dir='ltr'>Oratory</span> <span class='ocrx_word' id='word_1_386' title='bbox 470 2241 482 2276; x_wconf 77' lang='lat'><em>3</em></span> <span class='ocrx_word' id='word_1_387' title='bbox 509 2228 663 2266; x_wconf 79' lang='lat' dir='ltr'>Licence</span> <span class='ocrx_word' id='word_1_388' title='bbox 683 2234 720 2266; x_wconf 75' lang='lat' dir='ltr'>to</span> <span class='ocrx_word' id='word_1_389' title='bbox 739 2228 988 2275; x_wconf 75' lang='lat' dir='ltr'>celebrate,—</span> 
     </span>
    </p>
   </div>
   <div class='ocr_carea' id='block_1_9' title="bbox 278 2281 1722 2326">
    <p class='ocr_par' dir='ltr' id='par_1_9' title="bbox 278 2281 1722 2326">
     <span class='ocr_line' id='line_1_45' title="bbox 278 2281 1722 2326; baseline 0.001 -12"><span class='ocrx_word' id='word_1_390' title='bbox 278 2281 330 2314; x_wconf 60' lang='lat' dir='ltr'>vl‘0</span> <span class='ocrx_word' id='word_1_391' title='bbox 354 2282 523 2314; x_wconf 79' lang='lat' dir='ltr'>Kalendas</span> <span class='ocrx_word' id='word_1_392' title='bbox 546 2282 740 2314; x_wconf 82' lang='lat' dir='ltr'>Decembris</span> <span class='ocrx_word' id='word_1_393' title='bbox 762 2281 818 2322; x_wconf 87' lang='lat'>[27</span> <span class='ocrx_word' id='word_1_394' title='bbox 835 2282 954 2322; x_wconf 86' lang='lat' dir='ltr'>Nov.],</span> <span class='ocrx_word' id='word_1_395' title='bbox 975 2282 1142 2314; x_wconf 77' lang='lat' dir='ltr'>walterus</span> <span class='ocrx_word' id='word_1_396' title='bbox 1164 2283 1320 2324; x_wconf 82' lang='lat' dir='ltr'>Dymoke</span> <span class='ocrx_word' id='word_1_397' title='bbox 1343 2283 1464 2316; x_wconf 86' lang='lat' dir='ltr'>habuit</span> <span class='ocrx_word' id='word_1_398' title='bbox 1487 2285 1636 2317; x_wconf 83' lang='lat' dir='ltr'>Literam</span> <span class='ocrx_word' id='word_1_399' title='bbox 1661 2295 1722 2326; x_wconf 89' lang='lat' dir='ltr'>pro</span> 
     </span>
    </p>
   </div>
   <div class='ocr_carea' id='block_1_10' title="bbox 324 2325 1720 2401">
    <p class='ocr_par' dir='ltr' id='par_1_10' title="bbox 324 2325 1720 2401">
     <span class='ocr_line' id='line_1_46' title="bbox 324 2325 1720 2368; baseline 0.001 -11"><span class='ocrx_word' id='word_1_400' title='bbox 324 2326 478 2358; x_wconf 86' lang='lat' dir='ltr'>Oratorio</span> <span class='ocrx_word' id='word_1_401' title='bbox 493 2337 554 2358; x_wconf 86' lang='lat' dir='ltr'>suo</span> <span class='ocrx_word' id='word_1_402' title='bbox 577 2337 596 2357; x_wconf 85' lang='lat' dir='ltr'>a</span> <span class='ocrx_word' id='word_1_403' title='bbox 612 2326 713 2358; x_wconf 89' lang='lat' dir='ltr'>Festo</span> <span class='ocrx_word' id='word_1_404' title='bbox 729 2325 855 2358; x_wconf 80' lang='lat' dir='ltr'>Pasche</span> <span class='ocrx_word' id='word_1_405' title='bbox 879 2326 1032 2367; x_wconf 86' lang='lat' dir='ltr'>proximo</span> <span class='ocrx_word' id='word_1_406' title='bbox 1055 2327 1226 2367; x_wconf 80' lang='lat' dir='ltr'>preterito,</span> <span class='ocrx_word' id='word_1_407' title='bbox 1253 2338 1311 2368; x_wconf 86' lang='lat' dir='ltr'>per</span> <span class='ocrx_word' id='word_1_408' title='bbox 1335 2338 1443 2360; x_wconf 88' lang='lat' dir='ltr'>unum</span> <span class='ocrx_word' id='word_1_409' title='bbox 1465 2338 1596 2361; x_wconf 87' lang='lat' dir='ltr'>annum</span> <span class='ocrx_word' id='word_1_410' title='bbox 1621 2329 1720 2360; x_wconf 89' lang='lat' dir='ltr'>dura-</span> 
     </span>
     <span class='ocr_line' id='line_1_47' title="bbox 324 2372 446 2401; baseline 0 0"><span class='ocrx_word' id='word_1_411' title='bbox 324 2372 446 2401; x_wconf 87' lang='lat' dir='ltr'>turam.</span> 
     </span>
    </p>
   </div>
   <div class='ocr_carea' id='block_1_11' title="bbox 278 2440 1719 2493">
    <p class='ocr_par' dir='ltr' id='par_1_11' title="bbox 278 2440 1719 2493">
     <span class='ocr_line' id='line_1_48' title="bbox 278 2440 1719 2493; baseline 0.003 -15"><span class='ocrx_word' id='word_1_412' title='bbox 278 2440 422 2479; x_wconf 85' lang='lat' dir='ltr'>Exeter</span> <span class='ocrx_word' id='word_1_413' title='bbox 458 2440 698 2489; x_wconf 86' lang='lat' dir='ltr'>Cathedral;</span> <span class='ocrx_word' id='word_1_414' title='bbox 748 2440 973 2480; x_wconf 71' lang='lat' dir='ltr'>commissio</span> <span class='ocrx_word' id='word_1_415' title='bbox 1006 2441 1051 2479; x_wconf 83' lang='lat' dir='ltr'>de</span> <span class='ocrx_word' id='word_1_416' title='bbox 1088 2441 1323 2480; x_wconf 75' lang='lat' dir='ltr'>restituendo</span> <span class='ocrx_word' id='word_1_417' title='bbox 1353 2443 1518 2491; x_wconf 52' lang='lat' dir='ltr'>Literna</span> <span class='ocrx_word' id='word_1_418' title='bbox 1564 2443 1719 2493; x_wconf 75' lang='lat' dir='ltr'>Cartas,</span> 
     </span>
    </p>
   </div>
   <div class='ocr_carea' id='block_1_12' title="bbox 332 2494 1538 2544">
    <p class='ocr_par' dir='ltr' id='par_1_12' title="bbox 332 2494 1538 2544">
     <span class='ocr_line' id='line_1_49' title="bbox 332 2494 1538 2544; baseline 0.002 -12"><span class='ocrx_word' id='word_1_419' title='bbox 332 2494 608 2540; x_wconf 69' lang='lat' dir='ltr'>Instrumenta,</span> <span class='ocrx_word' id='word_1_420' title='bbox 631 2501 665 2532; x_wconf 79' lang='lat' dir='ltr'>et</span> <span class='ocrx_word' id='word_1_421' title='bbox 683 2495 769 2533; x_wconf 82' lang='lat' dir='ltr'>alia</span> <span class='ocrx_word' id='word_1_422' title='bbox 790 2495 841 2532; x_wconf 85' lang='lat' dir='ltr'><em>M</em></span> <span class='ocrx_word' id='word_1_423' title='bbox 839 2495 1035 2533; x_wconf 57' lang='lat' dir='ltr'>&amp;nimenta</span> <span class='ocrx_word' id='word_1_424' title='bbox 1056 2495 1220 2534; x_wconf 82' lang='lat' dir='ltr'>Ecclesie</span> <span class='ocrx_word' id='word_1_425' title='bbox 1241 2497 1538 2544; x_wconf 58' lang='lat' dir='ltr'>memiensis,—</span> 
     </span>
    </p>
   </div>
   <div class='ocr_carea' id='block_1_13' title="bbox 282 2548 1720 2588">
    <p class='ocr_par' dir='ltr' id='par_1_13' title="bbox 282 2548 1720 2588">
     <span class='ocr_line' id='line_1_50' title="bbox 282 2548 1720 2588; baseline 0.004 -8"><span class='ocrx_word' id='word_1_426' title='bbox 282 2548 437 2588; x_wconf 84' lang='lat' dir='ltr'>Thomas,</span> <span class='ocrx_word' id='word_1_427' title='bbox 453 2554 528 2588; x_wconf 78' lang='lat' dir='ltr'>etc,</span> <span class='ocrx_word' id='word_1_428' title='bbox 545 2549 679 2580; x_wconf 85' lang='lat' dir='ltr'>Decano</span> <span class='ocrx_word' id='word_1_429' title='bbox 695 2549 840 2580; x_wconf 87' lang='lat' dir='ltr'>Ecclesie</span> <span class='ocrx_word' id='word_1_430' title='bbox 857 2552 969 2580; x_wconf 88' lang='lat' dir='ltr'>nostre</span> <span class='ocrx_word' id='word_1_431' title='bbox 988 2549 1193 2588; x_wconf 80' lang='lat' dir='ltr'>Exoniensis,</span> <span class='ocrx_word' id='word_1_432' title='bbox 1217 2561 1255 2581; x_wconf 87' lang='lat' dir='ltr'>ac</span> <span class='ocrx_word' id='word_1_433' title='bbox 1277 2551 1300 2582; x_wconf 88' lang='lat' dir='ltr'>J</span> <span class='ocrx_word' id='word_1_434' title='bbox 1303 2551 1563 2584; x_wconf 80' lang='lat' dir='ltr'>urisdiccionum</span> <span class='ocrx_word' id='word_1_435' title='bbox 1586 2557 1720 2586; x_wconf 84' lang='lat' dir='ltr'>nostra-</span> 
     </span>
    </p>
   </div>
   <div class='ocr_carea' id='block_1_14' title="bbox 324 2592 1725 3026">
    <p class='ocr_par' dir='ltr' id='par_1_14' title="bbox 324 2592 1725 3026">
     <span class='ocr_line' id='line_1_51' title="bbox 325 2592 1719 2637; baseline 0.005 -14"><span class='ocrx_word' id='word_1_436' title='bbox 325 2602 401 2624; x_wconf 90' lang='lat' dir='ltr'>rum</span> <span class='ocrx_word' id='word_1_437' title='bbox 420 2592 641 2624; x_wconf 76' lang='lat' dir='ltr'>peculiarium</span> <span class='ocrx_word' id='word_1_438' title='bbox 657 2592 693 2624; x_wconf 92' lang='lat' dir='ltr'>in</span> <span class='ocrx_word' id='word_1_439' title='bbox 709 2593 860 2624; x_wconf 88' lang='lat' dir='ltr'>Devonia</span> <span class='ocrx_word' id='word_1_440' title='bbox 882 2596 917 2623; x_wconf 87' lang='lat' dir='ltr'>et</span> <span class='ocrx_word' id='word_1_441' title='bbox 941 2593 1111 2624; x_wconf 85' lang='lat' dir='ltr'>Cornubia</span> <span class='ocrx_word' id='word_1_442' title='bbox 1134 2593 1350 2634; x_wconf 87' lang='lat' dir='ltr'>Officialibus,</span> <span class='ocrx_word' id='word_1_443' title='bbox 1368 2595 1578 2637; x_wconf 84' lang='lat' dir='ltr'>singulisque</span> <span class='ocrx_word' id='word_1_444' title='bbox 1601 2598 1719 2630; x_wconf 87' lang='lat' dir='ltr'>Archi-</span> 
     </span>
     <span class='ocr_line' id='line_1_52' title="bbox 324 2635 1719 2676; baseline 0.005 -10"><span class='ocrx_word' id='word_1_445' title='bbox 324 2635 472 2667; x_wconf 83' lang='lat' dir='ltr'>diaconis</span> <span class='ocrx_word' id='word_1_446' title='bbox 488 2636 610 2667; x_wconf 86' lang='lat' dir='ltr'>nostris</span> <span class='ocrx_word' id='word_1_447' title='bbox 625 2639 661 2667; x_wconf 91' lang='lat' dir='ltr'>et</span> <span class='ocrx_word' id='word_1_448' title='bbox 683 2646 799 2667; x_wconf 87' lang='lat' dir='ltr'>eorum</span> <span class='ocrx_word' id='word_1_449' title='bbox 817 2635 1031 2675; x_wconf 83' lang='lat' dir='ltr'>Officialibus,</span> <span class='ocrx_word' id='word_1_450' title='bbox 1047 2636 1203 2676; x_wconf 83' lang='lat' dir='ltr'>salutem,</span> <span class='ocrx_word' id='word_1_451' title='bbox 1221 2639 1384 2669; x_wconf 71' lang='lat' dir='ltr'>etc—Ad</span> <span class='ocrx_word' id='word_1_452' title='bbox 1408 2643 1560 2671; x_wconf 82' lang='lat' dir='ltr'>nostram</span> <span class='ocrx_word' id='word_1_453' title='bbox 1583 2641 1719 2673; x_wconf 82' lang='lat' dir='ltr'>audien-</span> 
     </span>
     <span class='ocr_line' id='line_1_53' title="bbox 325 2679 1720 2722; baseline 0.005 -12"><span class='ocrx_word' id='word_1_454' title='bbox 325 2679 411 2710; x_wconf 81' lang='lat' dir='ltr'>ciam</span> <span class='ocrx_word' id='word_1_455' title='bbox 441 2679 572 2711; x_wconf 86' lang='lat' dir='ltr'>noviter</span> <span class='ocrx_word' id='word_1_456' title='bbox 604 2682 656 2711; x_wconf 89' lang='lat' dir='ltr'>est</span> <span class='ocrx_word' id='word_1_457' title='bbox 686 2680 873 2711; x_wconf 86' lang='lat' dir='ltr'>deductum</span> <span class='ocrx_word' id='word_1_458' title='bbox 903 2680 994 2720; x_wconf 89' lang='lat' dir='ltr'>quod</span> <span class='ocrx_word' id='word_1_459' title='bbox 1026 2680 1181 2711; x_wconf 90' lang='lat' dir='ltr'>nonnulli</span> <span class='ocrx_word' id='word_1_460' title='bbox 1212 2680 1342 2712; x_wconf 89' lang='lat' dir='ltr'>subditi</span> <span class='ocrx_word' id='word_1_461' title='bbox 1380 2683 1496 2722; x_wconf 88' lang='lat' dir='ltr'>nostri,</span> <span class='ocrx_word' id='word_1_462' title='bbox 1530 2684 1720 2717; x_wconf 84' lang='lat' dir='ltr'>animarum</span> 
     </span>
     <span class='ocr_line' id='line_1_54' title="bbox 325 2722 1718 2768; baseline 0.006 -15"><span class='ocrx_word' id='word_1_463' title='bbox 325 2732 464 2754; x_wconf 84' lang='lat' dir='ltr'>suarum</span> <span class='ocrx_word' id='word_1_464' title='bbox 478 2722 597 2754; x_wconf 85' lang='lat' dir='ltr'>salutis</span> <span class='ocrx_word' id='word_1_465' title='bbox 611 2723 820 2762; x_wconf 85' lang='lat' dir='ltr'>inmemores,</span> <span class='ocrx_word' id='word_1_466' title='bbox 834 2733 979 2763; x_wconf 87' lang='lat' dir='ltr'>quorum</span> <span class='ocrx_word' id='word_1_467' title='bbox 995 2723 1131 2754; x_wconf 89' lang='lat' dir='ltr'>nomina</span> <span class='ocrx_word' id='word_1_468' title='bbox 1147 2724 1346 2764; x_wconf 80' lang='lat' dir='ltr'>ignorantur</span> <span class='ocrx_word' id='word_1_469' title='bbox 1360 2729 1396 2757; x_wconf 87' lang='lat' dir='ltr'>et</span> <span class='ocrx_word' id='word_1_470' title='bbox 1412 2736 1560 2767; x_wconf 86' lang='lat' dir='ltr'>persone,</span> <span class='ocrx_word' id='word_1_471' title='bbox 1579 2729 1718 2768; x_wconf 80' lang='lat' dir='ltr'>Literas,</span> 
     </span>
     <span class='ocr_line' id='line_1_55' title="bbox 327 2766 1722 2809; baseline 0.006 -13"><span class='ocrx_word' id='word_1_472' title='bbox 327 2766 456 2805; x_wconf 64' lang='lat' dir='ltr'>emtas,</span> <span class='ocrx_word' id='word_1_473' title='bbox 478 2766 721 2805; x_wconf 81' lang='lat' dir='ltr'>Instrumenta,</span> <span class='ocrx_word' id='word_1_474' title='bbox 739 2769 775 2798; x_wconf 90' lang='lat' dir='ltr'>et</span> <span class='ocrx_word' id='word_1_475' title='bbox 789 2767 852 2797; x_wconf 79' lang='lat' dir='ltr'>alia</span> <span class='ocrx_word' id='word_1_476' title='bbox 870 2766 1081 2797; x_wconf 85' lang='lat' dir='ltr'>Munimenta</span> <span class='ocrx_word' id='word_1_477' title='bbox 1097 2767 1236 2806; x_wconf 86' lang='lat' dir='ltr'>diversa,</span> <span class='ocrx_word' id='word_1_478' title='bbox 1251 2767 1329 2809; x_wconf 84' lang='lat' dir='ltr'>jura</span> <span class='ocrx_word' id='word_1_479' title='bbox 1343 2773 1379 2800; x_wconf 89' lang='lat' dir='ltr'>et</span> <span class='ocrx_word' id='word_1_480' title='bbox 1401 2769 1575 2803; x_wconf 84' lang='lat' dir='ltr'>libertates</span> <span class='ocrx_word' id='word_1_481' title='bbox 1603 2783 1663 2804; x_wconf 89' lang='lat' dir='ltr'>nos</span> <span class='ocrx_word' id='word_1_482' title='bbox 1687 2776 1722 2804; x_wconf 89' lang='lat' dir='ltr'>et</span> 
     </span>
     <span class='ocr_line' id='line_1_56' title="bbox 329 2809 1721 2852; baseline 0.006 -12"><span class='ocrx_word' id='word_1_483' title='bbox 329 2809 510 2840; x_wconf 87' lang='lat' dir='ltr'>Ecclesiam</span> <span class='ocrx_word' id='word_1_484' title='bbox 527 2813 677 2841; x_wconf 87' lang='lat' dir='ltr'>nostram</span> <span class='ocrx_word' id='word_1_485' title='bbox 695 2810 919 2841; x_wconf 84' lang='lat' dir='ltr'>Exoniensem</span> <span class='ocrx_word' id='word_1_486' title='bbox 934 2810 1177 2849; x_wconf 81' lang='lat' dir='ltr'>concernencia,</span> <span class='ocrx_word' id='word_1_487' title='bbox 1194 2821 1236 2842; x_wconf 88' lang='lat' dir='ltr'>ex</span> <span class='ocrx_word' id='word_1_488' title='bbox 1251 2821 1396 2852; x_wconf 90' lang='lat' dir='ltr'>quorum</span> <span class='ocrx_word' id='word_1_489' title='bbox 1419 2814 1646 2847; x_wconf 83' lang='lat' dir='ltr'>concelacione</span> <span class='ocrx_word' id='word_1_490' title='bbox 1661 2827 1721 2848; x_wconf 88' lang='lat' dir='ltr'>seu</span> 
     </span>
     <span class='ocr_line' id='line_1_57' title="bbox 329 2852 1720 2901; baseline 0.006 -18"><span class='ocrx_word' id='word_1_491' title='bbox 329 2853 558 2884; x_wconf 86' lang='lat' dir='ltr'>subtraccione</span> <span class='ocrx_word' id='word_1_492' title='bbox 575 2852 722 2884; x_wconf 79' lang='lat' dir='ltr'>Ecclesia</span> <span class='ocrx_word' id='word_1_493' title='bbox 737 2857 852 2885; x_wconf 87' lang='lat' dir='ltr'>nostra</span> <span class='ocrx_word' id='word_1_494' title='bbox 868 2853 1018 2894; x_wconf 84' lang='lat' dir='ltr'>predicta</span> <span class='ocrx_word' id='word_1_495' title='bbox 1034 2857 1146 2894; x_wconf 85' lang='lat' dir='ltr'>posset</span> <span class='ocrx_word' id='word_1_496' title='bbox 1161 2854 1202 2885; x_wconf 88' lang='lat' dir='ltr'>de</span> <span class='ocrx_word' id='word_1_497' title='bbox 1219 2854 1308 2886; x_wconf 76' lang='lat' dir='ltr'>facili</span> <span class='ocrx_word' id='word_1_498' title='bbox 1324 2856 1394 2887; x_wconf 84' lang='lat' dir='ltr'>suis</span> <span class='ocrx_word' id='word_1_499' title='bbox 1405 2855 1542 2897; x_wconf 87' lang='lat' dir='ltr'>juribus</span> <span class='ocrx_word' id='word_1_500' title='bbox 1565 2869 1627 2900; x_wconf 90' lang='lat' dir='ltr'>pro</span> <span class='ocrx_word' id='word_1_501' title='bbox 1650 2871 1720 2901; x_wconf 88' lang='lat' dir='ltr'>per-</span> 
     </span>
     <span class='ocr_line' id='line_1_58' title="bbox 330 2896 1723 2938; baseline 0.006 -11"><span class='ocrx_word' id='word_1_502' title='bbox 330 2898 432 2936; x_wconf 88' lang='lat' dir='ltr'>petuo</span> <span class='ocrx_word' id='word_1_503' title='bbox 448 2897 649 2936; x_wconf 74' lang='lat' dir='ltr'>defraudari,</span> <span class='ocrx_word' id='word_1_504' title='bbox 664 2896 831 2936; x_wconf 87' lang='lat' dir='ltr'>detinent,</span> <span class='ocrx_word' id='word_1_505' title='bbox 846 2896 1064 2934; x_wconf 86' lang='lat' dir='ltr'>subtrahunt,</span> <span class='ocrx_word' id='word_1_506' title='bbox 1081 2900 1116 2928; x_wconf 89' lang='lat' dir='ltr'>et</span> <span class='ocrx_word' id='word_1_507' title='bbox 1130 2898 1313 2938; x_wconf 58' lang='lat' dir='ltr'>concelent,</span> <span class='ocrx_word' id='word_1_508' title='bbox 1329 2899 1364 2931; x_wconf 90' lang='lat' dir='ltr'>in</span> <span class='ocrx_word' id='word_1_509' title='bbox 1380 2900 1568 2933; x_wconf 80' lang='lat' dir='ltr'>animarum</span> <span class='ocrx_word' id='word_1_510' title='bbox 1584 2912 1723 2936; x_wconf 89' lang='lat' dir='ltr'>suarum</span> 
     </span>
     <span class='ocr_line' id='line_1_59' title="bbox 329 2939 1724 2985; baseline 0.006 -15"><span class='ocrx_word' id='word_1_511' title='bbox 329 2949 429 2980; x_wconf 80' lang='lat' dir='ltr'>grave</span> <span class='ocrx_word' id='word_1_512' title='bbox 455 2939 650 2980; x_wconf 87' lang='lat' dir='ltr'>periculum,</span> <span class='ocrx_word' id='word_1_513' title='bbox 679 2940 854 2981; x_wconf 86' lang='lat' dir='ltr'>nostrique</span> <span class='ocrx_word' id='word_1_514' title='bbox 881 2943 914 2972; x_wconf 87' lang='lat' dir='ltr'>et</span> <span class='ocrx_word' id='word_1_515' title='bbox 944 2940 1092 2971; x_wconf 73' lang='lat' dir='ltr'>Ecclesia</span> <span class='ocrx_word' id='word_1_516' title='bbox 1123 2946 1237 2973; x_wconf 87' lang='lat' dir='ltr'>nostre</span> <span class='ocrx_word' id='word_1_517' title='bbox 1268 2942 1397 2982; x_wconf 82' lang='lat' dir='ltr'>prefate</span> <span class='ocrx_word' id='word_1_518' title='bbox 1428 2944 1653 2985; x_wconf 90' lang='lat' dir='ltr'>prejudicium</span> <span class='ocrx_word' id='word_1_519' title='bbox 1689 2952 1724 2979; x_wconf 90' lang='lat' dir='ltr'>et</span> 
     </span>
     <span class='ocr_line' id='line_1_60' title="bbox 331 2983 1725 3026; baseline 0.006 -12"><span class='ocrx_word' id='word_1_520' title='bbox 331 2993 517 3023; x_wconf 86' lang='lat' dir='ltr'>gravamen.</span> <span class='ocrx_word' id='word_1_521' title='bbox 576 2983 738 3022; x_wconf 77' lang='lat' dir='ltr'>Quocirca</span> <span class='ocrx_word' id='word_1_522' title='bbox 768 2984 871 3023; x_wconf 80' lang='lat' dir='ltr'>vobis,</span> <span class='ocrx_word' id='word_1_523' title='bbox 902 2983 1114 3024; x_wconf 87' lang='lat' dir='ltr'>conjunctim</span> <span class='ocrx_word' id='word_1_524' title='bbox 1151 2988 1187 3016; x_wconf 86' lang='lat' dir='ltr'>et</span> <span class='ocrx_word' id='word_1_525' title='bbox 1223 2985 1368 3026; x_wconf 88' lang='lat' dir='ltr'>divisim,</span> <span class='ocrx_word' id='word_1_526' title='bbox 1402 2989 1651 3022; x_wconf 87' lang='lat' dir='ltr'>committimus</span> <span class='ocrx_word' id='word_1_527' title='bbox 1689 2994 1725 3022; x_wconf 85' lang='lat' dir='ltr'>et</span> 
     </span>
    </p>
   </div>
  </div>
 </body>
</html>
