1988 3256
720 342 1070 388 COMMISSIONS,
1109 343 1213 379 1110.
1556 333 1559 335 ’
1644 334 1736 378 149

297 447 434 501 &mm
458 447 641 510 {Homini
667 448 926 502 „fflilltzimo
955 448 1130 494 mmm
1162 447 1289 491 lxxm
1315 447 1479 502 quinto,
1510 448 1552 490 et
1581 447 1739 493 Qtonze-

350 502 563 546 trationis
599 503 782 556 {Bonum
818 504 984 557 quinto.

187 589 224 616 A.
228 589 266 616 D.
297 590 354 628 87.
359 593 445 623 —W
447 601 506 624 1181
543 592 794 632 womuoron,
834 593 874 624 R.
880 593 972 624 -To
1014 593 1142 624 Master
1182 591 1332 624 William
1375 591 1468 631 Bide‚
1512 591 1634 631 LL.D.,
1669 592 1736 623 and

186 623 263 684 &3⁷1⁵
343 636 484 668 Official-
488 636 705 677 Principal.-
669 617 857 668 -Thomas
883 637 925 668 de
951 636 1107 668 Affetone
1135 636 1203 668 had
1229 636 1408 678 presented
1441 634 1554 667 Robert
1585 635 1733 674 Precker,

188 665 233 718 11⁰
342 680 507 721 chaplain,
525 683 562 712 to
585 680 654 712 this
671 681 830 713 Benefioe.
876 681 948 712 The
967 681 1194 722 commissary
1208 691 1276 712 was
1299 682 1336 711 to
1359 679 1439 711 hold
1462 690 1505 711 an
1528 679 1734 721 Inquisition

186 725 277 752 Arm·
338 735 374 755 as
397 728 434 756 to
456 724 521 755 the
541 734 685 765 vacancy
709 725 777 756 and
799 735 865 766 any
885 724 978 766 right
1004 724 1080 756 that
1106 724 1166 756 the
1190 723 1256 756 last
1279 723 1493 763 Incumbent,
1517 723 1572 755 Sir
1598 722 1735 755 Thomas

186 766 242 819 ¹53?-
345 767 463 799 Warde
478 767 588 809 might
604 768 688 800 have
703 779 712 807 ;
736 769 802 800 and
818 768 860 800 he
876 779 942 800 was
958 771 994 800 to
1010 770 1124 809 report
1140 771 1176 799 to
1191 767 1252 800 the
1267 767 1404 809 Bishop,
1421 767 1497 798 who
1519 767 1674 798 reserved
1697 769 1734 798 to

187 811 250 854 2341,-
341 811 478 843 himself
505 811 566 843 the
597 812 809 852 Institution,
841 815 919 852 etc.,
953 812 989 844 of
1018 812 1078 844 the
1115 812 1187 844 said
1226 811 1524 844 Robert.-Dated
1553 813 1590 842 at
1621 811 1730 852 Clyst,

341 856 380 887 11
406 855 512 896 April.
558 856 614 888 See
629 866 711 897 page
729 857 782 888 39.

296 910 446 947 88-Το
463 910 517 942 Sir
532 910 679 942 William
695 911 792 950 Scut,
811 910 978 943 Sacristan
994 910 1030 942 of
1044 910 1104 942 the
1120 910 1239 951 King’s
1263 910 1345 942 Free
1369 909 1496 951 Chapel
1518 909 1554 941 of
1577 909 1733 949 Rosam,

340 955 417 994 and,
434 954 468 985 in
485 954 537 986 his
553 955 704 994 absence,
723 958 760 986 to
775 954 933 986 Nicholas
957 954 1158 995 Braybroke,
1175 954 1289 986 Canon
1314 954 1350 985 of
1373 954 1432 986 the
1454 953 1526 985 said
1551 953 1733 994 Chapel.—

342 998 414 1030 The
431 998 522 1039 Kiug
537 999 603 1029 and
623 998 674 1030 his
690 999 922 1030 Predecessors
939 998 1006 1030 had
1021 998 1171 1030 founded
1187 999 1254 1029 and
1277 998 1439 1030 endowed
1462 997 1532 1029 this
1549 997 1733 1038 Collegiate

342 1041 488 1080 Church,
513 1042 690 1083 providing
719 1042 772 1074 for
801 1053 821 1074 a
852 1042 940 1074 fixed
971 1042 1117 1074 number
1147 1041 1182 1073 of
1209 1041 1381 1073 Ministers
1408 1043 1444 1073 to
1467 1052 1562 1072 serve
1589 1041 1730 1073 therein.

341 1085 476 1117 But—‘²
488 1096 554 1117 non
572 1086 644 1117 sine
659 1086 754 1127 gravi
769 1086 879 1118 cordis
894 1086 1017 1125 dolore,
1036 1086 1218 1118 turbamur
1233 1088 1268 1117 et
1285 1085 1495 1127 percutimur
1511 1095 1571 1126 pro
1589 1095 1628 1116 eo
1643 1085 1736 1126 quod

341 1129 539 1171 hujusmodi
554 1130 608 1170 pia
623 1130 760 1161 devocio
772 1133 807 1162 et
822 1130 962 1162 affectus
973 1130 1070 1171 quasi
1086 1129 1222 1171 penitus
1238 1129 1496 1161 defraudantur.
1533 1129 1732 1168 Multorum,

340 1173 520 1215 siquidem,
538 1173 702 1205 relacione
718 1174 895 1214 fidedigna,
912 1184 1040 1205 necnon
1065 1173 1199 1215 publica
1213 1173 1303 1204 fama
1319 1173 1494 1212 referente,
1511 1173 1554 1204 ad
1577 1176 1732 1204 nostrum

342 1217 494 1257 pervenit
519 1217 678 1249 auditum
704 1218 796 1259 quod
822 1217 979 1249 nonnulli
1001 1217 1185 1258 Oapellarie
1209 1217 1359 1258 predicte
1380 1217 1559 1254 intitulati,
1589 1217 1631 1247 ad
1655 1227 1730 1248 con-

341 1261 474 1292 tinuam
503 1261 719 1292 residenciam
747 1261 895 1302 obligati,
920 1261 1039 1293 salutis
1069 1261 1258 1292 animarum
1290 1271 1429 1292 suarum
1462 1260 1569 1299 obliti,
1601 1260 1733 1300 prefata

343 1304 526 1345 Capellaria
543 1305 678 1346 penitus
693 1305 861 1345 derelicta,
874 1305 909 1336 in
926 1304 1048 1336 exteris
1064 1304 1196 1345 eligunt
1212 1305 1430 1343 mansionem,
1444 1304 1568 1344 aliique
1584 1304 1732 1335 Vicarios

342 1351 378 1379 et
392 1348 473 1379 alios
490 1349 689 1380 necessarios
707 1349 878 1380 Ministros
894 1349 1019 1380 ibidem
1036 1359 1158 1389 ponere
1173 1348 1215 1380 ad
1232 1348 1490 1379 deserviendum
1504 1357 1571 1378 non
1588 1350 1709 1379 curant
1723 1358 1733 1386 ;

341 1392 472 1431 domus,
489 1392 627 1431 edificia,
643 1396 679 1424 et
694 1395 804 1424 cetera
819 1393 862 1424 ad
878 1392 1019 1423 eandem
1036 1392 1242 1433 pertinencia
1259 1394 1374 1432 patere
1388 1391 1495 1423 ruinis
1511 1391 1735 1423 inverecunde

342 1436 579 1476 permittentes
594 1447 603 1474 ;
638 1436 782 1475 fructus,
813 1439 938 1475 tamen,
970 1435 1223 1467 Prebendarum
1253 1445 1391 1466 suarum
1421 1438 1456 1466 et
1491 1435 1734 1466 Beneficiorum

340 1480 471 1520 integre
487 1479 689 1521 percipiunt,
705 1483 740 1511 et
756 1480 790 1511 in
806 1490 884 1511 suos
901 1490 981 1511 usus
997 1479 1147 1511 indebite
1163 1482 1380 1518 convertunt,
1405 1479 1564 1520 quodque
1585 1479 1734 1510 deterius

341 1527 393 1554 est
415 1524 608 1562 dicendum,
632 1523 862 1555 ordinaciones
884 1523 937 1555 vel
960 1523 1191 1555 observancias
1215 1533 1274 1564 per
1296 1533 1381 1564 quas
1404 1523 1526 1561 vivere,
1550 1525 1584 1554 et
1607 1522 1732 1554 dictam

343 1567 563 1607 Capellariam
579 1567 694 1598 debite
710 1567 862 1607 officiare,
880 1570 919 1598 ut
936 1570 1106 1606 tenentur,
1124 1577 1190 1598 non
1207 1566 1370 1598 habentes
1388 1569 1490 1607 prout
1505 1567 1639 1598 deceret
1654 1577 1663 1604 ς
1679 1570 1732 1598 set

341 1611 504 1642 dissolute
527 1611 736 1652 clericalique
758 1611 923 1642 modestia
945 1610 1077 1652 abjecta
1099 1610 1288 1642 inordinate
1311 1610 1442 1648 vivunt,
1459 1610 1600 1641 aliorum
1625 1620 1734 1642 mores

340 1655 500 1695 nequiter
521 1655 776 1695 corrumpendo,
797 1655 956 1696 premissa
972 1655 1098 1686 nedum
1122 1655 1291 1694 timentes,
1309 1654 1482 1692 Divinum,
1509 1657 1636 1692 tamen,
1655 1653 1734 1686 Cul-

341 1701 416 1730 tum
433 1701 469 1730 et
485 1698 670 1739 predictam
694 1698 913 1737 Capellariam
938 1698 1033 1739 quasi
1056 1698 1271 1729 inofficiatam
1294 1698 1457 1729 deserunt
1478 1700 1513 1728 et
1535 1697 1729 1729 dimittunt.

341 1742 503 1773 Nolentes
519 1742 688 1783 premissa,
707 1742 829 1773 Divine
846 1742 1033 1783 Majestatis
1049 1742 1162 1773 oculos
1177 1741 1324 1782 graviter
1347 1741 1562 1780 offendenda,
1579 1741 1643 1772 sub
1666 1742 1731 1773 dis-

340 1786 566 1817 simulacionis
582 1786 702 1817 umbra
717 1786 859 1817 transire
874 1786 1068 1825 incorrecta,
1081 1785 1182 1817 sicuti
1198 1796 1259 1816 nec
1271 1785 1433 1816 debemus
1450 1796 1458 1824 ;
1473 1785 1732 1825 considerantes,

340 1832 464 1869 tamen,
481 1830 720 1870 premissorum
735 1829 975 1861 correccionem
992 1832 1028 1861 et
1043 1829 1319 1861 reformacionem
1331 1829 1462 1860 debitas
1477 1828 1549 1860 sine
1566 1829 1735 1869 presencia

341 1873 506 1914 personali
533 1873 779 1905 canonicorum
801 1876 1058 1914 ceterorumque
1080 1873 1116 1904 in
1139 1873 1230 1904 dicta
1254 1872 1439 1914 Capellaria
1461 1872 1732 1904 ministrancium

341 1917 497 1948 debitum
519 1927 587 1949 non
611 1928 706 1958 posse
721 1917 834 1948 sortiri
849 1917 1006 1948 effectum
1021 1917 1146 1958 pariter
1169 1919 1204 1948 et
1220 1919 1400 1957 optatum,
1391 1927 1399 1935 ·
1422 1916 1545 1948 idcirco
1568 1916 1733 1957 prefatam

342 1960 560 2001 Capellariam
584 1971 662 1993 cum
685 1961 754 1992 suis
778 1961 946 2000 membris,
963 1961 1112 2001 aliosque
1136 1960 1321 1992 Canonicos
1343 1970 1381 1991 ac
1408 1963 1535 1991 ceteros
1561 1959 1734 1992 Ministios

341 2003 504 2045 ejusdem,
515 2004 591 2045 jure
607 2007 724 2036 nostro
739 2004 942 2046 supradicto,
954 2004 1099 2036 Domino
1115 2007 1269 2036 nostrum
1285 2003 1492 2044 adimplente
1508 2003 1730 2044 propositum,

341 2047 502 2079 duximus
517 2048 662 2087 visitare,
679 2051 714 2080 et
730 2059 768 2080 ea
782 2048 944 2089 corrigere
960 2051 996 2079 et
1013 2049 1191 2079 emendare
1207 2058 1273 2089 que
1290 2047 1399 2079 inibi
1389 2047 1617 2078 invenerimus
1633 2048 1731 2079 corri-

341 2091 458 2132 genda,
476 2094 592 2123 tenore
615 2092 840 2131 Presencium,
864 2091 1034 2123 occasione
1057 2092 1227 2133 premissa,
1245 2090 1467 2132 peremptorie
1490 2101 1550 2122 vos
1573 2091 1728 2131 citamus,

341 2146 378 2166 ac
400 2146 517 2166 omnes
539 2138 576 2168 et
598 2136 747 2176 singulos
771 2135 1009 2174 canonicatus,
1027 2135 1226 2174 Prebendas,
1245 2134 1369 2174 Officia,
1388 2134 1544 2174 Vicarias,
1561 2145 1620 2166 seu
1645 2135 1729 2166 Can-

340 2178 443 2210 tarias
470 2179 653 2220 Perpetuas
677 2180 712 2211 in
741 2179 892 2220 predicta
919 2179 1103 2220 Capellaria
1130 2179 1332 2220 optinentes,
1359 2189 1489 2210 necnon
1521 2178 1665 2211 Clericos
1695 2182 1731 2210 et

340 2222 514 2254 Ministros
529 2223 682 2264 ejusdem
701 2222 884 2263 Capellarie
899 2233 1015 2254 omnes
1031 2225 1066 2254 et
1081 2233 1197 2253 eorum
1213 2222 1372 2263 singulos,
1389 2232 1450 2263 per
1466 2232 1523 2253 vos
1539 2222 1726 2254 communi·
1780 2228 1783 2231 “

339 2269 393 2297 ter
408 2266 460 2297 vel
475 2266 621 2297 alterum
638 2269 789 2298 vestrum
805 2266 939 2297 divisim
955 2266 1051 2297 citari
1066 2266 1223 2297 volumus
1246 2269 1281 2297 et
1304 2266 1504 2297 mandamus
1526 2266 1618 2307 quod
1640 2275 1728 2297 com-

338 2310 483 2351 pareatis
505 2313 541 2341 et
562 2313 787 2351 compareant,
809 2312 1067 2350 compareatque
1089 2319 1206 2341 eorum
1229 2309 1374 2350 quilibet
1404 2309 1632 2350 personaliter,
1657 2319 1727 2341 ces-

185 2351 237 2379 101·
257 2352 298 2379 25
335 2356 431 2385 sante
447 2354 613 2385 Canonico
628 2353 882 2394 impedimento,
900 2363 1012 2384 coram
1034 2353 1130 2384 nobis
1146 2352 1199 2384 vel
1222 2353 1346 2384 nostris
1367 2352 1403 2383 in
1426 2352 1488 2384 hac
1511 2355 1606 2393 parte
1630 2353 1726 2384 Com-

340 2397 509 2436 missariis,
539 2397 574 2428 in
602 2397 714 2429 Choro
745 2397 862 2428 Libere
886 2396 1069 2437 Capellarie
1092 2396 1251 2437 predicte,
1275 2396 1330 2427 die
1354 2396 1450 2446 Lune
1473 2396 1627 2436 proximo
1650 2400 1727 2437 post

339 2485 492 2525 proximo
506 2484 675 2524 futurum,
692 2495 800 2523 mane,
823 2494 915 2515 more
938 2484 979 2515 de
1001 2483 1077 2524 jure
1100 2483 1215 2514 debito
1237 2493 1295 2514 seu
1319 2485 1490 2521 consueto,
1514 2483 1640 2514 ibidem
1665 2484 1724 2515 Ca-

341 2528 531 2569 pitulariter
546 2528 746 2569 congregati,
763 2527 961 2569 hujusmodi
976 2527 1189 2559 Visitacionis
1205 2526 1361 2559 Officium
1377 2507 1552 2557 humiliter
1567 2527 1724 2566 subituri,

338 2574 374 2603 et
389 2571 497 2603 eidem
519 2572 676 2613 plenarie,
699 2575 802 2613 prout
822 2571 879 2612 jus
902 2574 936 2602 et
959 2571 1168 2602 consuetudo
1191 2570 1341 2611 exigunt,
1358 2569 1510 2610 parituri,
1527 2570 1725 2611 Literasque

337 2615 578 2647 testimoniales
593 2615 759 2647 Ordinum
775 2625 913 2646 suorum
929 2625 966 2646 ac
983 2613 1250 2646 Ganonicatuum
1273 2616 1308 2644 et
1331 2613 1593 2653 Prebendarum,
1611 2613 1723 2646 Offici-

339 2669 446 2698 orum,
470 2658 686 2698 Vicariarum,
714 2662 750 2691 et
776 2658 1010 2691 Cantariarum
1039 2657 1082 2689 ad
1110 2657 1229 2689 titulos
1255 2667 1333 2688 suos
1362 2657 1532 2696 facientes,
1557 2660 1659 2698 prout
1681 2658 1724 2689 ad

337 2703 471 2734 eosdem
487 2702 711 2734 communiter
726 2712 785 2734 seu
801 2701 934 2733 divisim
952 2701 1099 2741 pertinet
1114 2700 1149 2732 in
1165 2711 1203 2732 ea
1219 2703 1314 2741 parte
1337 2700 1510 2741 sigillatim
1526 2700 1720 2741 exhibituri,

337 2748 373 2777 et
388 2756 481 2777 veras
496 2746 616 2787 copias,
632 2746 721 2777 facta
743 2746 836 2787 prius
852 2745 1030 2777 collacione
1053 2744 1168 2776 debita
1189 2745 1231 2775 de
1253 2744 1389 2783 eisdem,
1407 2754 1518 2775 coram
1541 2745 1665 2776 nostris
1687 2745 1723 2776 in

339 2799 376 2820 ea
407 2792 502 2830 parte
531 2789 745 2831 deputandis,
776 2799 876 2830 penes
914 2788 1108 2829 Registrum
1145 2787 1280 2819 realiter
1316 2787 1496 2826 dimissuri,
1531 2787 1722 2829 facturique

338 2832 480 2864 ulterius
495 2835 531 2865 et
544 2833 712 2874 recepturi
727 2843 828 2874 super
838 2832 912 2871 hiis,
929 2842 1006 2864 cum
1022 2831 1276 2863 continuacione
1291 2834 1326 2863 et
1341 2830 1575 2873 prorogacione
1591 2832 1723 2863 dierum

338 2879 374 2907 et
389 2876 536 2908 locorum
552 2879 636 2908 tunc
651 2876 878 2918 sequencium,
896 2876 986 2917 quod
1004 2875 1203 2907 Canonicis'
1193 2885 1228 2906 m
1244 2874 1306 2906 hac
1322 2877 1416 2916 parte
1439 2875 1597 2906 convenit
1619 2875 1721 2907 Insti-

338 2919 425 2951 tutis
453 2922 489 2952 et
516 2920 559 2952 ad
585 2920 854 2952 observacionem
881 2918 1142 2951 Ordinacionum
1173 2920 1209 2950 et
1240 2918 1536 2950 Consuetudinum
1565 2918 1720 2960 ejusdem

339 2962 458 2995 Libere
485 2963 668 3006 Oapellarie
689 2963 876 2996 dinoscitur
898 2962 1071 3004 pertinere.
1119 2961 1234 3002 Vobis,
1258 2962 1372 3002 eciam,
1395 2964 1431 2994 et
1453 2961 1612 3003 capitulo
1634 2972 1721 2994 com-
