1988 3256
296 341 390 386 308

295 452 374 483 Ap.

297 486 371 514 1373.

295 520 357 548 Vol.
372 521 397 549 1.

292 1296 344 1323 101.

293 1331 355 1357 38b.

496 353 597 387 THE
630 352 876 387 REGISTER
911 353 973 386 OF
1007 352 1186 387 BISHOP
1220 351 1627 388 BRANTYNGHAM.

451 456 643 488 Libertates
666 458 781 489 nostre
809 455 1020 489 cathedralis
1045 456 1191 488 Ecclesie
1217 455 1416 488 Exoniensis
1441 456 1476 488 in
1502 456 1565 488 hac
1588 459 1694 498 parte,
1714 458 1833 488 contra

450 499 596 532 formam
610 499 798 541 juramenti
814 500 867 531 sui
882 500 978 531 nobis
994 500 1138 541 prestiti,
1154 500 1312 541 nequiter
1328 500 1491 532 violando.
1541 500 1704 539 Quocirca
1727 499 1831 539 vobis,

447 546 523 581 etc„
547 544 747 576 mandamus
770 543 932 585 quatinus
962 543 1084 583 citetis,
1108 553 1168 575 seu
1191 554 1280 575 unus
1302 546 1455 576 vestrum
1477 543 1570 584 citet,
1593 543 1832 586 peremptorie,

449 587 621 627 prefatum
655 587 858 625 Gilbertum,
887 597 1017 618 necnon
1049 587 1212 619 Dominos
1241 587 1460 627 Willelmum,
1486 587 1529 619 de
1553 588 1772 627 Heawntone,
1796 589 1834 619 et

450 630 671 662 Edmundum
702 629 817 670 [Hale]
847 630 890 662 de
920 630 1148 669 Parrecombe,
1179 631 1403 662 Ecclesiarum
1436 631 1602 671 Rectores,
1629 632 1834 662 Executores

449 674 659 706 Testamenti
681 674 764 706 dicti
790 673 922 706 lticardi
936 674 971 705 in
987 673 1092 714 ipsius
1117 674 1336 707 Testamento
1358 674 1558 712 nominatos,
1585 674 1677 716 quod
1700 683 1832 714 compa-

449 720 548 749 reant
576 727 688 750 coram
719 717 825 756 nobis,
856 719 893 749 et
921 717 1066 758 quilibet
1095 728 1212 750 eorum
1241 727 1302 759 per
1325 728 1361 750 se
1384 720 1588 759 compareat,
1621 718 1655 749 in
1686 717 1835 749 Ecclesia

450 761 676 793 Conventuali
706 761 902 793 Monasterii
931 761 1163 802 Tavystochie,
1193 761 1249 793 die
1278 761 1374 793 Lune
1403 761 1556 803 proxima
1586 765 1664 803 post
1693 761 1833 793 Festum

449 804 676 837 Exaltacionis
692 805 816 837 Sancte
832 804 948 836 Crucis
965 805 1117 846 proximo
1131 805 1202 846 jam
1218 805 1377 837 futurum
1393 816 1401 844 ;
1417 805 1579 846 prefatus,
1595 815 1684 844 vero,
1704 804 1834 836 Gilber-

449 850 516 888 tus,
534 848 691 881 Officialis
706 852 893 889 pretensus,
910 859 1012 889 super
1026 849 1196 890 premissis
1218 848 1375 890 perjurio,
1399 851 1608 890 contemptu,
1625 851 1662 880 et
1684 847 1834 879 inobedi-

448 892 542 923 encia
553 892 617 923 sibi
627 895 710 924 tunc
721 891 902 923 obiciendis
913 896 948 923 et
959 893 1176 933 exponendis,
1189 892 1285 924 nobis
1296 902 1338 924 ex
1349 893 1464 924 Officio
1476 897 1592 924 nostro
1603 901 1834 933 responsurus,

447 946 486 967 ac
516 935 559 967 de
589 936 733 967 veritate
762 935 915 975 dicenda,
947 935 976 967 si
1005 939 1170 976 oporteat,
1204 936 1425 977 personaliter
1459 935 1649 977 juraturus,
1681 935 1835 966 facturus

448 979 593 1011 ulterius
604 982 640 1011 et
655 982 863 1020 recepturus,
880 979 915 1011 in
931 979 1101 1020 premissis
1116 982 1152 1011 et
1167 989 1206 1011 ea
1220 979 1510 1018 concernentibus,
1527 979 1714 1020 quodjuris
1728 977 1836 1010 fuerit

448 1025 484 1055 et
498 1023 660 1058 racionis;
677 1022 771 1062 dicti,
788 1032 876 1062 vero,
896 1023 1101 1055 Executores
1122 1023 1334 1055 Testamenti
1356 1022 1554 1064 hujusmodi
1576 1026 1669 1061 tunc,
1694 1021 1833 1060 ibidem,

447 1077 559 1098 coram
586 1066 683 1098 nobis
713 1066 910 1106 exhibituri,
942 1066 1129 1107 probaturi,
1167 1066 1576 1107 Administracionemque
1611 1065 1764 1107 ejusdem
1799 1065 1850 1110 inv

446 1110 556 1142 forma
577 1109 664 1151 juris
693 1109 882 1148 admissuri,
914 1120 1044 1141 necnon
1073 1120 1175 1151 super
1204 1110 1278 1141 aliis
1304 1110 1466 1142 Articulis
1490 1120 1616 1141 meram
1642 1109 1835 1141 animarum

449 1163 586 1186 suarum
603 1153 844 1185 correccionem
859 1154 1091 1194 tangentibus,
1107 1154 1233 1185 eisdem
1249 1156 1285 1186 et
1300 1163 1416 1185 eorum
1440 1153 1578 1194 utrique
1601 1152 1783 1184 obiciendis
1798 1154 1835 1184 et
1869 1182 1872 1185 χ

447 1197 662 1238 exponendis,
690 1197 911 1238 personaliter
936 1200 972 1229 et
1002 1197 1137 1229 divisim
1159 1197 1377 1238 responsuri3
1400 1197 1525 1229 facturi
1548 1196 1701 1236 ulterius,
1725 1199 1835 1228 ete.—

447 1240 560 1273 Dated
582 1244 620 1272 at
645 1240 819 1280 Crediton,
839 1241 880 1272 24
896 1240 982 1282 Aug.

400 1295 630 1345 Winkleigh
646 1308 657 1343 3
690 1295 975 1344 Reparaci0,-

403 1349 562 1388 Thomas,
578 1352 654 1387 etc„
678 1349 818 1382 Officiali
833 1351 949 1381 nostre
964 1349 1145 1380 Peculiaris
1160 1349 1182 1381 J
1186 1349 1414 1381 urisdiccionis
1436 1349 1469 1380 iu
1495 1348 1654 1386 Devonia,
1682 1347 1838 1388 salutem,

447 1393 707 1425 etae.—-Gravem
731 1393 867 1424 Domini
889 1393 1054 1424 Johannis
1078 1393 1251 1432 Carbonel,
1269 1392 1429 1434 Perpetui
1451 1392 1576 1424 Vicarii
1599 1391 1744 1424 Ecclesie
1760 1391 1838 1423 Par-

446 1436 583 1468 ochialis
606 1436 648 1468 de
674 1436 912 1478 Wynkeleghe,
937 1436 1110 1477 querelam
1131 1436 1329 1478 recepimus,
1354 1436 1586 1468 continentem
1608 1435 1700 1477 quod
1721 1444 1838 1476 quam-

448 1480 561 1522 plures
576 1480 730 1512 defectus
745 1480 780 1511 in
797 1480 961 1519 Canceuo,
975 1480 1094 1519 Libris,
1106 1480 1332 1520 Ornamentis,
1349 1480 1585 1521 domubusque
1608 1482 1644 1511 et
1666 1478 1839 1518 clausuris,

446 1534 486 1556 ac
500 1523 601 1555 rebus
615 1523 689 1555 aliis
705 1524 795 1555 dicte
811 1523 941 1555 Vicarie
956 1523 1088 1556 notorie
1103 1523 1234 1555 invenit
1249 1524 1461 1565 reparacione
1476 1523 1591 1555 debita
1606 1525 1642 1555 et
1654 1521 1839 1554 necessaria

446 1567 637 1608 indigentes
652 1578 661 1606 ς
678 1577 762 1608 quos
778 1567 944 1598 Dominus
959 1567 1129 1599 Walterus
1145 1567 1166 1599 J
1169 1567 1268 1607 udde,
1285 1578 1394 1609 nuper
1408 1567 1498 1599 dicte
1515 1566 1660 1598 Ecclesie
1674 1565 1837 1605 Vicarius,

446 1611 658 1652 predecessor
679 1610 762 1643 dicti
785 1621 876 1642 nunc
898 1610 1022 1642 Vicarii
1044 1611 1271 1650 immediatus,
1287 1611 1426 1649 dimisit,
1450 1610 1520 1642 suis
1540 1609 1760 1651 temporibus,
1780 1619 1840 1650 per

446 1665 543 1686 suam
564 1653 728 1686 incuriam
752 1657 787 1686 et
810 1654 1057 1695 necligenciam,
1073 1654 1285 1686 incorrectos.
1336 1655 1504 1694 Volentes,
1527 1654 1643 1695 igitur,
1666 1653 1711 1684 ad
1732 1652 1838 1694 ipsius

445 1708 536 1730 nunc
551 1698 675 1730 vicarii
698 1698 978 1739 supplicacionem
994 1698 1191 1738 instantem,
1208 1698 1250 1730 de
1272 1701 1441 1739 oportuno
1456 1697 1521 1729 sibi
1535 1707 1636 1738 super
1650 1696 1714 1728 hoc
1728 1696 1838 1738 provi·

446 1742 525 1774 dere
556 1741 714 1781 remedio,
739 1744 780 1773 ut
802 1745 971 1781 tenemur,
996 1741 1091 1773 vobis
1113 1741 1360 1774 committimus
1382 1744 1419 1774 et
1442 1741 1642 1773 mandamns
1664 1740 1836 1782 quatinus,

445 1785 572 1818 vocatis
587 1786 623 1817 in
635 1785 697 1817 hac
714 1788 809 1826 parte
825 1786 867 1817 de
881 1785 958 1827 jure
974 1785 1140 1826 vocandis,
1157 1785 1359 1817 defectubus
1374 1785 1580 1826 hujusmodi,
1597 1783 1656 1826 qui
1671 1786 1707 1816 et
1722 1783 1838 1824 quales

447 1829 517 1862 sint
543 1832 580 1861 et
601 1829 636 1861 in
659 1829 782 1870 quibus
805 1829 906 1860 rebus
927 1829 1124 1869 consistant,
1147 1839 1207 1870 pro
1230 1832 1359 1870 quanto
1382 1829 1487 1861 eciam
1509 1830 1672 1869 poterunt
1691 1836 1839 1868 congrue

446 1873 604 1914 reparari,
621 1883 659 1903 ac
674 1882 818 1914 quorum
834 1882 892 1904 seu
909 1872 1008 1914 cujus
1023 1873 1234 1914 temporibus
1249 1872 1453 1912 acciderunt,
1463 1875 1500 1904 et
1511 1871 1555 1903 ad
1569 1881 1672 1913 quem
1685 1870 1738 1902 vel
1754 1880 1839 1912 quos

445 1916 643 1957 hujusmodi
655 1916 822 1957 reparaeio
838 1916 1008 1957 pertineat
1023 1916 1089 1947 ista
1100 1916 1180 1956 vice,
1192 1927 1252 1958 per
1267 1916 1356 1948 viros
1371 1916 1558 1956 fidedignos
1572 1914 1788 1946 beneficiatos
1803 1917 1839 1946 et

444 1960 536 1999 alios,
559 1958 743 2000 pleniorem
758 1960 918 1991 noticiam
934 1959 969 1991 in
992 1959 1055 1991 hac
1077 1963 1172 2001 parte
1195 1959 1398 2001 optinentes,
1414 1959 1450 1991 in
1465 1959 1575 1990 forma
1588 1958 1675 2000 juris
1688 1957 1834 2000 juratos,

444 2003 625 2044 diligenter
639 2006 676 2035 et
691 2001 1058 2044 fidelite1·inquiratis.¹
1103 2004 1150 2035 Et
1165 2003 1248 2044 quid
1263 2003 1412 2038 feceritis
1434 2005 1470 2034 et
1492 2001 1684 2043 repereritis
1706 2001 1742 2033 in
1764 2011 1838 2042 pre-

445 2047 566 2085 missis,
592 2056 664 2085 n05‚
690 2047 780 2078 dicte
803 2046 1037 2087 Inquisicionis
1063 2047 1199 2087 negocio
1221 2047 1336 2078 debite
1362 2046 1530 2087 expedito,
1557 2044 1750 2077 certificetis
1778 2054 1840 2086 per

446 2090 577 2122 Literas
598 2093 727 2122 vestras
747 2090 886 2129 clausas,
909 2090 1013 2121 vestri
1037 2089 1144 2122 Officii
1165 2090 1273 2130 sigillo
1293 2090 1455 2131 impresso
1478 2092 1514 2121 et
1536 2099 1653 2120 eorum
1669 2098 1730 2129 per
1754 2098 1839 2130 quos

445 2133 644 2175 hujusmodi
667 2133 848 2175 Inquisicio
871 2136 970 2174 capta
992 2133 1098 2166 fuerit
1113 2134 1230 2174 sigillis
1253 2133 1480 2175 pendentibus
1503 2132 1726 2173 consignatas,
1750 2131 1838 2173 ipso-

445 2187 590 2218 rumque
605 2177 850 2218 Inquisitorum
867 2177 1004 2209 nomina
1017 2187 1056 2209 ac
1071 2177 1278 2218 cognomina,
1291 2182 1328 2210 et
1339 2177 1460 2209 harum
1472 2176 1603 2215 seriem,
1616 2175 1839 2208 continentes.

445 2221 603 2252 —Dated
617 2223 655 2253 at
671 2220 777 2262 Clyst,
795 2220 835 2254 27
853 2221 939 2262 Aug.

399 2275 731 2325 Testamentary3
768 2275 905 2314 Litera
934 2276 979 2314 de
1006 2275 1322 2314 administrando
1359 2276 1458 2314 bona
1485 2288 1555 2325 que
1584 2273 1730 2313 servari
1760 2287 1838 2312 non

446 2337 631 2378 poterunt
650 2330 817 2368 Ricardi
843 2329 1087 2376 Beawmond,
1109 2330 1354 2379 defuncti,—

402 2383 557 2421 Thomas,
589 2387 664 2423 etc„
694 2383 839 2416 Domino
868 2383 1017 2416 ,Iohanni
1045 2384 1257 2424 Beawmoud,
1288 2383 1398 2424 Militi,
1430 2383 1587 2422 salutem,
1618 2381 1832 2422 etc.,—Cum

445 2427 609 2460 Ricardus
631 2427 674 2459 de
698 2428 910 2467 Beawmond,
933 2427 1108 2459 familiaris
1130 2432 1247 2460 noster
1269 2431 1305 2460 et
1327 2430 1425 2469 pater
1446 2430 1560 2459 vester
1581 2425 1732 2464 carnalis,
1750 2425 1835 2457 dum

445 2471 543 2510 vixit,
562 2471 822 2503 Testamentum
844 2480 946 2502 suum
969 2470 1184 2510 condidisset,
1200 2471 1236 2503 in
1258 2482 1326 2512 quo
1349 2470 1512 2503 nonnulla
1533 2470 1622 2501 bona
1644 2479 1705 2510 pro
1727 2469 1838 2501 salute

444 2515 557 2547 anime
580 2514 685 2556 ipsius
708 2515 743 2546 in
767 2514 840 2556 pios
863 2525 947 2546 usus
969 2515 1198 2547 convertenda
1220 2515 1422 2556 reliquisset,
1439 2524 1506 2556 que
1525 2513 1691 2545 servando
1712 2512 1840 2544 servari

290 2611 302 2631 ¹
321 2612 394 2644 The
419 2611 591 2653 following
615 2613 774 2643 sentence
800 2621 916 2644 occurs
943 2611 1033 2652 here,
1136 2612 1199 2644 hoc
1221 2612 1391 2653 assignare
1417 2610 1592 2650 duxeritis,
1622 2612 1839 2651 compareant

333 2655 399 2687 but
410 2655 471 2687 has
482 2655 567 2686 been
582 2654 816 2686 cancelled—“
829 2665 870 2687 va
914 2678 922 2687 .
971 2679 980 2688 .
1024 2679 1032 2688 .
1138 2666 1250 2688 coram
1279 2656 1386 2694 nobis,
1420 2654 1684 2696 pnblicacionem
1716 2652 1834 2694 hujus·

332 2698 488 2738 cat,''—“
507 2698 638 2737 Citetis,
670 2698 816 2739 insuper,
847 2708 907 2730 seu
938 2698 1036 2730 citari
1138 2699 1229 2731 modi
1246 2699 1480 2741 Inquisicionis
1496 2708 1557 2739 per
1570 2707 1630 2728 nos
1643 2696 1832 2728 faciendam

331 2742 472 2781 faciatis,
495 2741 730 2783 peremptorie,
754 2752 831 2774 cum
855 2742 1036 2783 Inquisicio
1137 2742 1242 2774 visuri
1257 2745 1294 2774 et
1308 2742 1469 2782 audituri,
1486 2742 1538 2773 vel
1554 2741 1674 2772 saltem
1690 2749 1836 2778 causam,

332 2785 529 2827 hujusmodi
552 2785 599 2817 sic
627 2795 686 2826 per
712 2795 770 2817 vos
797 2788 896 2826 capta
918 2785 1033 2825 fuerit,
1136 2786 1165 2818 si
1189 2796 1291 2828 quam
1307 2785 1454 2818 habeant
1473 2784 1718 2823 racionabilem,
1735 2793 1840 2824 quare

332 2828 417 2860 dicti
437 2828 559 2860 Vicarii
581 2828 736 2860 defuncti
763 2829 980 2868 Executores,
1004 2829 1033 2860 si
1134 2829 1299 2871 publicari
1323 2839 1391 2861 non
1418 2829 1541 2861 debeat
1571 2826 1778 2870 proposituri
1804 2826 1841 2859 in

332 2872 391 2914 qui
403 2872 547 2911 fuerint;
562 2871 881 2913 alioquinbonorum
892 2882 1031 2904 suorum
1134 2872 1250 2905 debita
1263 2872 1350 2914 juris
1368 2873 1478 2905 forma
1492 2870 1689 2914 processuri,
1702 2869 1839 2911 facturi,

332 2915 753 2957 Administratores3quod
763 2915 836 2957 ipsi,
848 2916 950 2947 certis
960 2915 1032 2948 loco
1133 2919 1170 2948 et
1191 2916 1360 2957 recepturi
1382 2916 1526 2948 ulterius
1548 2915 1584 2947 in
1606 2916 1681 2947 toto
1699 2913 1838 2955 negocio

331 2962 367 2991 et
384 2959 529 2991 termino
541 2959 821 3000 competentibus,
835 2969 919 3001 quos
928 2959 976 2991 eis
987 2959 1030 2991 ad
1134 2963 1175 2991 ut
1190 2963 1242 2992 est
1255 2959 1422 3002 justum.’'
