1988 3256
463 370 752 404 REGISTRUM
787 369 1248 404 coMMUNs—ANNO
1289 360 1345 403 3⁰.
1580 358 1677 402 283

136 475 213 537 ΙΑέγῡί
283 476 579 518 sequestravimus,
595 479 632 508 et
646 476 787 508 fecimus
803 476 938 508 realiter
959 475 1171 518 sequestrari,
1187 485 1226 507 ac
1249 475 1327 516 poni
1343 475 1386 506 ad
1403 485 1524 506 manus
1541 474 1680 506 Domini

136 542 201 571 vol·
226 542 252 572 Ι.
288 520 395 552 nostri
413 520 510 561 Pape,
527 531 565 551 ac
580 520 646 551 sub
660 523 733 551 arta
749 521 921 561 Sequestri
937 520 1091 551 custodia
1104 519 1220 559 teneri,
1237 519 1343 550 donec
1358 519 1401 550 de
1417 519 1556 559 prefatis
1572 529 1678 560 quan-

135 952 174 978 ful
178 972 185 979 .

139 2720 153 2742 ¹
167 2721 240 2753 The
255 2720 381 2762 Bishop
396 2720 507 2762 might
521 2720 595 2752 well
610 2720 652 2751 be
672 2720 812 2762 puzzled
834 2721 878 2762 by

183 2764 254 2797 this
291 2763 537 2805 unintelligible
574 2764 684 2806 Entry
699 2762 711 2796 Ι

289 564 449 596 titatibus
465 564 536 595 sive
550 564 693 595 summis
716 563 758 595 ab
781 564 828 595 eis
844 564 977 602 debitis,
1007 567 1046 595 ut
1069 563 1246 604 prefertur,
1274 563 1379 594 fuerit
1401 563 1511 594 eidem
1540 563 1679 594 Camere

289 618 436 648 congrue
447 607 669 639 satisfactum.
705 608 908 646 Monuimus,
921 607 1168 646 nichilominus,
1180 610 1216 638 et
1225 607 1352 638 moneri
1365 607 1514 646 fecimus,
1528 617 1679 647 peremp-

292 652 389 689 torie,
408 662 525 683 omnes
534 655 570 683 et
581 651 730 692 singulos
743 652 910 683 dictorum
928 652 1171 683 Beneficiorum
1190 661 1404 692 possessores,
1422 661 1482 682 seu
1495 651 1679 682 eorundem

290 699 524 738 procuratores
539 699 575 726 et
589 696 794 735 detentores,
810 706 940 727 necnon
956 695 1138 736 Religiosos
1161 699 1197 726 et
1218 695 1300 725 alios
1318 694 1411 725 vobis
1427 694 1680 735 procuraciones

289 740 461 779 debentes,
484 739 519 771 in
536 739 686 780 personis
708 749 823 770 eorum
848 739 999 780 propriis,
1023 749 1082 770 seu
1098 749 1215 770 eorum
1238 741 1479 779 procuratores,
1502 742 1605 779 prout
1629 738 1679 769 in-

289 783 394 815 ferius
409 783 621 823 describitur,
638 783 727 824 quod
752 787 976 824 compareant,
1000 786 1035 814 et
1050 786 1242 822 compareat
1264 792 1381 813 eorum
1397 782 1550 822 quilibet,
1567 792 1678 813 coram

290 828 394 866 vobis,
410 827 444 858 in
463 828 572 858 Domo
587 827 808 858 habitacionis
831 830 950 866 vestre,
977 826 1166 863 Londmiis,
1193 826 1341 857 secundo
1356 826 1411 857 die
1426 826 1447 857 J
1453 826 1580 857 uridico
1604 831 1681 866 post

289 872 430 903 Festum
462 871 577 903 Sancti
603 870 742 902 Dionisii
765 871 917 911 proximo
939 871 1108 906 futurum.
1133 869 1349 908 satisfacturi,
1377 880 1435 900 seu
1464 869 1678 911 proposituri,

288 915 475 947 secundum
492 924 628 946 omnem
651 915 730 953 vim,
757 914 913 954 formam,
930 918 966 946 et
989 914 1145 945 effectum
1177 913 1367 944 Literarum
1390 916 1577 945 vestrarum
1606 924 1678 954 pre-

287 959 467 997 dictarum,
484 958 675 999 facturique
691 958 834 989 ulterius
849 962 881 989 et
895 958 1072 998 recepturi,
1089 957 1123 988 in
1141 957 1298 988 omnibus
1314 960 1349 988 et
1365 967 1423 997 per
1438 957 1560 995 omnia,
1579 962 1680 998 prout

288 1003 323 1034 in
339 1003 432 1034 omni
447 1003 500 1034 sui
516 1006 611 1043 parte
627 1002 742 1033 eedem
761 1002 872 1033 Litere
890 1006 998 1032 vestre
1013 1002 1048 1032 in
1066 1012 1102 1032 se
1117 1001 1259 1041 exigunt
1275 1005 1310 1031 et
1326 1000 1517 1041 requirnnt.

249 1046 451 1086 —Nomina,
466 1055 548 1086 vero,
564 1056 674 1077 eorum
687 1050 798 1077 contra
815 1056 893 1087 quos
906 1056 1018 1077 eunius
1033 1047 1154 1077 menti
1173 1047 1208 1075 in
1224 1044 1285 1075 Ιιασ
1298 1049 1393 1084 parte
1402 1049 1480 1075 eunt
1495 1044 1559 1083 hec,
1570 1062 1603 1067 -

247 1091 298 1123 De
308 1091 482 1122 Probenda.
493 1089 638 1121 Ecclesie
649 1090 830 1130 Collegiate
840 1090 882 1120 de
891 1089 1038 1131 Glasuey
1049 1099 1152 1130 quam
1164 1088 1314 1129 optinuit
1327 1088 1520 1129 Stephanus
1531 1087 1678 1130 Pempel,

289 1134 420 1166 racione
448 1134 650 1165 Provisionis
676 1134 765 1165 facte
790 1133 919 1164 Thome
944 1133 987 1164 de
1015 1133 1207 1171 Woderone,
1231 1136 1267 1163 et
1293 1142 1396 1173 quam
1424 1132 1525 1163 modo
1547 1133 1681 1173 optinet

290 1178 458 1210 Dominus
482 1177 643 1209 Ricardus
670 1177 817 1217 Bokelly‚
849 1177 996 1209 Clericus
1021 1176 1158 1207 Domini
1181 1176 1288 1207 nostri
1312 1176 1418 1216 Regis,
1440 1175 1574 1207 fructus
1597 1179 1680 1207 suut

289 1222 490 1263 sequestrati
502 1231 510 1260 ;
526 1224 579 1252 set
590 1221 660 1262 ipse
673 1221 836 1252 Ricardus
847 1231 915 1252 uon
926 1224 978 1252 est
990 1220 1124 1260 citatus,
1136 1220 1215 1261 quia
1225 1230 1292 1250 non
1303 1220 1399 1251 estin
1412 1219 1544 1251 Diocesi
1554 1223 1679 1258 nostra,

291 1276 352 1297 nec
368 1265 470 1297 habet
484 1265 531 1296 ibi
547 1269 806 1305 procuratorem.

249 1310 299 1341 De
318 1308 493 1340 Prebenda
513 1309 639 1348 eadem,
660 1309 792 1340 racione
819 1308 1018 1340 Provisionis
1036 1308 1125 1339 facte
1146 1308 1246 1339 Petro
1268 1307 1422 1347 Crugow,
1443 1307 1576 1339 fructus
1597 1311 1681 1338 sunt

284 1352 494 1394 sequestrati.

249 1397 300 1429 De
315 1396 490 1428 Prebenda
505 1396 539 1427 in
564 1395 709 1427 Ecclesia
730 1395 846 1428 Sancti
866 1395 1057 1434 Karentooi,
1073 1395 1115 1427 de
1137 1406 1205 1436 qua
1228 1395 1296 1427 fuit
1309 1395 1479 1436 provisum
1499 1394 1679 1435 Willelmo,

292 1440 372 1472 alias
395 1440 532 1479 Thome,
556 1444 597 1471 ut
618 1439 652 1470 in
682 1440 840 1480 predictis
863 1440 984 1471 vestris
1010 1439 1130 1471 Literis
1156 1439 1360 1479 continetur,
1388 1449 1455 1470 non
1489 1449 1679 1479 possumus,

291 1484 446 1526 quamvis
460 1483 585 1525 inquiri
601 1483 742 1514 fecimus
756 1483 944 1524 diligenter,
960 1483 1132 1514 cerciorari
1148 1482 1190 1514 de
1211 1482 1283 1523 ipsa
1296 1482 1480 1522 Prebenda,
1497 1482 1579 1524 quia
1600 1482 1679 1514 dici-

291 1531 350 1559 tur
382 1527 508 1559 ibidem
541 1527 632 1568 quod
663 1526 740 1558 talis
773 1527 919 1558 Provisio
949 1526 1155 1568 [nunquam]
1184 1526 1306 1558 sortita
1333 1526 1400 1558 fnit.
1423 1527 1592 1565 effectum,
1619 1536 1681 1558 nec

291 1574 424 1603 constat
439 1571 516 1612 quis
531 1574 673 1611 occupat
688 1571 836 1602 eandem.
1617 1607 1620 1610 ⁴

247 1616 298 1647 De
318 1615 462 1646 Ecclesia
476 1615 519 1646 de
535 1614 772 1656 Blaktyntone,
790 1614 922 1646 racione
938 1614 1139 1646 Provisiouis
1154 1613 1243 1645 facte
1259 1612 1421 1645 Nicholao
1436 1613 1569 1645 Thobre
1586 1624 1594 1651 ;
1613 1623 1680 1645 non

290 1662 343 1690 est
357 1659 435 1690 talis
452 1658 598 1690 Ecclesia
613 1658 648 1689 in
667 1658 797 1690 Diocesi
813 1662 940 1689 nostra.

247 1701 300 1734 De
321 1702 550 1742 Thesauraria,
568 1702 784 1741 canonicatu,
801 1705 837 1733 et-
860 1702 1033 1733 Prebenda
1057 1701 1204 1733 Ecclesia
1229 1700 1435 1740 Exoniensis‚
1452 1700 1584 1732 racione
1599 1701 1676 1732 Pro-

290 1746 426 1778 visionis
456 1746 544 1777 facte
577 1746 717 1777 Ricardo
746 1746 888 1786 Tyscho,
930 1746 1064 1777 fructus
1093 1749 1176 1776 suut
1204 1744 1418 1786 sequestrati,
1445 1747 1481 1776 et
1513 1745 1680 1776 Dominus

289 1790 461 1823 Johannes
479 1789 652 1826 Carbonel,
673 1792 867 1830 procurator
885 1789 1078 1830 possessoris
1102 1790 1297 1828 earundem,
1315 1791 1368 1819 est
1384 1788 1519 1820 citatus.

249 1833 299 1865 De
316 1834 523 1866 Canonicatu
540 1836 576 1864 et
603 1833 773 1864 Prebenda
790 1833 934 1864 Ecclesie
950 1833 1066 1865 Sancti
1089 1833 1278 1871 Karentoci,
1295 1833 1339 1863 de
1365 1831 1490 1872 quibus
1514 1832 1583 1864 fuit
1606 1843 1678 1874 pro-

294 1878 405 1909 visum
429 1877 584 1918 Philippo
609 1877 758 1916 Homeie,
782 1887 849 1908 non
876 1887 1054 1918 possumus
1077 1876 1159 1907 scire
1182 1877 1258 1917 quis
1281 1879 1423 1916 occupat
1449 1876 1595 1915 eosdem,
1619 1887 1681 1908 nec

288 1922 404 1963 quales
420 1922 490 1953 sint
499 1921 552 1952 vel
564 1921 633 1962 qui,
646 1921 801 1962 quamvis
812 1931 914 1961 super
926 1920 990 1952 hiis
1003 1920 1130 1962 inquiri
1146 1920 1288 1951 fecimus
1304 1919 1493 1960 diligenter.
1543 1920 1679 1952 Dicitur

290 1966 416 1997 ibidem
432 1965 523 2006 quod
541 1975 713 2005 nunquam
731 1964 799 1995 fuit,
814 1965 891 1995 talis
911 1964 1058 1995 Provisio
1074 1964 1194 1995 sortita
1209 1964 1379 1995 effectum.

247 2010 298 2042 De
315 2009 529 2050 Prepositura
544 2008 690 2039 Ecclesie
706 2008 821 2040 Sancti
831 2008 960 2040 'rhome
975 2008 1018 2039 de
1033 2008 1208 2048 Glasueye‚
1220 2008 1352 2039 racione
1370 2006 1573 2039 Provisionis
1589 2007 1681 2040 facte

290 2053 438 2085 Roberto
461 2052 503 2083 de
526 2052 612 2090 Hoo,
628 2051 761 2083 fructus
777 2056 858 2083 sunt
881 2052 1093 2093 sequestrati,
1110 2055 1146 2082 et
1161 2052 1329 2083 Dominus
1346 2050 1553 2091 Regiualdus
1577 2051 1679 2091 Galle,

290 2100 470 2137 occupator
484 2095 574 2127 dicte
590 2095 815 2136 Propositum,
831 2099 883 2127 est
899 2095 1118 2136 personaliter
1132 2095 1266 2126 cititus.

246 2141 298 2172 De
309 2140 516 2172 Canonieatu
528 2142 564 2170 et
577 2139 750 2170 Prebenda
763 2139 908 2171 Ecclesie
921 2139 1126 2177 Exoniensis,
1134 2139 1176 2170 de
1187 2149 1253 2179 qua
1265 2139 1333 2171 fuit
1346 2140 1516 2181 provisum
1530 2140 1551 2172 J
1554 2138 1681 2170 ohanni

274 2197 276 2199 ’
291 2184 438 2225 Cheyne‚
455 2183 590 2214 fructus
605 2186 687 2214 sunt
705 2183 918 2224 sequestrati,
935 2187 971 2214 et
994 2183 1162 2214 Dominus
1183 2183 1373 2215 Willelmus
1398 2185 1583 2225 Congham,
1605 2194 1680 2224 pro·

290 2228 426 2259 curator
440 2227 545 2268 ipsius
560 2226 582 2258 J
585 2226 736 2265 ohannis,
752 2230 805 2258 est
820 2227 955 2257 citatus.

248 2271 324 2311 Quo
338 2271 380 2302 ad
398 2270 581 2302 Ecclesiam
593 2280 658 2310 que
675 2269 800 2301 dicitur
816 2269 973 2308 Bassehe,
985 2269 1054 2301 sive
1070 2269 1225 2308 Rassche,
1242 2281 1309 2301 non
1326 2274 1378 2302 est
1393 2271 1471 2303 talis
1485 2270 1633 2303 Ecclesia
1645 2270 1680 2302 in

294 2314 423 2346 Diocesi
440 2317 563 2352 nostra,
579 2324 641 2356 nec
657 2314 802 2355 qualiter
819 2313 929 2344 vocari
945 2313 1089 2345 deberet,
1099 2324 1279 2354 possumus
1294 2314 1467 2346 divinare.¹

248 2359 300 2390 De
315 2358 490 2390 Prebenda
505 2367 607 2398 quam
624 2357 772 2398 possedit
788 2357 898 2388 David
915 2357 1078 2398 Maynard
1095 2357 1198 2388 tercio
1214 2357 1330 2389 Nonas
1346 2358 1463 2390 Marcii
1478 2358 1513 2390 in
1532 2356 1678 2390 Ecclesia

290 2401 406 2434 Sancti
420 2401 612 2439 Karentoci‚
628 2404 663 2432 et
675 2411 777 2441 quam
791 2401 891 2432 modo
903 2400 1007 2432 habet
1020 2401 1187 2432 Dominus
1199 2401 1389 2433 Willelmus
1403 2403 1534 2442 Mugge,
1547 2402 1682 2433 fructus

292 2449 374 2476 sunt
389 2444 599 2485 sequestrati,
616 2448 652 2475 et
668 2444 834 2476 Dominus
857 2444 1030 2476 Johannes
1049 2442 1223 2485 [Raulyn],
1241 2445 1364 2476 Rector
1386 2446 1533 2477 Ecclesie
1556 2446 1681 2478 Sancte

294 2489 434 2527 Ladoce,
450 2491 645 2529 procurator
659 2488 765 2528 ipsius
781 2488 918 2519 Domini
937 2487 1093 2519 Willelmi
1108 2488 1245 2527 ibidem,
1258 2491 1311 2520 est
1325 2489 1461 2520 citatus.

249 2532 300 2564 De
316 2532 597 2563 Archidiaconatu
613 2531 834 2570 Tottoniensi,
847 2531 889 2562 de
899 2541 967 2572 qua
983 2531 1051 2562 fuit
1066 2531 1238 2572 provisum
1251 2532 1392 2563 Ricardo
1405 2532 1635 2573 Desbuntone,
1647 2537 1683 2565 et

291 2586 393 2617 quem
403 2576 504 2606 modo
513 2580 656 2616 occupat
667 2575 834 2606 Dominus
848 2575 946 2615 nugo
959 2574 1174 2614 Briddeham,
1187 2575 1320 2607 fructus
1332 2580 1414 2608 sunt
1423 2577 1634 2618 sequestrati,
1647 2581 1683 2609 et

292 2619 364 2660 ipse
381 2618 547 2650 Dominus
564 2619 664 2659 Hugo
679 2622 732 2649 est
746 2619 880 2650 citatus.

987 2720 1056 2752 will
1083 2721 1124 2752 be
1146 2721 1252 2753 found
1286 2721 1491 2761 belom—see
1515 2725 1685 2764 marginal

771 2764 879 2795 There
987 2763 1144 2804 reference
1156 2770 1192 2796 to
1201 2764 1258 2796 fol.
1274 2765 1364 2805 49b),
1375 2766 1392 2797 1
1406 2766 1475 2798 find
1492 2767 1684 2800 “Dominus

184 2819 246 2840 can
266 2808 308 2839 be
331 2818 375 2839 no
397 2807 514 2846 doubt,
535 2807 698 2846 however,
719 2807 797 2839 that
819 2807 879 2839 the

167 2851 304 2883 rParish
329 2851 476 2882 referred
502 2854 539 2882 to
561 2861 627 2882 was
655 2851 785 2890 Bicton,
812 2852 879 2882 and

184 2895 263 2927 that
284 2895 305 2910 ‘⁴
318 2894 461 2926 Bassche
474 2894 492 2907 ”
510 2904 576 2926 was
587 2894 648 2926 the
660 2905 757 2926 name
769 2894 805 2925 of
820 2895 879 2925 the

186 2939 317 2978 Rector,
334 2941 396 2970 not
410 2937 446 2969 of
467 2937 527 2970 the
542 2937 667 2969 Parish.
714 2938 755 2970 In
771 2949 790 2969 a
805 2937 880 2969 List

185 2981 221 3013 oi
250 2981 485 3014 non-resident
510 2981 733 3013 Incumbents
755 2981 880 3022 (which

989 2807 1178 2839 Willelmus
1193 2808 1329 2848 Besohe,
1344 2809 1465 2841 Rector
1481 2810 1626 2843 Ecclesie
1641 2811 1684 2843 de

990 2851 1247 2892 Bukyngtone.'’
1306 2852 1363 2884 See
1389 2863 1471 2894 page
1498 2855 1550 2893 33,
1575 2854 1691 2886 where'

989 2895 1048 2926 the
1088 2895 1158 2926 fact
1198 2895 1227 2926 is
1267 2896 1427 2928 recorded
1468 2897 1546 2929 that
1594 2898 1614 2913 “
1630 2899 1684 2930 Sir

992 2938 1136 2969 William
1161 2938 1280 2977 Adam,
1303 2939 1406 2971 called
1434 2940 1602 2980 Beyaeclie’'
1631 2953 1681 2973 re-

989 2981 1107 3023 signed
1123 2981 1191 3014 this
1207 2982 1358 3015 Benefice
1372 2983 1408 3015 in
1425 2983 1520 3018 1374.
