1988 3256
411 374 700 410 REGISTRUM
742 375 1205 410 COMMUNn—Auuo
1246 367 1340 414 12⁰.
1548 369 1644 412 449

92 475 170 537 ⁴¹³3qu
207 477 330 517 Great
348 478 653 530 Torrington,--

91 544 157 571 an.
169 544 195 571 1,
206 532 220 572 [
232 532 318 565 Verte
331 534 515 574 proximum
525 533 647 574 folium
663 543 792 576 sequens
809 534 854 566 ael
868 534 926 566 hoc
940 533 1071 573 siquam
1088 532 1133 576 ᾧ

91 578 153 609 [fol.
208 576 276 608 Ista
292 576 401 609 Litera
411 576 485 618 fuit
495 577 591 617 sacta
605 587 663 618 per
679 578 901 619 Principalem
919 577 1089 618 Officialem
1104 583 1133 611 et
1144 576 1240 610 missa
1255 577 1421 619 Domina]

91 611 167 644 91b.]
205 620 371 652 Omnibus
387 631 532 662 quorum
549 621 700 660 interest,
716 632 776 653 seu
791 622 951 654 interesse
967 622 1100 663 poterit,
1117 622 1152 654 in
1168 622 1376 663 subscriptis,
1394 623 1549 662 Thomas,
1561 626 1637 663 ete,

245 664 401 703 salutem,
417 665 646 706 ete—Nuper
661 665 827 697 Diocesim
844 668 993 697 nostram
1010 665 1233 697 Exoniensem
1250 666 1418 698 ordinario
1433 669 1549 698 nostro
1560 667 1638 708 jure

244 708 422 740 actualiter
437 708 623 747 visitantes,
639 719 698 750 per
714 709 984 750 Inquisicionem,
1000 709 1043 740 ad
1059 720 1186 741 meram
1206 710 1397 742 animarum
1419 710 1634 743 subditorum

245 755 437 784 nostrorum
469 752 708 784 correccionem
740 753 774 784 in
806 753 954 785 Ecclesia
983 753 1170 785 Parochiali
1199 753 1243 784 de
1279 753 1451 795 Torytone
1488 757 1634 795 captam,

244 806 356 827 eoram
387 795 482 827 nobis
514 800 735 837 compertum,
764 796 938 829 detectum
968 796 1085 828 extitit
1114 801 1150 829 et
1176 797 1339 836 delatum,
1370 797 1462 839 quod
1493 798 1635 839 quidam

245 839 413 871 Dominus
444 839 610 872 Robertus
637 840 680 871 de
704 840 936 882 Bonyngtone‚
960 840 1133 881 presbiter,
1157 851 1216 881 per
1239 841 1409 882 quendam
1441 841 1635 874 Johannem

245 883 354 924 class,
386 883 593 924 Burgensem
623 883 778 925 ejusdem
808 884 912 925 Burgi
942 884 984 915 de
1013 884 1193 926 Torytone,
1217 884 1252 916 in
1283 885 1441 916 omnibus
1472 885 1570 917 terris
1600 889 1636 917 et

245 927 448 959 tenementis
470 937 536 969 que
559 927 650 958 idem
673 927 844 960 ‚Iohannes
867 927 988 959 habuit
1011 927 1045 959 in
1062 927 1152 959 dicto
1169 928 1290 969 Burgo,
1308 928 1393 960 etin
1416 928 1489 960 aliis
1513 929 1635 970 Burgis

244 974 279 1001 et
303 970 398 1002 Locis
420 971 492 1002 aliis
515 971 707 1012 adquisivit,
730 971 890 1003 feoffatus
913 974 949 1002 et
971 971 1105 1003 seisitus
1128 972 1298 1010 extiterat,
1316 975 1417 1013 prout
1439 973 1481 1004 de
1497 983 1633 1004 consue-

243 1014 363 1046 tudine
386 1014 527 1056 antiqua
549 1014 654 1054 licuit,
678 1018 714 1046 et
735 1015 770 1046 in
794 1015 1011 1046 Testamento
1033 1025 1093 1047 seu
1118 1015 1248 1047 Ultima
1270 1015 1456 1047 Voluntate
1480 1016 1635 1057 ejusdem

244 1058 410 1090 Johannis
434 1058 580 1090 fideliter
601 1061 769 1098 oneratus,
795 1061 835 1090 ut
857 1058 947 1090 idem
978 1059 1145 1090 Dominus
1169 1059 1347 1099 Robertus,
1381 1062 1457 1100 post
1486 1063 1634 1093 mortem

244 1102 367 1143 prefati
390 1102 565 1141 Johannis,
591 1101 741 1141 Aliciam,
765 1102 868 1134 filiam
891 1101 1057 1134 Johannis
1079 1103 1259 1144 prenotati,
1283 1103 1326 1134 de
1350 1103 1507 1136 Elienora
1530 1114 1634 1136 uxore

242 1156 303 1177 sua
325 1149 541 1186 procreatam,
559 1146 600 1177 de
623 1146 749 1178 eisdem
774 1145 873 1178 terris
895 1149 931 1178 et
954 1146 1167 1185 tenementis,
1184 1149 1220 1178 et
1242 1146 1382 1178 heredes
1403 1147 1494 1179 dicte
1516 1147 1632 1187 Alicie,

242 1189 397 1221 feoffaret
419 1193 454 1221 et
477 1189 607 1221 seisiret
629 1189 903 1231 imperpetuum3
937 1189 1075 1231 ipseque
1098 1190 1276 1230 Robertus,
1300 1190 1411 1222 anime
1433 1201 1493 1222 sue
1515 1191 1636 1223 salutis

241 1232 430 1273 immemor,
448 1237 524 1275 post
539 1237 683 1265 mortem
699 1233 864 1265 Johannis
879 1234 1075 1275 supradicti,
1092 1234 1350 1266 Testamentum
1373 1234 1443 1266 sive
1467 1235 1634 1267 Ultimam

244 1276 464 1309 Voluntatem
487 1277 530 1308 de
552 1277 676 1318 quibus
699 1277 906 1309 antedicitur
928 1277 1107 1319 impedivit
1122 1277 1312 1309 voluntarie
1327 1281 1362 1310 et-
1385 1278 1581 1318 retardavit,
1598 1282 1634 1310 et

242 1320 333 1352 dicta
348 1324 454 1352 terras
470 1325 505 1352 et
521 1324 724 1360 tenementa,
741 1324 858 1353 eontra
874 1320 1041 1353 Ultimum
1058 1321 1279 1353 Voluntatem
1296 1321 1451 1362 ejusdem
1467 1322 1634 1362 defuncti,

243 1364 448 1405 quibusdam
472 1365 677 1404 Elizabethe,
702 1365 798 1396 uxori
821 1364 906 1396 dicti
935 1364 1112 1404 Johannis,
1137 1368 1172 1396 et
1196 1365 1272 1396 filiis
1295 1365 1386 1396 iuter
1416 1366 1551 1397 eosdem
1574 1366 1632 1398 Jo—

242 1408 387 1440 hannem
411 1412 447 1440 et
476 1408 705 1440 Elizabetham
729 1408 920 1449 procreatis,
947 1408 1084 1440 dimissa
1107 1411 1142 1439 et
1164 1408 1272 1440 invita
1302 1408 1409 1440 Alicia
1439 1412 1633 1450 memorata,

244 1452 338 1484 dedit
355 1453 398 1484 de
421 1452 510 1484 facto
533 1455 568 1483 et
590 1452 773 1489 alienavit;
801 1452 915 1493 sicque
937 1451 1075 1493 Majoris
1098 1452 1467 1484 Excommunicacionis
1491 1453 1632 1485 Senten-

243 1495 339 1535 cium,
356 1506 375 1527 a
391 1495 523 1527 Sanctis
540 1495 698 1527 Patribus
721 1498 838 1527 contra
860 1495 1082 1536 impedientes
1104 1496 1360 1528 Testamentum
1383 1506 1442 1527 seu
1467 1496 1635 1529 Ultimam

244 1539 464 1570 Voluntatem
480 1539 719 1570 defunctorum
730 1539 868 1580 provide
883 1539 998 1577 latam,
1014 1542 1049 1570 et
1060 1539 1169 1580 ipsum
1189 1538 1384 1578 Robertnm,
1397 1539 1634 1580 presbiterum,

243 1582 420 1614 efficaciter
435 1586 614 1622 artantem,
631 1583 720 1614 idem
737 1582 902 1623 presbiter
924 1583 1186 1623 dampnabiliter
1207 1583 1401 1614 incurrebat
1422 1583 1495 1624 ipso
1518 1584 1609 1615 facto
1625 1596 1633 1623 ;

244 1629 280 1657 et
295 1626 341 1658 sic
357 1627 668 1658 excommunicatus
690 1626 838 1657 existens
861 1626 978 1657 Missas
1000 1626 1042 1657 de
1064 1626 1155 1657 facto
1177 1626 1367 1663 celebravit,
1384 1637 1500 1668 ymmo
1523 1628 1635 1659 verius

244 1669 476 1711 prophanavit,
499 1669 535 1701 in
558 1670 670 1701 anime
691 1680 752 1701 sue
775 1669 963 1710 periculum
987 1669 1084 1701 valde
1106 1680 1217 1710 grave.
1264 1670 1365 1702 Unde
1388 1680 1458 1709 nos,
1482 1681 1542 1712 per
1565 1671 1631 1702 Do-

243 1713 375 1745 minum
407 1714 594 1745 Robertum
626 1713 785 1752 Palmere,
812 1713 956 1745 Ecclesie
987 1713 1188 1745 Parochialis
1211 1713 1363 1754 ejusdem
1388 1714 1476 1745 ville
1501 1714 1631 1746 Presbi-

242 1761 365 1796 terum,
381 1767 420 1788 ac
435 1767 494 1798 per
518 1758 684 1798 Rogerum
701 1760 773 1788 atte
796 1757 919 1795 Deene,
938 1756 1124 1788 walterum
1149 1757 1267 1798 Wyan,
1285 1757 1452 1798 Rogerum
1476 1758 1633 1799 Spycere,

243 1801 433 1832 Johannem
458 1801 605 1839 Pottere,
623 1801 809 1832 Robertum
834 1800 1052 1841 Northwyke,
1070 1800 1278 1832 Willelmum
1302 1801 1422 1840 Mor-et,
1439 1801 1631 1834 Johannem

244 1845 458 1883 Wodelonde,
491 1844 675 1876 Hem-ioum
707 1844 883 1885 Bayleghe,
915 1844 1105 1876 Johannem
1144 1843 1338 1884 Colebrok‘e,
1377 1848 1412 1876 et
1451 1845 1632 1877 Ricardum

242 1888 370 1928 Crosse,
389 1889 575 1929 Burgenses
598 1888 687 1919 dicte
703 1888 789 1919 Ville
805 1888 848 1919 de
870 1888 1041 1929 Torytone
1065 1892 1100 1920 et
1122 1887 1352 1919 inhabitantes
1374 1889 1527 1927 eandem,
1543 1889 1633 1921 viros

241 1932 427 1973 fidediguos
443 1932 682 1973 premissorum
698 1932 857 1963 noticiam
874 1932 1077 1972 optinentes,
1093 1931 1127 1963 in
1143 1931 1252 1963 forma
1266 1931 1352 1972 juris
1375 1935 1411 1964 et
1433 1932 1631 1973 singillatim

240 1975 372 2017 juratos
387 1980 423 2007 et
438 1976 656 2015 examinatos,
672 1985 773 2016 super
788 1975 958 2016 premissis
974 1975 1131 2007 omnibus
1147 1978 1182 2007 et
1193 1975 1334 2016 singulis
1348 1975 1475 2017 inquiri
1490 1976 1632 2008 fecimus

242 2019 374 2060 plenam
405 2022 442 2051 et
470 2029 597 2051 meram
621 2019 809 2052 veritatem.
857 2019 912 2056 Et,
935 2019 1016 2059 quia
1046 2029 1104 2060 per
1126 2019 1409 2050 examinacionem
1433 2019 1632 2061 hujusmodi

239 2063 430 2095 invenimus
446 2063 558 2094 omnia
573 2062 724 2104 predicta
738 2065 920 2106 comperta,
937 2063 1079 2102 detecta,
1097 2065 1132 2094 et
1148 2063 1260 2094 delata
1276 2073 1354 2094 vera
1369 2063 1474 2094 fuisse
1497 2067 1532 2096 et
1547 2074 1630 2104 esse,

242 2110 346 2148 atque
360 2106 504 2148 publica,
521 2107 652 2138 notoria
674 2106 800 2147 pariter
822 2109 858 2138 et
879 2106 1016 2145 famosa,
1033 2106 1267 2138 testimonium
1292 2106 1507 2147 perhibemus
1530 2118 1632 2149 super

240 2150 365 2182 eisdem
389 2161 448 2192 per
479 2150 608 2182 Literas
631 2153 762 2182 nostras
792 2153 956 2192 patentes,
980 2160 1065 2192 quas
1094 2149 1203 2191 sigillo
1226 2154 1342 2182 nostro
1372 2150 1515 2182 fecimus
1538 2161 1626 2183 com—

242 2194 534 2226 muniri.—Dated
550 2197 586 2225 at
600 2193 812 2235 Torrington,
830 2195 869 2225 21
887 2194 987 2226 June.

85 2247 132 2274 s0¹⁴
193 2249 360 2288 Beaford
381 2247 628 2302 [Beauforde,
650 2246 777 2302 MS.];
805 2249 868 2286 Sir
886 2248 1037 2287 Robert
1055 2247 1214 2299 Amyet,
1236 2248 1354 2295 R„—

83 2281 145 2308 9012.
199 2304 335 2336 Licence
351 2304 387 2335 os
401 2303 654 2335 non-residence
670 2303 723 2334 for
738 2314 758 2334 a
779 2313 868 2344 year,
894 2304 912 2318 “
923 2302 1208 2344 contemplacione
1230 2302 1362 2335 Nobilis
1385 2303 1545 2344 Mulieris,
1562 2304 1628 2336 Do-

241 2348 332 2379 mine
347 2347 488 2379 Matilde
503 2347 545 2378 de
560 2346 785 2388 Welyngtone
801 2357 809 2385 ;
832 2346 926 2385 dum,
942 2349 1067 2385 tamen,
1083 2346 1219 2378 steterit
1234 2346 1268 2378 in
1285 2347 1453 2389 obsequiis
1475 2348 1629 2390 ejusdem

240 2401 299 2433 per
313 2391 403 2423 idem
419 2394 555 2432 tempus
566 2391 584 2403 '’
603 2390 770 2432 (Bishop’s
785 2390 934 2430 Tawton,
952 2391 991 2421 21
1009 2390 1127 2425 June).

196 2446 430 2485 Ilfraeombe
450 2443 755 2498 [Ilfridecombe,
777 2442 878 2497 MS.]
893 2458 904 2492 ;
933 2445 996 2482 Sir
1014 2444 1189 2483 William
1209 2444 1415 2495 Polgrime,
1438 2446 1555 2492 R,—

198 2500 396 2532 “Dominus
418 2499 581 2531 concessit
603 2499 789 2531 Licenciam
813 2497 971 2530 oretenusl
1001 2523 1009 2531 .
1048 2523 1056 2531 .
1094 2521 1102 2529 .
1129 2499 1329 2531 absentandi
1350 2510 1398 2539 se,
1423 2503 1496 2541 etc„
1521 2511 1629 2543 usque

239 2544 379 2576 Festum
397 2543 522 2575 Pasche
537 2543 689 2584 proximo
703 2543 861 2575 futurum
875 2543 894 2555 ''
911 2541 1080 2583 (Bishop's
1095 2542 1246 2583 Tawton,
1264 2543 1305 2575 22
1321 2543 1343 2575 J
1347 2543 1437 2583 une),

197 2599 376 2637 Shirwell
394 2610 404 2646 ;
431 2598 585 2637 Licence
605 2606 641 2636 ιο
657 2598 902 2644 celebrate,—

196 2654 294 2692 Item,
318 2653 453 2692 ibidem,
477 2652 559 2694 xxiij
584 2652 639 2684 die
660 2651 682 2684 J
687 2652 767 2690 unii,
790 2651 921 2684 Nobilis
943 2651 1015 2690 Vir,
1042 2651 1208 2683 Dominus
1230 2651 1378 2684 ‚Iacobus
1401 2652 1444 2684 de
1467 2653 1626 2685 Chudde-

238 2696 343 2737 hughe,
367 2695 475 2735 Miles,
500 2699 536 2728 et
558 2695 714 2728 Johanna
736 2695 811 2737 ejus
835 2705 928 2734 uxor,
953 2695 1147 2727 habuerunt
1178 2695 1365 2728 Licenciam
1395 2697 1438 2728 de
1467 2697 1628 2729 celebrari

238 2740 362 2772 Divina
377 2739 540 2779 faciendo,
556 2742 635 2778 etc.,
653 2739 689 2770 in
706 2738 840 2780 Capella
856 2738 925 2770 sive
949 2738 1102 2771 Oratorio
1126 2737 1308 2770 Mansionis
1330 2750 1391 2771 sue
1413 2739 1447 2772 iu
1467 2740 1628 2773 Parochia

236 2784 279 2815 de
302 2783 496 2824 Shirewylle
513 2792 521 2821 ;
543 2783 716 2824 quamdiu,
732 2786 795 2814 etc.
815 2793 823 2822 ;
846 2782 1012 2824 volumuS,
1030 2785 1153 2822 autem,
1170 2783 1262 2825 quod
1285 2783 1413 2821 diebus,
1430 2787 1493 2817 etc.

195 2837 655 2887 Letters-Dimissory‚--

194 2892 285 2925 John
310 2891 504 2933 Dounheys,
519 2890 619 2930 clei-k,
642 2890 717 2923 “ad
739 2900 855 2922 omnes
878 2893 949 2922 tam
973 2890 1120 2923 Minores
1143 2901 1245 2933 quam
1270 2892 1388 2924 Soeros
1412 2892 1566 2932 Ordines,
1583 2894 1628 2926 ad

1437 538 1451 615 ξ
1466 559 1608 598 τηανρὶη.

618 2972 630 2993 ¹
654 2973 806 3007 Inserted
821 2973 925 3007 above
939 2974 999 3007 the
1013 2974 1090 3010 line.

227 3025 310 3070 21?
