1988 3256
311 360 405 405 318
515 372 616 405 'rna
652 371 894 405 REGISTER
931 370 991 403 or
1027 369 1207 404 BISHOP
1241 369 1645 407 BRANTYNGHAM.

307 472 385 533 Αχβ-
468 475 622 516 Gregorii
638 475 728 516 Pape
750 473 840 507 X1m¹
856 474 955 506 Anno
978 473 1094 512 tercio,
1113 473 1148 505 in
1172 473 1321 505 Manerio
1343 473 1386 506 de
1409 473 1659 516 Chuddeleghe,
1676 474 1853 514 Dominus,

307 508 398 567 {³01⁸st
466 519 501 551 in
518 518 689 560 presencia
714 518 865 560 Magistri
893 518 1011 559 Rogeri
1040 517 1272 549 Chesterfelde
1298 520 1334 549 et
1361 518 1514 559 Hugonis
1543 519 1659 558 Deme,
1674 518 1794 558 cleriei,
1810 517 1854 550 de

403 560 409 567 '
466 563 628 604 Ipplepen
644 565 682 595 et
697 562 796 603 Clyst
812 562 928 594 Sancti
945 561 1115 593 Michaelis
1131 561 1356 592 Ecclesiarum
1370 561 1561 600 Rectorum,
1575 562 1715 594 testium
1731 561 1776 594 ad
1790 561 1854 594 hoc

461 610 667 645 vocatorum,
695 606 826 638 Literas
854 604 1050 643 Reverendi,
1076 607 1156 642 etc.,
1185 604 1335 636 Simonis·
1357 604 1414 644 [de
1441 605 1627 647 SudburyJ,
1655 605 1718 638 Dei
1743 605 1854 647 gracia

460 649 705 682 Londoniensis
732 649 900 690 Episcopi,
925 659 986 690 per
1011 658 1132 680 manus
1155 648 1309 689 Magistri
1337 648 1489 690 Hugonis
1516 649 1711 691 Hickelyng,
1742 649 1850 681 Presi-

460 694 574 726 dentis
608 693 805 726 Consistorii
832 692 1039 731 Exoniensis,
1065 692 1202 732 recepit,
1228 692 1264 723 in
1290 691 1352 723 hec
1378 692 1743 732 verba,—-Reverend0,
1771 695 1851 733 etc.,

460 737 593 770 Literas
610 737 747 769 Domini
763 736 922 777 Willelmi
937 735 994 777 [de
1012 734 1234 777 Wytleseye]‚
1252 736 1314 767 Dei
1329 736 1439 776 gracia
1463 736 1716 768 Oantuariensis
1731 736 1850 768 Archi-

461 781 618 822 episcopi‚
644 783 720 820 etc.,
744 780 822 821 xxj⁰
844 780 899 811 die
924 779 1079 812 Octobris
1104 789 1165 811 nos
1191 779 1354 820 recepisse
1376 779 1560 815 noveritis;
1585 790 1731 821 quorum
1754 783 1854 812 tenor

461 824 900 866 sicincipit,-Wille1mus,
920 823 1165 863 etc.,—Ingens
1181 826 1215 854 et
1232 823 1481 855 indissimulata
1503 823 1718 864 negociorum
1740 833 1851 855 neces-

462 870 545 902 sitas
560 869 755 906 arduorum,
772 867 898 898 nedum
915 866 1097 908 Anglicane
1113 867 1388 898 concernencium
1412 867 1599 899 utilitatem
1625 867 1782 905 Ecclesie,
1799 870 1853 900 set

461 913 565 945 eciam
590 911 728 944 Domini
745 911 853 943 nostri
879 911 977 952 Regis
1000 912 1035 942 et
1062 910 1169 951 Regni
1195 910 1248 942 sui
1274 913 1415 949 statum,
1441 910 1794 952 tranquillitatemque
1815 917 1853 943 et

461 957 613 999 quietem
628 955 794 997 ejusdem,
810 958 847 986 et
861 954 990 986 bonum
1005 954 1189 995 publicum,
1207 956 1248 985 ut
1263 964 1449 995 speramus,
1467 964 1528 986 nos
1552 956 1661 995 urget,
1677 954 1758 986 licet
1772 964 1850 986 cum

459 1000 606 1040 fastidio,
626 999 775 1031 Prelatos
797 1001 834 1030 et
858 998 994 1030 Clerum
1017 1000 1132 1029 nostre
1157 997 1408 1029 Cantuariensis
1423 998 1595 1029 Provincie
1610 1008 1800 1038 convocare,
1816 1002 1852 1031 et

458 1045 501 1076 ad
524 1045 587 1076 hoc
607 1043 712 1075 eciam
735 1042 938 1081 faciendum,
954 1051 1031 1073 cum
1047 1041 1218 1082 frequenti
1232 1047 1269 1073 et
1283 1041 1417 1073 assidua
1432 1041 1537 1082 ipsius
1555 1041 1653 1082 Regis
1667 1041 1777 1074 nostri
1798 1041 1851 1073 in-

458 1088 597 1127 stancia,
613 1087 720 1118 Breve
742 1096 843 1118 suum
865 1085 1062 1126 recepimus
1079 1088 1141 1117 etc.
1158 1094 1166 1123 ;
1189 1089 1217 1116 et
1231 1087 1276 1116 sic
1290 1084 1548 1123 finit‚—Datum
1570 1085 1660 1126 apud
1678 1084 1851 1124 Lamethe,

459 1132 538 1174 xiij⁰
550 1130 720 1163 Kalendas
732 1129 930 1161 Novembris
942 1129 998 1168 [20
1009 1128 1099 1168 oet]
1112 1128 1198 1160 ΑΒ.
1215 1128 1276 1160 ΜΟ.
1291 1128 1422 1161 CCCm⁰
1433 1128 1548 1170 lxxiijo
1560 1131 1596 1161 et
1605 1131 1721 1161 nostre
1730 1129 1850 1160 Trans-

458 1175 595 1208 lacionis
611 1173 894 1216 vva—Quocirca
909 1183 967 1204 vos
984 1175 1100 1204 tenore
1126 1172 1336 1203 Presencium
1357 1172 1582 1213 peremptorie
1596 1172 1752 1211 citamus,
1770 1172 1851 1204 cita-

459 1220 556 1261 rique
577 1218 720 1250 facimus
735 1216 960 1258 peremptorie
976 1218 1086 1247 vestre
1109 1213 1257 1247 Dioeesis
1273 1216 1434 1254 Decanos,
1454 1215 1621 1257 Capitula,
1639 1215 1850 1248 Archidiaco-

458 1273 530 1302 nos,
551 1262 710 1300 Abbates,
726 1264 762 1292 et
786 1260 917 1292 Priores
941 1260 1137 1292 Conventus
1152 1259 1215 1291 sub
1230 1269 1266 1291 se
1280 1259 1454 1297 habentes,
1471 1263 1507 1291 et
1522 1259 1603 1291 alios
1626 1259 1852 1291 Ecclesiamm

459 1306 622 1345 Prelatos,
634 1307 810 1345 exemptos
825 1306 861 1336 'et
876 1314 943 1335 non
959 1306 1144 1344 exemptos,
1161 1302 1366 1344 Clerumque
1383 1302 1530 1335 Diocesis
1544 1305 1657 1335 vestre
1670 1303 1852 1343 antedicto,

457 1350 549 1393 quod
564 1360 633 1389 vos,
649 1348 793 1381 Domine
808 1347 980 1389 Episeope,
998 1347 1123 1378 Decani
1137 1348 1216 1386 etc.,
1233 1351 1305 1378 tam
1320 1347 1470 1387 exempti
1484 1356 1586 1388 quam
1601 1356 1671 1379 non
1692 1346 1852 1388 exempti,

458 1393 680 1437 personaliter
705 1391 935 1433 compareatis,
960 1390 1117 1431 Capitula
1138 1400 1199 1431 per
1220 1400 1337 1430 unum,
1364 1390 1548 1432 clerusque
1570 1393 1682 1422 vestre
1705 1390 1852 1422 Diocesis

457 1437 628 1470 antedicte
643 1447 703 1478 per
717 1435 802 1467 duos
817 1445 895 1467 vere
910 1434 1114 1467 sufficientes
1130 1434 1366 1466 Procuratores
1385 1437 1611 1475 compareant,
1627 1444 1739 1466 coram
1761 1434 1854 1466 dicto

457 1480 649 1514 Venerabili
660 1480 769 1519 Patre,
776 1479 923 1520 ipsiusve
933 1479 1199 1510 Locumtenente
1209 1487 1268 1509 seu
1280 1478 1524 1518 Commissario,
1530 1478 1565 1509 in
1581 1477 1728 1510 Ecclesia
1736 1477 1853 1510 Sancti

459 1525 556 1558 Pauli
574 1523 832 1561 Londoniarum,
849 1522 958 1564 primo
973 1522 1028 1553 die
1043 1521 1167 1553 mensis
1182 1521 1377 1553 Decembris
1391 1521 1543 1562 proximo
1558 1531 1650 1554 nunc
1664 1521 1794 1561 futuro,
1809 1521 1853 1553 ad

459 1568 678 1602 tractandum
696 1577 774 1599 cum
784 1566 875 1598 dicto
889 1565 1081 1598 Venerabili
1098 1566 1208 1604 Patre,
1217 1575 1294 1596 cum
1307 1565 1561 1597 continuacione
1573 1568 1609 1597 et
1620 1564 1854 1606 prorogacione

459 1613 592 1645 dierum
607 1615 691 1644 tunc
706 1610 924 1651 sequencium
939 1612 975 1641 et
990 1610 1149 1648 locorum,
1165 1618 1266 1650 super
1287 1608 1352 1640 hiis
1374 1609 1416 1640 de
1439 1609 1562 1650 quibus
1584 1609 1619 1640 in
1641 1609 1734 1640 dicto
1756 1608 1855 1640 Brevi

463 1656 566 1698 Regio
589 1656 629 1688 fit
652 1655 781 1687 mencio
804 1654 929 1685 ibidem
953 1652 1110 1684 seriosius
1130 1652 1345 1693 exponendis,
1369 1655 1483 1684 vestra
1509 1655 1545 1684 et
1567 1662 1628 1684 sna
1652 1652 1790 1684 consilia
1814 1654 1852 1684 et

461 1700 587 1732 auxilia
606 1709 707 1740 super
722 1698 769 1729 eis
785 1697 980 1738 impensuri,
997 1696 1190 1737 facturique
1212 1695 1355 1728 ulterius
1370 1699 1406 1728 et
1421 1696 1590 1737 recepturi
1605 1696 1696 1737 quod
1717 1695 1852 1738 justum

461 1744 579 1782 fuerit,
593 1746 630 1775 et
644 1741 843 1783 hujusmodi
858 1741 1004 1782 qualitas
1019 1740 1148 1781 negocii
1163 1739 1268 1771 eciam
1279 1742 1316 1771 et
1325 1743 1447 1771 natura
1459 1740 1602 1780 exigunt
1613 1742 1650 1771 et
1658 1739 1847 1781 requirunt.

464 1787 673 1828 Prelatisque
701 1785 926 1817 Ecclesiarum
950 1783 1117 1824 exemptis
1147 1793 1216 1814 non
1249 1783 1521 1815 Mendicantibus
1550 1786 1663 1815 vestre
1692 1782 1850 1822 Diocesis,

462 1831 706 1873 cujuscumque
729 1828 860 1860 fuerint
884 1827 1030 1866 Ordinis,
1049 1827 1218 1859 intimetis
1241 1828 1292 1866 ut,
1315 1827 1456 1868 prefatis
1481 1826 1537 1858 die
1563 1830 1599 1859 et
1622 1826 1706 1866 loco,
1723 1827 1852 1867 absque

462 1884 600 1907 suorum
621 1873 874 1914 Priviiegiorum
890 1871 925 1903 in
948 1871 1010 1903 hac
1033 1873 1130 1912 parte
1154 1870 1349 1912 prejudicio,
1366 1870 1490 1912 quibus
1512 1870 1625 1902 dictus
1640 1869 1849 1902 Venerabilis

461 1919 563 1951 Pater
592 1916 745 1958 derogari
774 1926 842 1947 non
863 1915 1023 1954 intendit,
1047 1915 1215 1953 intersint,
1246 1914 1372 1946 facturi
1401 1914 1436 1945 in
1465 1913 1634 1955 premissis
1656 1916 1693 1946 et
1714 1924 1754 1946 ea
1776 1916 1850 1946 tan-

461 1962 620 2004 gentibus
642 1960 734 2002 quod
757 1959 911 2000 superius
933 1962 987 1990 est
1010 1968 1214 1999 expressum.
1261 1957 1371 1996 Vobis,
1387 1957 1502 1997 eciam,
1521 1957 1665 1989 Domino
1687 1957 1852 1998 Episcopo

463 2005 667 2047 supradicto,
680 2003 889 2041 intimamus,
901 2005 936 2034 et
952 2012 1011 2043 per
1026 2012 1085 2033 vos
1102 2000 1253 2040 Decanis,
1264 2000 1465 2039 Abbatibus,
1483 2000 1665 2040 Prioribus,
1678 2003 1714 2033 et
1728 2000 1850 2033 ceteris

466 2049 689 2082 Ecclesiarum
716 2051 829 2079 vestre
854 2045 1002 2077 Diocesis
1031 2045 1181 2082 prelatis,
1210 2045 1360 2076 intimari
1383 2044 1548 2083 volumus,
1572 2044 1664 2086 quod
1690 2054 1759 2083 vos,
1788 2046 1851 2077 aut

462 2103 528 2133 eos,
548 2103 568 2124 a
583 2091 750 2134 personali
773 2089 1017 2130 comparicione
1038 2089 1074 2120 in
1097 2088 1295 2130 hujusmodi
1319 2087 1596 2129 Congregacione‚
1614 2087 1714 2120 dictis
1737 2087 1793 2120 die
1814 2091 1851 2120 et

462 2138 545 2175 loco,
564 2136 719 2178 prefatus
736 2133 944 2165 Venerabilis
962 2133 1061 2164 Pater
1076 2141 1144 2163 non
1165 2131 1315 2164 intendit
1336 2132 1403 2163 ista
1424 2131 1496 2163 vice
1518 2131 1642 2163 habere
1663 2134 1850 2171 excusatos,

465 2181 585 2213 nisiex
606 2189 706 2211 causa
728 2177 921 2215 necessaria,
945 2179 1028 2208 tunc
1049 2175 1175 2207 ibidem
1197 2175 1372 2216 alleganda
1394 2175 1499 2206 eciam
1519 2178 1556 2207 et
1577 2174 1775 2216 probanda;
1796 2178 1850 2207 set

462 2223 656 2256 absencium
668 2221 888 2259 contumacia,
901 2220 928 2251 si
945 2220 1004 2261 qui
1019 2219 1156 2257 fuerint,
1170 2219 1357 2250 secundum
1368 2218 1455 2260 juris
1464 2218 1670 2259 exigenciam
1685 2218 1851 2251 Canonioe

462 2268 634 2310 punietur.
680 2265 794 2302 Vobis,
822 2264 936 2303 eciam,
963 2263 1175 2305 injungimus
1201 2265 1243 2294 ut
1268 2262 1311 2294 de
1336 2262 1427 2294 facto
1452 2264 1567 2294 vestro
1594 2262 1628 2294 in
1655 2261 1719 2294 hac
1742 2265 1849 2303 parte,

463 2314 633 2354 quatenus
662 2309 813 2351 pertinet
842 2308 885 2339 ad
914 2317 973 2339 vos
1003 2309 1040 2339 et
1071 2306 1237 2338 Diocesim
1267 2309 1425 2345 vestram,
1457 2306 1587 2337 dietum
1613 2305 1849 2338 Venerabilem

463 2356 611 2394 Patrem,
628 2363 687 2385 seu
702 2352 807 2394 ipsius
830 2351 1075 2383 Locatenentes
1091 2352 1127 2382 et
1143 2349 1394 2382 Commissarios
1415 2349 1614 2389 antedictos,
1629 2349 1730 2381 dictis
1744 2348 1800 2381 die
1814 2352 1851 2381 et

462 2399 544 2436 loco,
560 2408 621 2440 per
643 2397 774 2429 Literas
798 2397 927 2427 vestras
949 2396 1115 2436 patentes,
1131 2393 1314 2425 citatorum
1337 2393 1442 2425 eciam
1464 2392 1600 2424 nomina
1622 2392 1845 2431 continentes,

462 2442 624 2474 distincte
641 2443 678 2472 et
692 2442 808 2481 aperte
823 2438 1025 2477 certificetis,
1042 2440 1083 2469 ut
1098 2440 1150 2469 est
1166 2436 1455 2468 moris—Datum
1479 2435 1670 2474 Londoniis‚
1689 2435 1780 2478 xxij⁰
1795 2436 1852 2468 die

464 2485 630 2524 Octobris,
658 2486 757 2515 Anno
785 2481 923 2514 Domini
949 2480 1153 2522 supradicto,
1178 2483 1214 2512 et
1242 2479 1510 2512 consecracionis
1535 2482 1652 2511 nostre
1678 2479 1850 2521 xij⁰.-—-Ac
1978 2505 1988 2520 ἲ

462 2530 719 2570 subsequenter,
742 2525 860 2558 eodem
884 2525 948 2564 die,
974 2524 1145 2556 emanavit
1167 2524 1368 2555 Mandatum
1390 2534 1410 2555 a
1433 2522 1579 2555 Domino
1600 2533 1703 2564 super
1725 2522 1849 2555 Literis
1980 2521 1988 2580 1

463 2572 643 2605 antedictis
669 2572 803 2602 Decano
828 2569 974 2601 Ecclesie
1002 2567 1211 2600 Cathedralis
1235 2567 1374 2605 Exonie,
1389 2577 1428 2598 ac
1451 2566 1589 2606 Exonie,
1611 2566 1782 2605 Tottonie,
1811 2569 1849 2599 et
1981 2581 1988 2587 -

464 2616 633 2649 Cornubie
665 2612 925 2652 Archidiaconis,
956 2622 1015 2643 seu
1045 2621 1163 2643 eorum
1195 2609 1413 2649 officialibus,
1444 2619 1573 2641 necnon
1605 2609 1848 2642 Archidiacono

462 2658 725 2700 Barnastapolie,
749 2657 783 2688 in
807 2656 917 2688 forma
939 2655 1055 2687 debita
1078 2657 1116 2686 et
1137 2657 1306 2693 consueta,
1329 2653 1430 2695 juxta
1457 2656 1609 2685 tenorem
1631 2657 1667 2685 et
1688 2653 1846 2686 effectum

463 2704 655 2736 Literarum
671 2701 705 2733 in
722 2704 841 2732 octavo
857 2699 938 2731 folio
952 2698 1155 2740 precedente
1170 2697 1303 2738 plenius
1318 2700 1566 2729 contentarum.

419 2756 620 2790 —Eoeecucio
636 2755 794 2787 Mandaei
809 2754 1003 2795 predicti,—

418 2802 534 2833 -Isto
560 2800 660 2832 modo
688 2798 833 2830 Domino
863 2796 1120 2838 Archiepiscopo
1151 2795 1388 2827 cantuariensi
1419 2793 1539 2827 extitit
1569 2793 1848 2832 certificatum,-

463 2843 669 2882 Reverendo,
694 2845 770 2880 etc.,
799 2841 975 2880 Willelmo,
997 2843 1075 2877 etc.,
1099 2839 1263 2870 vestrisve
1290 2837 1574 2870 Locatenentibus
1600 2847 1660 2869 seu
1685 2837 1847 2870 Commis-

460 2888 555 2920 sariis
577 2887 856 2930 quibuscumque,
880 2884 1036 2921 Thomas,
1061 2885 1139 2922 etc.,
1172 2882 1412 2920 obedienciam,
1438 2881 1685 2914 eta—Literna
1711 2880 1849 2913 Domini

462 2931 618 2971 Simonis,
643 2933 719 2969 etc.,
750 2932 789 2960 ιθ
819 2928 874 2959 die
904 2927 1028 2959 mensis
1058 2925 1271 2962 Novembris,
1301 2925 1497 2966 recepimus,
1535 2924 1571 2956 in
1599 2923 1661 2957 hec
1690 2924 1848 2964 verba,—

308 2974 412 3004 sol.43.
463 2974 667 3013 Reverendo,
698 2972 951 3008 etc—Harum,
984 2969 1160 3014 siquidem,
1193 2969 1395 3008 Literarum,
1431 2968 1514 3010 quin
1546 2967 1658 3000 verius
1694 2967 1848 3000 Mandati
