1988 3256
280 346 372 390 186
477 356 577 390 'ms
612 355 854 390 REGISTER
888 354 948 388 oF
983 353 1162 389 BISHOP
1195 352 1599 390 BRANTYNGHAM.

275 458 351 521 11³3·ss-
426 462 603 494 'Pavistock
627 463 693 494 aud
720 444 876 493 Baldwinx
898 461 1108 502 Langedone,
1134 459 1201 491 and
1223 459 1378 501 required
1405 459 1464 491 the
1487 459 1613 501 Bishop
1643 463 1680 492 to
1704 461 1815 493 admit

276 514 350 555 Vols
428 506 653 537 whomsoever
682 506 724 537 he
762 505 883 536 should
921 504 1235 545 present.—Tested
1265 507 1302 535 at
1332 503 1577 544 Westminster,
1609 504 1654 546 by
1686 505 1737 537 W.
1770 505 1813 537 de

278 562 318 588 11,
430 550 660 591 Fynchedeue,
678 550 696 581 8
714 548 906 590 July.—See
922 549 985 580 No.
1007 549 1057 579 13.

385 615 693 652 27.-G'onsultacio
708 615 822 646 Brevis
837 616 987 655 superius
1003 614 1184 654 eaeprma-ti,
1198 613 1342 645 videlicet
1356 614 1395 644 in
1410 612 1453 654 ij⁰
1463 612 1548 653 solio
1562 613 1742 653 precedenti
1758 614 1817 652 (m

431 660 492 691 No.
523 659 723 698 12).——Quia
750 669 807 698 per
833 658 1108 690 certificacionem
1131 657 1244 688 dilecti
1268 660 1302 687 et
1326 656 1433 687 fidelis
1457 656 1572 696 nostri,
1589 657 1750 688 Willelmi
1772 658 1815 689 de

429 703 661 743 Fynchedene,
686 702 847 742 Capitalis
870 702 890 733 J
895 701 1052 733 usticiarii
1077 700 1184 732 nostri
1206 700 1248 731 de
1280 700 1390 731 Banco
1413 703 1538 738 nostro,
1562 700 1658 731 nobis
1681 703 1814 733 constat

428 747 519 787 quod
536 746 668 777 nullum
687 746 852 777 Placitum
877 745 1001 785 pendet
1023 745 1057 775 in
1083 744 1183 776 Curia
1208 747 1330 782 nostra,
1348 753 1457 774 coram
1475 743 1547 784 ipso
1562 747 1598 775 et
1614 743 1719 775 Sociis
1733 744 1814 784 suis,

428 790 629 822 Justiciariis
654 790 776 820 nostris
798 790 839 820 de
863 789 973 820 Banco
994 787 1152 828 predicto,
1176 787 1265 818 inter
1289 798 1349 818 nos
1372 791 1407 818 et
1431 787 1600 827 prefatum
1625 787 1813 829 Principem

429 833 575 873 [Wallie]
591 834 632 864 de
649 832 879 864 Advocacione
903 832 1063 872 predicta,
1083 834 1122 862 ut
1137 835 1190 862 est
1212 831 1364 866 dictum;
1391 831 1483 861 vobis
1500 831 1700 862 mandamus
1723 831 1814 872 quod

427 878 461 908 id
478 877 568 917 quod
585 877 626 907 ad
644 876 799 907 Officium
818 879 968 907 vestrum
984 875 1016 906 iu
1036 875 1097 906 hac
1113 878 1207 915 parte
1223 874 1384 905 noveritis
1408 873 1585 914 pertinere,
1602 874 1706 906 libere
1721 885 1813 906 exer-

429 920 540 959 ceatis,
553 920 784 951 Prohibicione
800 923 915 951 nostra
931 929 997 950 non
1013 918 1346 950 obstante—Tested
1361 920 1397 948 at
1408 917 1655 957 Westminster,
1667 918 1708 950 10
1720 918 1742 950 J
1744 918 1814 960 uly.

429 964 606 1004 [Benedict
621 964 662 994 de
679 963 805 1004 Eresby
824 973 888 994 was
903 963 996 1001 inst„
1010 963 1050 994 28
1067 962 1089 994 J
1093 962 1151 1003 uly
1165 973 1173 993 :
1197 971 1244 993 see
1260 971 1342 1002 page
1358 961 1425 1001 21.]

386 1029 543 1067 28.—-De
558 1028 664 1060 venire
680 1028 838 1069 faciendo
854 1028 1036 1060 Jokannem
1062 1027 1168 1068 Hytte‚
1194 1026 1363 1058 Viam-ium
1379 1025 1512 1058 Ecclesie
1525 1026 1566 1058 de
1584 1026 1816 1068 Byackopstau-

431 1078 511 1113 tone,
528 1077 556 1104 et
575 1073 750 1104 Hem-icum
770 1072 865 1111 Wale,
880 1073 1038 1103 Rectorem
1054 1071 1092 1103 de
1108 1070 1471 1102 Nortlztautone.—Thc
1483 1070 1604 1110 Bianop
1617 1075 1647 1101 to
1659 1069 1709 1102 tlte
1722 1069 1817 1103 Dean

431 1117 480 1156 [of
503 1117 561 1147 the
586 1116 753 1156 Deanery]
776 1115 817 1155 of
836 1115 1049 1155 Ohulmlez'ff,
1067 1115 1208 1154 sending
1224 1114 1293 1145 him
1311 1114 1369 1145 the
1394 1113 1513 1154 King's
1528 1113 1617 1145 Writ
1633 1113 1759 1154 (tested
1781 1117 1818 1146 at

431 1159 677 1199 Westmiuster,
702 1159 747 1200 by
771 1160 807 1190 T.
835 1160 877 1190 de
905 1159 1090 1197 Lodelowe,
1115 1157 1155 1191 17
1179 1157 1287 1198 July),
1313 1161 1348 1189 to
1370 1157 1430 1188 the
1455 1157 1626 1198 following
1649 1157 1746 1189 effect
1763 1168 1816 1190 1—-

433 1204 451 1220 “
465 1203 551 1243 Quia
567 1203 587 1234 J
591 1203 739 1234 ohannes
757 1203 864 1242 Hitte,
882 1202 1035 1234 Vicarius
1052 1202 1197 1233 Ecclesie
1213 1202 1255 1232 de
1274 1201 1627 1241 Bishchopestautone,
1643 1204 1679 1232 et
1695 1201 1817 1234 Henri-

430 1259 488 1279 cus
508 1247 620 1286 Walle,
639 1247 783 1278 Persona
800 1246 945 1278 Ecclesie
960 1246 1001 1277 de
1017 1245 1281 1284 Northtautone,
1299 1244 1408 1276 clerici
1423 1247 1459 1275 et
1474 1244 1663 1276 beneficiati
1677 1247 1761 1276 sunt
1782 1245 1819 1277 in

434 1291 562 1322 Diocesi
578 1294 697 1327 vestra,
714 1290 846 1321 nullum
865 1290 1026 1320 habentes
1042 1289 1163 1320 laicum
1179 1288 1316 1319 feodum
1334 1299 1392 1328 per
1407 1288 1497 1328 quod
1523 1291 1665 1328 possunt
1680 1287 1817 1320 distrin-

431 1335 473 1375 gi,
490 1337 591 1375 prout
608 1334 788 1365 Nicholaus
803 1333 988 1375 Whytyng,
1007 1332 1196 1363 Vicecomes
1213 1335 1327 1363 noster
1343 1331 1534 1363 Comitatus
1550 1331 1698 1363 Devonie
1714 1339 1819 1364 retor-

431 1378 526 1409 navit
541 1378 582 1408 ad
599 1377 807 1409 Scaccarium
823 1382 988 1416 nostrum,
1005 1387 1024 1407 a
1040 1376 1094 1407 die
1110 1375 1225 1407 Sancti
1240 1374 1404 1406 ,Iohannis
1429 1374 1580 1415 Baptista
1602 1374 1724 1406 ultimo
1747 1385 1819 1417 pre-

431 1421 531 1452 terita
547 1421 580 1452 iu
598 1431 643 1452 xv
658 1421 728 1451 dies
745 1431 753 1459 ;
771 1420 865 1451 vobis
883 1421 1081 1451 mandamus
1097 1419 1187 1460 quod
1205 1419 1317 1450 venire
1333 1418 1433 1449 facias
1450 1428 1560 1449 coram
1577 1418 1765 1450 Baronibus
1777 1420 1819 1451 de

432 1464 600 1497 Scaccario
624 1467 751 1503 nostro,
776 1464 865 1505 apud
890 1463 1238 1501 Westmonasterium‚
1262 1462 1296 1493 in
1321 1462 1465 1493 crastino
1489 1462 1606 1494 Sancti
1637 1462 1819 1502 Michaelis,

430 1508 598 1549 prefatum
617 1508 806 1540 Johannem
834 1507 939 1546 Hine,
963 1508 1005 1538 ad
1029 1507 1299 1547 respondendum
1316 1509 1351 1537 et
1365 1505 1640 1537 satisfaciendum
1657 1506 1754 1537 nobis
1777 1507 1820 1538 de

431 1564 449 1583 c
465 1552 580 1583 solidis
596 1552 637 1582 de
654 1551 763 1592 precio
780 1550 881 1582 unius
898 1550 976 1592 equi
992 1550 1100 1591 grisei,
1117 1549 1176 1591 qui
1198 1549 1267 1581 fuit
1292 1549 1425 1581 Ricardi
1449 1548 1695 1589 Chambernon,
1712 1560 1821 1591 nuper

430 1595 643 1627 Vicecomitis
662 1594 851 1626 Comitatus
868 1594 1018 1635 predicti,
1035 1594 1089 1625 die
1106 1604 1173 1634 quo
1189 1593 1282 1633 obiit,
1301 1596 1335 1624 et
1348 1593 1406 1634 qui
1422 1595 1498 1634 post
1510 1595 1653 1624 mortem
1666 1592 1820 1634 ejusdem

435 1639 565 1670 Ricardi
583 1639 625 1670 ad
642 1649 761 1669 manus
779 1638 900 1679 prefati
924 1637 1090 1669 Johannis
1113 1636 1259 1676 devenit,
1283 1639 1385 1678 prout
1408 1647 1466 1677 per
1489 1636 1659 1677 quandam
1675 1636 1819 1678 Inquisi-

431 1683 559 1714 cionem
576 1682 653 1713 inde
670 1692 779 1713 coram
795 1681 922 1713 Thoma
939 1682 980 1712 de
996 1681 1160 1720 Affetone,
1178 1691 1285 1721 nuper
1302 1680 1515 1711 vicecomitis
1534 1679 1723 1712 Comitatus
1746 1691 1818 1721 pre-

432 1727 523 1765 dicti,
541 1726 584 1757 de
601 1726 761 1757 Mandato
778 1729 893 1756 nostro
909 1728 1052 1766 captam,
1069 1727 1104 1755 et
1119 1725 1160 1755 ad
1178 1724 1309 1755 dictum
1322 1723 1531 1755 Soaccarium
1544 1726 1698 1755 nostrum
1714 1727 1819 1756 retor-

432 1773 557 1808 natam,
574 1773 624 1801 est
641 1773 861 1810 compertum.
909 1769 1118 1807 Mandamus,
1129 1768 1242 1807 eciam,
1255 1767 1349 1798 vobis
1364 1767 1455 1808 quod
1468 1766 1580 1798 venire
1595 1767 1697 1799 facias
1709 1777 1820 1799 coram

434 1813 571 1854 prefatis
590 1813 774 1844 Baronibus
798 1812 930 1850 nostris,
947 1812 989 1843 ad
1007 1813 1173 1853 predictos
1196 1811 1285 1842 diem
1310 1815 1345 1842 et
1368 1811 1490 1849 locum,
1510 1810 1680 1851 prefatum
1698 1811 1819 1843 Henri·
1861 1822 1871 1827 ·

434 1867 510 1888 cum
535 1856 649 1896 Walle,
674 1856 715 1887 ad
739 1856 1010 1896 respondendum
1034 1859 1070 1886 et
1092 1854 1367 1886 satisfaciendum
1390 1854 1486 1885 nobis
1509 1853 1551 1885 de
1575 1853 1628 1895 cvj
1646 1853 1761 1886 solidis
1777 1855 1820 1886 de

282 1899 332 1926 foi.
435 1900 545 1941 precio
562 1900 662 1931 unius
678 1900 757 1941 equi
773 1899 878 1937 rubei,
903 1899 962 1940 qui
985 1899 1054 1930 fuit
1077 1898 1219 1939 predicti
1243 1897 1477 1929 Chambernon
1502 1898 1653 1938 predicto
1675 1898 1730 1929 die
1752 1908 1820 1939 quo

282 1934 342 1960 nb·
435 1944 528 1983 obiit,
545 1946 581 1975 et
596 1943 654 1984 qui
670 1947 746 1984 post
762 1946 906 1974 mou-tem
922 1942 1073 1984 ejusdem
1093 1941 1225 1974 Ricardi
1241 1942 1281 1972 ad
1300 1951 1421 1972 manus
1437 1940 1559 1982 prefati
1574 1941 1711 1972 Heurici
1722 1941 1819 1973 deve·

436 1987 496 2026 nit,
520 1990 624 2028 prout
647 1998 705 2028 per
730 1987 988 2027 Inquisieionem
1012 1985 1195 2027 predictam
1219 1988 1271 2016 est
1293 1988 1530 2025 compertum;
1553 1988 1589 2016 et
1614 1984 1656 2016 de
1683 1985 1819 2026 quibus,

434 2031 581 2071 quidem,
600 2031 740 2062 summis
756 2030 910 2061 satisfieri
927 2030 1091 2069 volumus,
1109 2029 1142 2060 in
1160 2031 1290 2070 partem
1313 2028 1552 2059 satisfaccionis
1567 2028 1769 2068 debitorum,
1786 2031 1822 2060 et

434 2074 607 2114 arreragiis
630 2074 786 2114 compoti,
803 2074 836 2104 iu
854 2074 978 2114 quibus
1001 2083 1108 2113 nuper
1130 2073 1219 2104 idem
1237 2072 1428 2103 Vicecomes
1450 2071 1547 2103 nobis
1562 2071 1744 2103 tenebatur
1765 2071 1821 2104 die

436 2128 503 2158 quo
516 2117 727 2149 obiit—The
737 2117 863 2158 Bishop
875 2117 1022 2148 directed
1038 2116 1096 2148 the
1112 2117 1207 2147 Dean
1220 2115 1254 2146 of
1272 2115 1484 2155 Chulmleigh
1498 2118 1534 2146 to
1549 2115 1614 2146 cite
1626 2115 1685 2147 the
1698 2115 1821 2156 parties

435 2165 471 2191 to
487 2171 609 2202 appear
625 2164 662 2192 at
678 2161 916 2192 westminster
932 2171 973 2192 on
991 2160 1050 2192 the
1066 2160 1131 2202 day
1147 2159 1338 2201 appointed,
1355 2160 1419 2189 and
1439 2159 1537 2190 made
1562 2159 1691 2190 Return
1709 2162 1745 2190 to
1761 2158 1822 2191 the

435 2205 526 2245 Kiug
542 2204 763 2245 accordingly.

392 2268 544 2305 29.—De
556 2269 680 2300 orando
695 2280 755 2310 pro
771 2268 912 2300 Domino
927 2268 1010 2309 Reye
1024 2272 1053 2300 et
1066 2272 1154 2300 statu
1177 2267 1292 2308 Requi,
1310 2267 1565 2306 etc—Quantis,
1582 2267 1751 2299 occasione
1774 2279 1824 2300 re-

436 2311 620 2354 cuperandi
636 2313 827 2344 hereditarii
850 2312 937 2354 juris
960 2312 1076 2352 nostri,
1093 2311 1183 2353 quod
1199 2311 1240 2342 ad
1259 2311 1421 2343 Coronam
1447 2313 1482 2342 et
1505 2310 1659 2350 Regnum
1685 2311 1825 2344 Francis

439 2357 567 2388 notorie
591 2357 792 2397 optinemus,
816 2367 876 2388 nos
899 2366 938 2387 ac
961 2356 1118 2396 Regnum
1142 2357 1296 2386 nostrum
1320 2357 1355 2385 et
1378 2353 1526 2385 Ecclesia
1543 2355 1667 2386 Sancta
1683 2355 1755 2394 Dei,
1772 2358 1821 2388 to-

437 2400 574 2441 ciusque
591 2403 704 2431 noster
721 2400 864 2441 populus
879 2399 1053 2440 Auglicani
1070 2399 1152 2438 (εἰσ),
1166 2398 1262 2439 quasi
1277 2408 1318 2429 ex
1334 2397 1426 2429 omni
1438 2398 1541 2429 latere
1556 2400 1647 2429 terra
1663 2398 1823 2440 marique,

438 2444 594 2484 dampnis
611 2446 645 2475 et
661 2443 794 2484 injuriis
810 2443 1021 2484 jactabamur
1043 2442 1206 2474 hactenus
1229 2444 1265 2473 et
1279 2441 1386 2472 indies
1402 2444 1436 2472 et
1452 2441 1612 2472 continue
1627 2441 1823 2482 laceramur,

438 2487 577 2518 inficiari
603 2490 691 2518 certe
718 2497 852 2528 presens
879 2490 950 2518 etas
975 2496 1042 2517 non
1071 2485 1196 2526 poterit
1221 2495 1282 2516 nec
1306 2485 1423 2516 futura
1455 2484 1632 2525 posteritas
1662 2485 1822 2518 oblivisci.

439 2531 524 2562 Sane
541 2531 643 2562 solius
659 2530 733 2569 Dei,
753 2530 861 2571 Cujus
871 2540 1001 2571 semper
1014 2529 1121 2570 gracie
1134 2529 1309 2569 plenitudo
1325 2531 1360 2559 et
1375 2527 1605 2559 inenarrabilis
1618 2528 1751 2561 bonitas
1763 2539 1824 2561 nos

440 2574 602 2613 prevenit,
628 2574 824 2606 ascribimus
847 2577 882 2605 et
905 2574 1108 2613 deputamus
1139 2572 1340 2613 benignitati
1364 2575 1400 2603 et
1425 2571 1611 2603 ministerio
1637 2572 1729 2613 quod
1752 2583 1823 2612 nos,

439 2617 662 2658 Regnumque
684 2621 839 2648 nostrum
862 2617 1062 2658 predictum,
1086 2616 1231 2657 quadam
1254 2614 1389 2656 speciali
1416 2615 1544 2646 virtute
1575 2615 1706 2647 Celitus
1729 2616 1824 2648 nobis

440 2661 527 2699 data,
541 2661 766 2699 subsistimus,
780 2663 815 2692 et
830 2671 897 2692 non
914 2660 1050 2701 penitus
1065 2659 1129 2691 sub
1147 2658 1250 2690 tantis
1266 2661 1301 2690 et
1317 2662 1387 2690 tam
1403 2658 1496 2689 duris
1511 2658 1774 2691 adversitatibus
1788 2662 1825 2691 et

440 2704 597 2735 oneribus
612 2704 815 2736 vacillamus.
862 2704 974 2743 Unde,
992 2713 1069 2734 cum
1086 2713 1194 2743 nuper
1209 2702 1298 2733 idem
1316 2702 1509 2734 Altissimus
1522 2702 1624 2741 Deus,
1641 2713 1660 2734 a
1675 2713 1743 2743 quo
1754 2713 1825 2735 om·

439 2747 492 2778 nis
508 2747 657 2787 procedit
674 2747 812 2779 victoria
827 2747 1002 2787 omnisque
1017 2746 1221 2787 triumphus,
1238 2746 1259 2778 J
1263 2745 1429 2777 ohannem
1446 2749 1528 2777 tunc
1546 2746 1668 2786 Regem
1686 2745 1825 2778 Francis

440 2801 474 2820 se
502 2790 678 2829 dicentem,
697 2794 850 2822 nostrum
878 2789 1104 2822 adversarium
1129 2789 1356 2829 principalem,
1384 2789 1630 2830 nonnullosque
1653 2789 1826 2830 Magnates

440 2833 521 2864 alios
537 2834 690 2874 ejusdem
709 2834 823 2874 Regni,
841 2845 879 2864 ex
897 2837 1021 2865 eventu
1039 2833 1156 2864 bellico
1172 2836 1286 2863 nostre
1309 2831 1461 2863 custodie
1477 2833 1687 2873 manciparit,
1704 2833 1826 2864 deinde

441 2877 484 2907 ob
502 2877 611 2916 Ipsius
624 2877 812 2917 Majestatis
829 2880 864 2908 et
884 2877 1027 2908 Ecclesie
1043 2877 1111 2908 Sue
1121 2877 1242 2907 Sancte
1254 2875 1485 2914 reverenciam,
1498 2879 1534 2907 et
1549 2879 1587 2906 ut
1601 2876 1741 2907 humani
1751 2886 1824 2908 sun-

440 2920 551 2961 guiuis
567 2920 683 2951 effusio
699 2930 718 2951 a
734 2920 847 2961 populi
864 2920 1047 2952 Christiani
1064 2919 1162 2952 terris
1177 2919 1340 2950 remocius
1356 2919 1517 2958 exularet,
1533 2929 1609 2950 cum
1627 2918 1744 2951 eodem
1766 2919 1826 2951 Jo-

442 2963 552 2994 hanne
568 2974 606 2995 ac
621 2973 697 2995 cum
714 2963 781 2994 filio
798 2974 859 2995 suo
875 2963 1000 2995 Karolo
1016 2963 1099 2995 tales
1114 2962 1322 2994 firmavimus
1338 2972 1452 3004 pacem
1468 2965 1503 2994 et
1518 2963 1728 2995 concordiam
1745 2972 1826 3005 qus·
