1988 3256
363 357 458 401 556
568 369 668 403 'ms
709 370 952 405 REGISTER
986 371 1049 406 or
1084 370 1263 406 msnop
1293 371 1702 408 BRANTYNGHAM.

359 470 437 531 {³:381}-
513 486 671 517 cumque,
689 477 795 509 certis
812 477 868 509 die
891 479 928 509 et
951 478 1027 510 loco
1049 488 1113 519 per
1134 488 1197 510 vos
1220 479 1271 511 eis
1294 479 1500 519 limitandis,
1525 489 1631 521 super
1651 479 1835 521 premissis
1857 489 1903 512 ex

362 524 465 566 v01.'1.
514 520 635 552 Officio
650 523 771 553 nostro
787 532 883 553 mero
899 523 1111 563 responsuri,
1128 525 1164 554 et
1180 523 1223 554 de
1245 523 1352 555 factis
1369 524 1442 556 suis
1463 524 1666 566 hujusmodi
1682 523 1901 566 singillatim,

513 565 542 596 si
566 566 770 605 oportuerit,
794 567 1027 607 personaliter
1056 567 1226 609 juraturi;
1256 568 1474 609 ulteriusque
1496 568 1628 600 facturi
1658 571 1695 601 et
1724 566 1901 610 recepturi

515 610 607 650 quod
623 611 668 641 ad
683 621 817 642 meram
835 612 1033 643 animarum
1050 622 1194 643 suarum
1210 612 1466 644 correccionem
1482 615 1518 644 et
1535 614 1664 645 Forum
1681 612 1901 646 Ecclesiasti-

515 664 594 685 cum
611 655 742 695 poterit
757 656 944 695 pertinere.
977 656 1023 687 Et
1035 656 1118 697 quid
1128 657 1166 687 in
1177 657 1359 697 premissis
1370 657 1537 697 feceritis,
1549 657 1729 698 prefatum
1740 659 1903 689 nostrum

515 699 718 738 officialem,
735 710 797 731 seu
821 700 1073 740 Presidentem,
1098 701 1203 733 dictis
1227 701 1282 733 die
1306 703 1343 733 et
1365 701 1450 741 loco,
1467 712 1539 733 una
1554 713 1634 734 cum
1650 702 1851 734 nominibus
1865 703 1904 734 et

514 744 780 784 cognominibus
795 754 859 784 per
873 755 936 776 vos
951 745 988 775 in
1004 745 1071 776 hac
1086 747 1187 786 parte
1204 746 1403 785 citatorum,
1420 746 1587 779 distincte
1602 749 1639 779 et
1654 748 1776 788 aperte
1799 745 1902 779 certi-

512 788 635 827 ficetis,
653 789 880 820 etc.-Dated
896 791 933 820 at
957 789 1044 821 East
1060 789 1221 832 Horsley,
1238 788 1281 824 27
1298 790 1458 823 October.

467 842 618 879 Exeter
656 841 900 890 Cathedral;
947 842 1160 881 Relaaeacio
1197 843 1398 894 Sequestri
1435 843 1540 882 alias
1584 843 1813 894 interpositi
1852 843 1901 882 in

507 895 728 945 fructibus,
749 902 826 944 etc„
849 896 1048 935 Prebende
1077 897 1236 935 Walteri
1254 898 1466 945 Levenant,
1496 898 1544 936 in
1571 898 1747 937 Ecclesia
1767 897 1903 938 Cathe-

520 950 630 988 drali
648 950 801 988 Exonie
829 951 1142 998 consistenti8,——-
1979 938 1988 1004 ἰ

469 1006 632 1045 Thomas,
657 1008 734 1045 etc.‚
758 1007 900 1038 Decano
924 1007 1079 1038 Ecclesie
1109 1009 1229 1039 nostre
1253 1008 1476 1040 Cathedralis
1499 1008 1642 1048 Exonie,
1667 1019 1738 1048 seu,
1761 1007 1800 1040 in
1822 1006 1901 1050 ejus

513 1051 687 1090 absencia,
704 1051 902 1082 Presidenti
920 1051 1074 1092 Capituli
1090 1052 1248 1093 ejusdem
1266 1052 1432 1092 Ecclesie,
1445 1053 1606 1092 salutem,
1619 1055 1724 1085 etc.-
1731 1053 1819 1085 Cum
1835 1062 1901 1084 nos

512 1095 611 1126 vobis
627 1095 715 1126 alias
731 1096 931 1127 dederimus
947 1096 984 1126 in
1000 1097 1178 1128 mandatis
1194 1097 1238 1127 ad
1255 1097 1331 1128 fieri
1354 1096 1556 1128 faciendum
1573 1099 1716 1129 centum
1731 1097 1841 1129 libras
1856 1096 1900 1129 de

511 1140 612 1171 bonis
629 1140 886 1179 Ecclesiasticis
901 1141 1047 1172 Walteri
1064 1141 1255 1180 Levenant,
1272 1141 1400 1180 clerici,
1416 1141 1512 1173 infra
1524 1141 1714 1173 Civitatem
1726 1144 1763 1174 et
1778 1141 1900 1173 Dioue-

512 1185 578 1216 sim
594 1186 734 1216 nostra-s
749 1185 992 1224 existentibus,
1010 1187 1046 1216 et
1061 1185 1163 1216 nobis
1185 1186 1327 1217 easdem
1350 1186 1503 1217 fideliter
1517 1186 1843 1225 transmittendum,
1858 1186 1901 1217 ut
1983 1170 1988 1225 ἱ,

511 1239 571 1260 eas
586 1229 726 1268 habere,
743 1231 780 1260 et
796 1229 967 1270 Magistro
984 1230 1134 1261 Ricardo
1154 1230 1393 1271 Wynnewyke
1409 1231 1446 1261 in
1464 1230 1648 1270 Quindena
1665 1230 1761 1262 Festi
1778 1229 1900 1262 Sancti
1983 1236 1988 1248 ¹

512 1273 694 1305 Michaelis
709 1274 867 1314 proximo
882 1274 1054 1314 preterita
1068 1274 1214 1306 reddere
1229 1275 1481 1314 valuissemus3
1505 1277 1552 1314 et,
1569 1275 1599 1307 si
1614 1285 1675 1306 eas
1690 1274 1766 1306 fieri
1781 1274 1901 1306 facere

509 1328 581 1348 non
604 1318 819 1358 potuissetis,
841 1318 990 1358 fructus,
1011 1318 1180 1357 redditus,
1197 1320 1234 1350 et
1249 1321 1441 1360 proventus
1455 1329 1691 1360 quoscumque
1718 1318 1900 1351 Prebende

510 1362 621 1403 ipsius
637 1363 783 1394 Walteri
798 1363 835 1393 in
852 1363 1010 1394 Ecclesia
1032 1364 1154 1395 nostra
1170 1363 1359 1395 Exoniensi
1375 1363 1653 1405 sequestraretis,
1669 1365 1706 1395 et
1721 1363 1787 1396 sub
1802 1362 1900 1395 salvo

510 1407 679 1438 custodiri
695 1406 862 1439 faceretis
879 1407 1076 1448 Sequestro,
1090 1408 1199 1439 donec
1212 1408 1254 1439 de
1265 1408 1397 1440 eisdem
1408 1409 1551 1440 centum
1561 1408 1662 1440 libris
1673 1407 1814 1449 prefato
1825 1407 1899 1439 Ma·

510 1451 622 1491 gistro
633 1451 783 1483 Ricardo
789 1452 927 1492 integre
934 1451 1044 1483 fuerit
1055 1452 1277 1484 satisfactum
1287 1466 1295 1491 ;
1310 1462 1451 1493 vosque,
1459 1452 1656 1492 Presidens‚
1663 1452 1812 1490 fructus,
1820 1453 1899 1491 etc„

509 1495 722 1537 hujusmodi,
747 1496 928 1528 occasione
952 1496 1212 1537 premissorum,
1237 1496 1449 1528 auctoritate
1472 1496 1558 1528 dicti
1584 1496 1764 1538 Sequestri
1785 1496 1899 1528 nostri

510 1540 628 1571 debite
645 1541 892 1581 sequestrastis
906 1555 913 1579 3
932 1541 1170 1581 Sequestrum‚
1186 1543 1317 1580 tamen,
1327 1542 1488 1572 nostrum
1503 1541 1716 1583 hujusmodi,
1733 1551 1776 1572 ex
1791 1540 1899 1573 certis

510 1584 679 1625 legitimis
702 1585 818 1617 causis
840 1596 904 1617 nos
927 1585 964 1616 in
987 1585 1054 1617 hac
1076 1587 1177 1626 parte
1201 1585 1434 1625 moventibus,
1457 1585 1702 1625 relaxavimus,
1718 1586 1824 1626 prout
1846 1586 1898 1617 te-

509 1639 594 1660 nore
610 1629 835 1661 Presencium
852 1630 1070 1668 relaxamus3
1095 1629 1203 1669 vobis,
1222 1630 1342 1670 igitur,
1367 1630 1621 1662 committimus
1636 1631 1674 1661 et
1688 1629 1899 1662 mandamus
1943 1643 1947 1645 “

510 1674 676 1714 quatinus
692 1674 949 1706 relaxacionem
965 1674 1168 1715 hujusmodi
1186 1674 1375 1715 Seque-stri,
1398 1684 1462 1715 pro
1485 1674 1650 1715 congruis
1665 1674 1741 1706 loco
1756 1675 1794 1706 et
1808 1675 1896 1705 tem-
1943 1710 1946 1711 ⁷

509 1728 603 1758 pore,
619 1720 660 1749 ut
676 1719 840 1750 convenit
856 1719 1062 1759 publicetis;
1086 1718 1323 1750 certificantes
1338 1729 1402 1750 nos
1425 1718 1509 1759 quid
1524 1719 1562 1750 in
1577 1718 1759 1759 premissis
1773 1717 1897 1750 feceri-

509 1763 565 1802 tis,
584 1773 663 1794 cum
679 1773 743 1803 per
758 1765 896 1803 partem
913 1763 999 1794 dicti
1015 1763 1162 1794 Walteri
1185 1773 1337 1804 congrue
1360 1762 1502 1795 fueritis
1523 1762 1694 1804 requisiti,
1716 1772 1782 1804 per
1803 1762 1897 1795 Lite-

508 1817 566 1839 ras
581 1809 719 1839 vestras
734 1809 908 1848 patentes,
924 1807 1050 1838 harum
1067 1808 1193 1839 seriem
1209 1808 1441 1846 continentes,
1454 1807 1634 1839 autentico
1649 1807 1715 1839 sub
1727 1806 1899 1848 sigillo.—

509 1852 623 1883 D'ated
640 1853 677 1883 at
694 1852 781 1883 East
797 1852 958 1893 Horsley,
975 1852 1019 1883 29
1035 1851 1197 1884 October.

467 1905 668 1956 Colytong
706 1905 920 1943 Belaxacio
962 1906 1163 1955 Sequest‘ri
1200 1905 1305 1944 alias
1349 1905 1576 1955 interpositi
1617 1904 1665 1943 in
1689 1903 1902 1955 fiuctibus

514 1959 682 1997 Ecclesie
729 1961 774 1998 de
835 1960 1032 2010 Colytone,
1074 1973 1151 2010 pro
1191 1959 1380 2010 porcione
1427 1959 1584 1998 Decani
1629 1965 1664 1997 et
1712 1957 1898 2010 Capituli
1943 1972 1946 1974 ·

515 2014 737 2060 Excute,—

464 2069 626 2108 Thomas,
654 2072 732 2109 etc.,
760 2070 901 2101 Decano
925 2069 968 2100 de
993 2069 1192 2110 Honytone,
1217 2071 1254 2100 et
1276 2069 1462 2110 Perpetuis
1484 2068 1635 2100 Vicariis
1659 2067 1896 2100 Ecclesia-um

508 2114 766 2146 Parochialium
793 2115 835 2145 de
862 2113 990 2145 Setone
1017 2116 1054 2145 et
1080 2114 1306 2154 Airmynstre,
1338 2113 1499 2152 salutem,
1530 2111 1733 2145 etc.-Cum
1763 2121 1828 2144 nos
1857 2111 1897 2144 in
1942 2115 1947 2150 J

506 2160 629 2190 nostra
654 2159 806 2190 Civitate
834 2160 870 2190 et
900 2158 1050 2197 Diocesi,
1075 2158 1153 2199 jure
1184 2158 1369 2197 ordinario,
1400 2167 1464 2198 per
1490 2159 1605 2189 certos
1630 2155 1898 2189 comminata-ios
1938 2155 1944 2179 ἴ

507 2205 646 2235 nostros
662 2203 707 2234 ad
723 2203 788 2234 hoc
804 2213 825 2234 a
840 2202 941 2234 nobis
957 2202 1115 2243 legitime
1132 2202 1329 2242 deputatos,
1351 2202 1578 2234 visitacionis
1601 2201 1763 2233 Officium
1778 2200 1898 2233 debite

508 2250 741 2287 excercentes,
772 2248 867 2278 inter
896 2248 1014 2278 cetera
1043 2247 1230 2278 nonnullos
1261 2246 1430 2286 defectus,
1462 2246 1499 2277 in
1538 2245 1702 2278 Cancello
1740 2243 1897 2278 Ecclesia
1934 2277 1936 2279 ,

507 2291 720 2324 Parochialis
744 2292 788 2323 de
816 2291 986 2332 Colytone
1009 2292 1145 2323 notorie
1169 2291 1406 2330 imminentes,
1430 2300 1471 2322 ac
1493 2290 1719 2331 reparacione
1734 2291 1772 2321 et
1785 2288 1914 2322 refeo?
1933 2294 1937 2298 ⁴

508 2337 607 2368 cione
630 2336 829 2368 necessaria
851 2336 1061 2376 indigentes,
1085 2336 1144 2376 qui
1166 2336 1226 2367 vix
1248 2346 1330 2367 cum
1353 2345 1399 2366 xv
1420 2335 1520 2367 libris
1543 2334 1792 2375 sterlingorum
1814 2342 1895 2366 oon-
1930 2372 1931 2375 Ἴ

509 2391 595 2421 grue
612 2381 768 2422 reparari
791 2382 968 2421 poterunt,
986 2380 1260 2420 compererimus
1287 2379 1498 2418 manifeste3
1526 2388 1674 2420 quorum
1691 2378 1895 2410 defectuum

508 2426 688 2457 occasione
705 2425 853 2464 fructus,
869 2425 1039 2464 redditus,
1056 2427 1093 2456 ct
1107 2426 1299 2465 proventus
1315 2423 1453 2465 prefate
1471 2423 1626 2455 Ecclesie
1651 2423 1694 2454 de
1711 2422 1894 2463 Colytone,
1938 2430 1940 2435 '

508 2470 545 2500 in
561 2479 859 2510 quorumcumque
882 2469 1046 2501 manibus
1062 2469 1264 2508 existerent,
1278 2468 1442 2500 duximus
1454 2467 1724 2508 sequestrandos
1736 2481 1745 2506 ;
1760 2475 1895 2506 verum,
1935 2478 1937 2482 ⁴

351 2510 399 2538 sol.
508 2514 590 2555 quia
599 2506 768 2545 'Decanus
784 2516 820 2545 et
838 2513 1039 2554 Capitulum
1057 2513 1211 2545 Ecclesie
1228 2515 1346 2544 nostre
1360 2512 1577 2551 Exoniensis,
1589 2511 1766 2552 prefatam
1776 2509 1895 2543 Eccle-

351 2544 428 2571 133b.
508 2559 607 2598 siam,
622 2559 718 2590 salva
728 2558 890 2599 porcione
901 2557 1033 2589 Vicarii
1049 2558 1214 2598 Perpetui
1230 2558 1267 2588 in
1279 2557 1412 2596 eadem,
1429 2557 1466 2588 in
1477 2556 1636 2597 proprios
1651 2565 1736 2588 usus
1746 2553 1896 2587 Canoni-

507 2613 546 2634 ce
568 2603 777 2642 obtinentes,
802 2602 844 2634 de
868 2602 988 2634 decem
1004 2602 1104 2633 libris
1119 2612 1182 2642 pro
1205 2602 1368 2642 porcione
1392 2601 1505 2632 dictos
1528 2601 1709 2632 Decanum
1731 2601 1768 2632 et
1791 2597 1896 2641 Capi·
1938 2635 1939 2638 Ἰ

507 2647 632 2686 tulum,
646 2647 787 2678 nomine
803 2647 1039 2687 reparacionis
1054 2646 1256 2687 hujusmodi
1269 2645 1483 2685 defectuum,
1493 2644 1730 2685 contingente,
1743 2643 1895 2675 Domino

506 2692 538 2722 N
541 2692 686 2731 icholao,
704 2692 878 2732 Perpetuo
893 2691 1034 2722 Vicario
1061 2690 1216 2722 Ecclesie
1239 2689 1453 2722 Parochialis
1476 2689 1519 2721 de
1533 2688 1766 2727 Axemouthe,
1781 2689 1819 2720 et
1834 2686 1894 2719 Ri-

506 2736 612 2767 cardo
629 2736 752 2774 Brode,
769 2736 814 2766 ad
830 2735 985 2767 construi
1003 2745 1064 2767 seu
1080 2734 1235 2775 reparari
1253 2734 1455 2766 Cancellum
1467 2733 1669 2775 hujusmodi
1689 2731 1893 2764 faciendum

506 2790 569 2821 per
593 2791 657 2812 nos
684 2779 883 2820 specialiter
909 2779 1098 2820 deputatis,
1124 2777 1373 2811 satisfecerunt
1399 2777 1631 2818 integraliter,
1646 2778 1688 2808 ut
1702 2777 1892 2815 tenentur3

506 2825 639 2856 dictum
657 2824 884 2865 Sequestrum
900 2826 1060 2855 nostrum
1076 2823 1113 2854 in
1128 2823 1304 2855 fructibus
1319 2823 1412 2854 dicte
1429 2821 1594 2861 Bedesis,
1617 2822 1791 2862 quatenus
1812 2829 1891 2861 por·

505 2869 640 2900 cionem
658 2869 813 2909 ipsorum
829 2868 961 2900 Decani
977 2870 1014 2899 et
1031 2867 1194 2909 Capituli,
1218 2866 1530 2908 proprietariorum
1545 2865 1793 2907 predictorum,
1809 2873 1890 2896 oon-

505 2913 627 2952 cernit,
644 2913 888 2951 relaxavimus,
904 2912 1047 2954 justicia
1069 2912 1250 2952 exigente3
1274 2911 1441 2951 volentes,
1464 2913 1595 2951 tamen,
1611 2909 1760 2949 fruetus,
1775 2907 1891 2940 reddi·
1935 2920 1938 2923 ·

504 2959 573 2997 tus,
598 2960 634 2988 et
655 2959 847 2998 proventus
863 2957 1003 2989 Vicarie
1029 2956 1184 2988 Ecclesie
1206 2955 1344 2996 prefate
1368 2965 1477 2996 usque
1493 2955 1539 2987 ad
1554 2963 1729 2987 summam
1745 2953 1888 2986 eentum

1982 1288 1988 1344 ἱ
