1988 3256
418 357 710 393 anclsraun
745 357 1207 393 commune—Anno
1247 347 1343 393 15⁰.
1558 348 1654 391 555
1682 397 1688 401 ⁴

107 454 184 515 1⁸58}
264 459 350 501 quid
370 460 573 494 faciendum
596 461 738 494 duxeris
760 462 798 493 in
820 461 1003 503 premissis
1024 471 1099 501 nos,
1123 461 1215 493 citra
1239 461 1384 494 Festum
1409 461 1531 493 Sancti
1554 461 1658 499 Luce,

108 521 173 549 Vol.
192 522 217 549 1·
265 504 502 546 Evangeliste,
525 507 685 548 proximo
707 517 802 538 nunc
823 506 996 547 futurum,
1020 506 1138 538 debite
1162 506 1344 545 certifices,
1369 505 1599 538 etc.—Dated
1621 507 1660 536 at

264 549 352 582 East
368 550 530 592 Horsley,
546 552 589 582 23
608 551 825 592 September.

109 602 584 698 {soffChssrgetont-‹Pishff
613 603 840 659 [Chiritone
869 605 1068 656 Episcopi,
1108 602 1244 658 MS.];
1281 604 1439 643 Master
1469 603 1582 642 John
1610 602 1660 641 de

365 672 404 697 rs
450 672 512 706 ne,
576 683 656 706 .,—‚

221 713 463 753 Dispensation
476 728 483 747 ε
507 715 775 747 non-residence
791 715 848 747 for
863 725 884 746 a
899 725 994 756 year,
1011 717 1048 746 to
1065 715 1172 756 study
1184 717 1222 746 at
1235 714 1368 746 Oxford
1381 725 1421 746 or
1437 713 1659 754 Cambridge,

269 757 288 772 “
300 761 337 790 et
353 760 398 791 ad
414 760 666 791 dimittendum
682 760 831 791 eandem
848 759 1043 792 Ecclesiam
1059 770 1160 791 suam
1172 760 1218 791 ad
1230 760 1380 798 firmam,
1391 769 1455 800 per
1466 759 1561 790 idem
1572 760 1660 789 tem-

268 813 344 844 pus,
362 804 468 836 alicui
483 805 560 836 viro
576 803 855 836 Ecclesiastico'’
875 802 1047 846 (London,
1066 805 1107 835 13
1124 802 1231 845 Oct.).

220 856 467 950 St.RMabyn
497 856 661 912 [Sancte
690 858 871 905 Mabene,
903 857 1039 912 MS.];
1073 858 1230 897 Master
1257 858 1366 897 John
1396 856 1660 910 Restaureke,

225 967 435 1054 Litigngectoff
456 969 723 1001 non-residence
746 967 804 1000 for
826 970 897 1000 two
929 978 1043 1010 years,
1067 970 1106 1000 to
1130 968 1237 1009 study
1260 970 1298 1000 at
1322 967 1456 1000 Oxford
1490 966 1662 1009 (London,

223 1065 423 1105 Warland
445 1068 562 1116 (near
584 1065 750 1118 Totnes)
766 1079 778 1114 3
807 1067 1053 1105 Mandatum
1080 1067 1136 1105 ad
1161 1066 1494 1105 denunciandum
1521 1080 1664 1104 excom-

277 1120 501 1160 municatos
518 1121 567 1159 in
583 1135 720 1171 qenere
727 1121 926 1170 fractores
945 1121 1074 1159 clausi
1087 1121 1249 1159 Fratris
1266 1120 1406 1159 Thome
1425 1122 1664 1165 Per-sone,—

227 1175 390 1216 Thomas,
413 1179 492 1216 etc.,
516 1177 629 1209 Priori
653 1177 826 1216 Tottonie‚
851 1187 892 1208 ac
915 1177 1067 1216 Decano,
1090 1178 1127 1208 et
1158 1177 1309 1208 Domino
1339 1177 1492 1208 Johanni
1523 1176 1664 1208 Vicario

270 1220 420 1260 ibidem3
443 1232 591 1261 necnon,
608 1221 757 1262 singulis
774 1221 915 1253 Curatis
930 1221 1133 1253 Decanatus
1149 1221 1311 1253 Tottonie
1323 1221 1490 1262 predicte,
1502 1221 1663 1260 salutem,

272 1267 354 1297 etos
370 1266 475 1297 -Cum
491 1276 614 1298 omnes
629 1268 665 1297 et
681 1266 810 1306 singuli
827 1265 939 1306 Regni
959 1266 1087 1306 Anglie
1102 1265 1225 1304 incole,
1242 1268 1279 1297 et
1300 1266 1487 1306 presertim
1513 1266 1664 1297 Cantua·

273 1310 400 1341 riensis
416 1311 600 1342 Provincie
616 1310 759 1349 subditi,
775 1310 834 1351 qui
851 1310 893 1342 de
909 1310 1081 1349 domibus,
1101 1311 1278 1349 maneriis,
1302 1311 1470 1351 grangiis,
1494 1313 1556 1341 aut
1579 1310 1665 1341 locis

274 1354 353 1386 aliis
383 1355 429 1386 ad
451 1355 752 1395 Archiepiscopos,
777 1354 978 1395 Episcopos,
1002 1355 1058 1386 vel
1081 1355 1169 1386 alias
1193 1355 1365 1386 Personas
1389 1354 1665 1393 Ecclesiasticas,

275 1408 338 1430 seu
352 1399 398 1430 ad
412 1399 508 1440 ipsas
524 1399 700 1431 Ecclesias
714 1399 985 1439 pertinentibus,
1001 1399 1187 1440 quicquam
1202 1402 1323 1440 preter
1337 1401 1374 1430 et
1398 1402 1522 1431 contra
1544 1399 1664 1430 volun-

275 1445 388 1474 tatem
418 1445 482 1475 aut
503 1444 770 1484 permissionem
793 1443 1025 1483 dominorum,
1048 1444 1105 1475 vel
1128 1453 1250 1475 eorum
1274 1443 1333 1484 qui
1357 1446 1440 1475 sunt
1463 1443 1666 1485 hujusmodi

275 1497 394 1518 rerum
410 1488 580 1520 custodiis
591 1488 762 1528 deputati,
775 1488 990 1527 abstrahere,
1007 1488 1190 1527 abducere,
1207 1498 1423 1527 consumere,
1439 1488 1494 1519 vel
1511 1490 1666 1519 contrec-

274 1534 352 1563 tare
374 1532 664 1573 presumpserint,
687 1532 900 1571 abstrahive,
923 1533 1091 1571 consumi,
1115 1533 1170 1563 vel
1193 1533 1404 1564 contrectari
1427 1532 1588 1571 fecerint,
1606 1542 1668 1563 seu

121 1571 171 1632 {3¹:⁴3
278 1576 482 1617 hujusmodi
513 1577 800 1615 abstraccionem,
825 1579 902 1616 etc.,
934 1577 1075 1608 nomine
1100 1587 1162 1608 suo
1185 1579 1248 1608 aut
1278 1587 1300 1608 a
1329 1577 1564 1608 familiaribus
1596 1577 1668 1608 suis

172 1626 180 1633 '
278 1620 423 1659 factam,
440 1623 555 1652 ratam
571 1621 769 1660 habuerint,
785 1621 856 1652 sint
874 1621 1061 1653 Sentencia
1078 1621 1463 1653 Excommunicacionis
1476 1621 1619 1663 Majoris
1631 1622 1668 1652 in

279 1664 489 1698 Sanctorum
513 1666 660 1697 Patrum
683 1665 1014 1705 Consuetudinibus,
1037 1665 1075 1696 in
1098 1666 1164 1697 hac
1186 1668 1287 1706 parte
1311 1666 1378 1697 rite
1410 1666 1514 1697 editis
1545 1668 1668 1697 contra

277 1710 400 1741 taliter
408 1710 652 1751 delinquentes
660 1709 805 1750 provide
814 1709 897 1749 lata,
908 1709 1180 1751 dampnabiliter
1191 1710 1356 1749 involuti3
1373 1710 1526 1751 quidam,
1536 1712 1668 1749 tamen,

278 1754 477 1795 iniquitatis
492 1754 565 1794 filii,
582 1764 730 1795 quorum
745 1754 890 1786 nomina
904 1754 1114 1795 ignorantur
1134 1755 1269 1795 pariter
1283 1757 1320 1786 et
1335 1765 1493 1795 persone,
1510 1755 1668 1787 clausum

280 1798 415 1830 Fratris
431 1799 563 1830 Thome
579 1799 742 1838 Persone,
756 1798 920 1831 Custodis
934 1799 1074 1839 Capelle
1085 1799 1158 1830 sive
1172 1799 1368 1840 Hospitalis
1381 1799 1502 1831 Sancti
1516 1799 1668 1840 Spiritus

279 1843 323 1874 de
353 1843 549 1882 Werlande,
587 1846 707 1884 preter
736 1845 774 1874 et
803 1845 927 1875 contra
955 1843 1176 1875 voluntatem
1207 1843 1318 1884 ipsius
1348 1844 1491 1883 Th0me,
1521 1853 1669 1884 persone

281 1887 538 1926 Ecclesiastice,
553 1887 703 1928 ingressi
719 1887 866 1919 fuerunt
880 1890 1014 1919 temere
1030 1890 1066 1919 et
1089 1888 1217 1927 dolose,
1241 1898 1283 1919 ac
1306 1888 1474 1919 animalia
1496 1898 1560 1920 sua
1582 1888 1669 1919 inibi

280 1931 474 1964 existencia
503 1932 726 1963 abduxerunt
733 1946 742 1970 ;
776 1942 923 1971 necnon,
949 1932 1129 1973 Capellam
1151 1932 1190 1963 in
1212 1933 1344 1964 honore
1369 1932 1490 1964 Sancti
1516 1932 1669 1973 Spiritus

280 1976 412 2008 ibidem
442 1978 682 2008 constructam
711 1976 902 2016 intrarunt,
933 1986 975 2008 ac
1005 1977 1163 2008 tabulam
1194 1979 1231 2008 et
1261 1977 1445 2018 ymagines
1479 1977 1525 2008 ad
1547 1977 1670 2008 Altare

281 2020 415 2061 positas
430 2021 593 2062 nequiter
607 2020 802 2062 fregerunt,
819 2023 864 2060 et,
881 2021 974 2062 quod
989 2021 1146 2053 terribile
1168 2023 1223 2053 est
1239 2021 1346 2061 dictu,
1364 2021 1498 2062 Corpus
1514 2021 1670 2052 Domini-

282 2075 374 2105 cum,
391 2075 498 2106 supra
512 2065 607 2097 idem
622 2065 746 2097 Altare
762 2065 799 2096 in
810 2065 932 2106 Pixide
944 2065 1148 2106 repositum,
1162 2066 1206 2097 ad
1217 2068 1349 2098 terram
1362 2066 1672 2097 abhominabiliter

282 2109 517 2150 projecerunt,
533 2112 640 2150 prout
655 2120 698 2142 ex
713 2109 814 2151 gravi
830 2110 1012 2151 questione
1028 2110 1115 2142 dicti
1132 2110 1268 2143 Fratris
1287 2110 1418 2142 Thome
1435 2111 1536 2142 nobis
1552 2110 1671 2142 extitit

281 2154 504 2192 intimatum,
542 2154 581 2185 in
603 2154 802 2186 animarum
828 2164 971 2186 suarum
994 2155 1128 2195 grande
1151 2155 1356 2195 perieulum,
1381 2165 1517 2186 necnon
1540 2154 1671 2195 prefati

283 2197 416 2229 'rhome
430 2198 665 2239 prejudicium
681 2209 752 2230 non
767 2199 945 2230 modicum
960 2201 997 2230 et
1012 2209 1214 2239 gravamen,
1225 2201 1262 2231 et
1277 2199 1426 2231 aliorum
1436 2199 1670 2240 perniciosum

283 2242 493 2282 exemplum.
539 2242 573 2273 N
574 2243 719 2282 olentes,
736 2243 855 2283 igitur,
871 2243 1044 2283 premissa
1059 2243 1328 2275 conniventibus
1344 2243 1454 2275 oculis
1476 2244 1673 2275 incorrecta

284 2286 434 2318 ulterius
462 2287 689 2326 pertransire,
721 2287 826 2318 sicuti
855 2297 922 2319 nec
951 2287 1129 2327 debemus,
1160 2287 1269 2327 vobis,
1293 2290 1371 2327 etc.,
1395 2287 1612 2329 conjunctim
1635 2290 1672 2319 et

286 2330 438 2369 divisim,
455 2332 533 2370 etc„
549 2331 806 2362 committimus
828 2333 865 2363 et
887 2331 1097 2363 mandamus
1120 2332 1287 2372 quatinus
1309 2342 1432 2364 omnes
1454 2334 1491 2363 et
1515 2332 1672 2372 singulos

284 2373 488 2416 hujusmodi
517 2374 774 2414 malefactores,
805 2377 843 2407 et
873 2375 1119 2408 Ecclesiastice
1142 2376 1333 2408 Libertatis
1354 2376 1553 2416 violatores,
1577 2376 1673 2408 dicta

286 2418 432 2460 Maioris
455 2418 840 2451 Excommunicacionis
865 2419 1053 2452 Sentencia
1075 2420 1135 2459 sic,
1151 2422 1194 2451 ut
1215 2420 1403 2461 prefertur,
1427 2421 1613 2459 involutos,
1635 2421 1673 2451 in

285 2463 450 2494 Prioratu
479 2462 643 2495 Tottonie
666 2465 703 2495 et
726 2463 884 2495 Ecclesia
907 2464 1105 2496 Parochiali
1127 2464 1269 2504 ibidem,
1293 2475 1430 2497 necnon
1463 2465 1501 2496 in
1525 2465 1673 2506 singulis

287 2507 454 2539 Ecclesiis
464 2507 666 2539 Decanatus
677 2507 840 2539 Tottom'e
852 2508 1054 2548 supradicti,
1067 2509 1164 2540 intra
1175 2509 1364 2541 Missarum
1375 2510 1578 2550 solempnia,
1592 2520 1672 2541 cmn

286 2551 402 2592 major
415 2551 453 2582 in
468 2551 601 2583 eisdem
617 2551 759 2583 affuerit
775 2552 868 2584 Cleri
883 2554 920 2584 et
942 2553 1062 2594 populi
1085 2553 1286 2593 multitudo,
1309 2554 1458 2594 pulsatis
1481 2554 1673 2594 campanis,

287 2605 390 2627 cruce
405 2595 443 2626 in
459 2605 568 2626 manu
582 2598 710 2635 erecta,
727 2596 883 2629 candelis
898 2597 1055 2629 accensis
1070 2599 1107 2629 et
1129 2598 1304 2637 extinctis,
1322 2600 1358 2630 et
1381 2609 1461 2630 cum
1484 2599 1580 2630 omni
1604 2598 1674 2630 alia

288 2639 536 2680 solempnitate
552 2639 590 2671 in
606 2640 779 2672 similibus
794 2641 871 2672 fieri
886 2643 1064 2681 consueta,
1081 2643 1402 2674 excommunicatos
1417 2642 1527 2674 fuisse
1544 2645 1581 2674 et
1596 2653 1672 2674 esse
1713 2682 1717 2685 Δ

287 2683 427 2725 publice
442 2685 479 2715 et
495 2684 723 2725 solempniter
737 2685 775 2716 in
791 2695 919 2726 genere
942 2686 1180 2725 denuncietis;
1211 2697 1233 2718 a
1255 2687 1528 2718 denunciacione
1552 2687 1672 2728 hujus—

289 2728 384 2760 modi
406 2738 478 2759 non
500 2731 690 2768 cessantes,
713 2739 892 2770 quousque
915 2729 1012 2761 aliud
1034 2740 1056 2761 a
1079 2731 1180 2762 nobis
1203 2741 1308 2771 super
1330 2731 1396 2762 hoc
1418 2731 1614 2762 habueritis
1636 2732 1673 2762 in

289 2772 478 2804 mandatis.
523 2772 580 2812 Et,
597 2772 627 2804 si
642 2783 729 2814 quos
743 2783 808 2814 per
822 2773 1095 2814 Inquisicionem
1112 2774 1335 2814 Canonicam,
1352 2785 1458 2816 quam
1480 2785 1544 2816 per
1558 2785 1621 2806 vos
1636 2775 1674 2806 in

290 2817 358 2849 hac
370 2818 472 2857 parte
482 2817 693 2849 auctoritate
705 2819 828 2850 nostra
836 2818 914 2849 fieri
923 2818 1085 2850 volumus
1095 2818 1312 2859 diligentem,
1322 2829 1400 2850 reos
1410 2829 1473 2851 seu
1483 2822 1673 2860 suspectos,

290 2863 352 2892 aut
362 2860 500 2902 publice
511 2861 712 2893 diffamatos
723 2861 930 2893 inveneritis
941 2862 979 2893 in
990 2862 1182 2902 premissis,
1193 2863 1320 2902 citetis,
1334 2873 1396 2894 seu
1407 2863 1510 2894 citari
1521 2863 1674 2902 faciatis,

290 2905 535 2947 peremptorie,
545 2906 697 2945 eosdem,
709 2906 801 2947 quod
811 2909 1039 2946 compareant
1051 2916 1169 2938 coram
1180 2907 1328 2939 Officiali
1340 2910 1461 2939 nostro
1473 2907 1674 2948 Principali,

289 2951 362 2988 aut,
393 2949 431 2981 in
453 2949 531 2991 ejus
561 2949 735 2990 absencia,
767 2950 879 2982 nostri
903 2950 1111 2982 Consistorii
1134 2950 1342 2983 Exoniensis
1364 2951 1570 2983 Presidente
1593 2962 1674 2992 quo-
