1988 3256
147 458 181 484 A.
188 457 224 485 D.

147 491 225 518 1371.

146 525 211 552 Vol.

144 558 188 586 11.

537 354 705 389 RoYAL
742 354 957 389 LETTERS
991 353 1097 388 Ani)
1132 351 1304 388 wmrs.
1596 342 1690 387 183

302 462 396 492 trum
419 461 461 492 de
483 460 666 493 fructubns
688 460 886 502 hujusmodi
908 459 1126 492 Thesaurarie
1148 461 1184 490 et
1209 457 1393 497 Prebende,
1424 457 1593 489 occasione
1616 467 1688 498 pre-

300 504 391 536 dicta
414 515 472 545 per
495 515 553 536 vos
576 515 633 536 seu
657 505 699 536 ad
724 505 924 536 Mandatum
947 507 1100 535 vestrum
1130 502 1333 544 appositum,
1357 501 1429 533 sine
1451 501 1614 532 dilacione
1638 512 1687 532 re-

298 547 428 588 laxetis,
454 548 621 589 prefatum
646 548 853 580 willelmum
876 558 914 579 ea
935 547 978 579 de
1000 557 1100 579 causa
1121 546 1164 578 (18
1187 549 1296 578 cetero
1320 556 1386 577 non
1411 545 1631 576 molestantes
1653 544 1688 575 in

299 592 411 633 aliquo
427 602 485 623 seu
502 592 858 632 gravantes.—Tested
873 594 910 623 at
926 590 1173 630 Westminster,
1192 591 1232 622 10
1249 590 1324 621 Oct.

256 646 409 684 17.-—De
423 646 630 679 emim-ando
646 647 760 687 Reqem
774 657 833 688 que
847 656 977 687 persone
985 645 1117 686 fuerint
1138 644 1285 677 institute
1307 646 1343 675 in
1367 643 1507 676 Ecclesia
1528 643 1568 675 de
1590 643 1688 674 Blak-

299 694 442 730 auetone,
469 694 498 722 et
527 692 586 732 qui
610 690 740 722 Priores
762 691 801 722 de
824 689 1014 732 Plymptone
1037 688 1180 730 fuer-um
1202 689 1290 720 electi
1313 692 1449 728 tempore
1473 687 1569 728 Reyis
1591 697 1687 718 nuno.

300 734 512 773 —Volentes‚
543 734 644 766 certis
673 734 716 766 de
747 734 863 772 8811818,
892 732 1064 765 cerciorari
1103 743 1169 774 que
1195 734 1231 763 et
1263 734 1349 773 quot
1372 741 1511 772 persone
1534 730 1578 761 ab
1600 740 1688 761 anno

299 777 436 809 Domini
452 780 487 809 et
502 788 610 819 nuper
625 777 724 819 Regis
734 777 865 817 Anglie,
878 777 983 818 patris
998 776 1115 815 nostri,
1128 775 1236 817 primo
1252 775 1437 816 hucusque,
1448 775 1491 806 ad
1508 774 1690 806 Ecclesiam

297 822 340 853 de
363 822 628 861 BLAKAUETONE,
653 825 763 852 vestre
786 821 945 860 Diocesis,
970 823 1161 861 presentate
1184 819 1350 856 fuerunt3
1374 829 1432 859 per
1448 828 1533 859 quos
1556 818 1608 849 vel
1631 827 1691 859 per

301 875 412 906 quem,
429 875 497 906 qno
513 865 625 904 titulo,
643 865 788 906 qualiter
803 868 838 896 et
853 864 1031 906 quomodo,
1049 867 1084 895 et
1099 863 1223 905 quibus
1246 862 1456 903 temporibus
1479 861 1632 893 instituti
1655 863 1690 892 et

298 909 431 940 inducti
458 908 599 940 fuerunt
623 909 658 940 in
687 909 813 946 eadem,
842 919 879 939 ae
904 907 1007 939 eciam
1035 907 1094 948 qui
1118 910 1154 938 et
1180 909 1266 947 quot
1292 906 1423 937 Priores
1451 905 1622 936 Prioratus
1649 905 1692 936 de

301 953 510 983 Pam-rous
532 952 575 983 ab
598 951 698 983 Anno
722 951 830 993 Regni
852 951 960 983 nostri
983 951 1103 992 Anglie
1125 953 1248 992 quarto
1270 949 1484 988 extiterunt}
1507 952 1543 980 et
1565 949 1690 990 quibus

300 995 418 1027 diebus
434 995 603 1035 obierunt,
622 999 657 1027 et
672 995 731 1037 qui
747 996 780 1026 in
799 995 930 1027 Priores
953 994 1033 1026 Loci
1054 994 1146 1026 illius
1169 993 1267 1025 electi
1289 993 1431 1025 fuerunt
1448 1003 1456 1032 ;
1481 992 1574 1024 vobis
1598 1003 1691 1023 man-

299 1040 420 1071 damus
436 1040 538 1080 quod,
554 1042 705 1071 scrutato
721 1039 877 1080 Registro
894 1042 1014 1077 vestro,
1031 1041 1103 1070 tam
1118 1038 1161 1069 (18
1186 1040 1336 1078 tempore
1353 1041 1463 1068 vestro
1487 1046 1589 1077 quam
1612 1036 1690 1067 Pre-

299 1083 511 1114 decessorum
528 1080 716 1115 vestrorum
735 1083 895 1124 premissa
911 1085 1082 1122 tangente,
1095 1092 1155 1113 nos
1172 1081 1213 1112 de
1230 1091 1267 1112 eo
1283 1081 1375 1122 quod
1390 1080 1470 1111 inde
1485 1079 1690 1119 inveneritis,

301 1126 335 1157 in
354 1126 558 1158 Cancellaria
574 1131 698 1165 nostra,
714 1127 779 1158 sub
796 1126 904 1167 sigillo
919 1128 1043 1164 vestro,
1060 1125 1221 1157 distincte
1237 1127 1272 1155 et
1288 1127 1415 1165 aperte,
1434 1123 1506 1155 sine
1529 1123 1692 1155 dilacione

300 1170 449 1202 reddatis
465 1170 624 1202 cerciores
637 1181 647 1209 ;
670 1170 733 1202 hoc
750 1170 855 1201 Breve
872 1169 967 1201 nobis
983 1168 1376 1200 remittentes—Tea&
1392 1170 1428 1199 at
1444 1167 1692 1206 westminster,

302 1215 343 1246 10
360 1214 446 1246 Nov.

149 1269 225 1295 A-D-
258 1267 485 1299 —Returnum
512 1267 595 1300 dicti
623 1267 736 1299 Brevis
750 1267 1019 1299 2—Sublimitati
1046 1269 1158 1297 vestre
1188 1266 1386 1297 intimamus
1416 1265 1519 1307 quod,
1544 1268 1695 1297 scrutato

148 1303 254 1330 1371-2.

301 1311 402 1353 juxta
418 1311 622 1352 exigenciam
640 1311 756 1343 Brevis
772 1311 875 1342 vestri
890 1311 955 1342 hiis
971 1310 1090 1342 inclusi
1103 1309 1257 1351 Registro
1269 1312 1394 1348 nostro,
1406 1312 1476 1340 tam
1489 1310 1530 1340 de
1543 1312 1695 1350 tempore

299 1358 415 1386 nostro
427 1365 530 1396 quam
541 1355 814 1386 Predecessorum
828 1357 1031 1393 nostrorum,
1045 1354 1269 1395 comperimus
1281 1353 1372 1394 quod
1383 1356 1450 1384 3³¹0
1463 1353 1517 1384 die
1529 1353 1550 1385 J
1553 1352 1692 1391 anuarii,

302 1399 384 1430 A.D.
403 1399 464 1430 ΜΟ.
482 1399 614 1431 000ωο
630 1398 714 1439 viij0,
731 1398 869 1439 quidam
886 1398 1065 1438 Gregorius
1081 1397 1122 1428 de
1139 1396 1325 1437 Beneleghe
1340 1396 1519 1437 [Georgius
1531 1397 1573 1428 de
1586 1397 1693 1437 Byne-

299 1442 406 1483 leghe,
427 1442 499 1483 Rey.
517 1442 715 1483 Stapeldon]‚
733 1442 881 1481 clericus,
898 1442 941 1473 ad
966 1441 1148 1473 Ecclesiam
1163 1441 1204 1471 de
1222 1440 1459 1480 Blakauetone,
1475 1442 1559 1471 tunc
1575 1450 1691 1471 vacan-

300 1489 381 1525 tem,
411 1496 469 1526 per
497 1486 644 1517 Priorem
669 1488 706 1517 et
734 1486 948 1517 Conventum
973 1486 1015 1516 de
1043 1485 1246 1525 Plymptone
1274 1487 1497 1524 presentatus,
1526 1495 1584 1524 per
1606 1483 1694 1515 bone

301 1529 461 1560 memorie
489 1529 674 1560 Dominum
703 1529 900 1568 Walterum,
924 1532 1006 1560 tuuc
1030 1528 1234 1569 Episcopum
1259 1527 1493 1566 Exoniensem,
1520 1527 1692 1559 Predeces-

301 1583 409 1604 sorem
426 1576 590 1612 nostrum,
608 1573 773 1604 admissus
789 1572 858 1604 fuit
872 1572 915 1603 ad
931 1572 1082 1610 eandem,
1099 1574 1134 1603 et
1159 1572 1279 1602 Rector
1301 1571 1503 1607 institutum
1529 1581 1566 1602 ac
1590 1570 1693 1602 nichil

305 1616 448 1648 ulterius
463 1626 531 1657 quo
548 1617 589 1648 ad
613 1616 717 1657 ipsius
743 1616 887 1647 Ecclesie
902 1613 1136 1654 vacacionem,1
1159 1625 1219 1646 nec
1242 1625 1308 1655 que
1331 1625 1469 1655 persone
1492 1614 1622 1646 fuerint
1643 1614 1692 1645 in-

300 1660 422 1692 stitute
437 1660 473 1691 in
488 1661 603 1691 eadem
621 1660 663 1691 ab
678 1659 736 1690 illo
751 1663 903 1700 tempore
928 1670 1035 1700 usque
1058 1660 1092 1690 in
1115 1658 1207 1690 huuc
1229 1658 1319 1689 diem
1342 1658 1378 1689 in
1402 1659 1554 1699 Registro
1577 1662 1693 1689 nostro

302 1703 452 1745 predicto
476 1704 650 1745 potuimus
675 1703 836 1742 invenire,
864 1703 1018 1744 quamvis
1044 1702 1254 1743 diligenciam
1280 1702 1323 1733 ad
1350 1702 1413 1733 hoc
1439 1702 1694 1733 adhibuerimus

303 1747 510 1788 vigilantem.
557 1746 801 1788 Comperimus,
817 1747 932 1785 eciam,
952 1746 987 1778 in
1003 1746 1120 1777 eodem
1138 1745 1293 1786 Registro
1309 1746 1400 1786 quod
1424 1745 1510 1776 bone
1533 1745 1692 1777 memorie

304 1790 469 1822 Dominus
495 1791 668 1822 Johannes
695 1790 736 1821 de
763 1791 999 1829 Grandissono,
1028 1800 1134 1831 nuper
1166 1790 1350 1830 Episcopus
1381 1789 1589 1828 Exoniensis,
1616 1789 1691 1820 Pre-

301 1835 452 1866 decessor
475 1837 590 1866 noster
611 1834 825 1873 inmediatus,
854 1833 959 1875 xxviij
984 1833 1038 1865 die
1065 1833 1188 1864 mensis
1212 1832 1335 1871 Marcii,
1360 1833 1442 1864 A.D.
1473 1833 1533 1864 M0.
1562 1832 1693 1865 CCCm⁰

301 1877 454 1919 xx[x]ij⁰,
470 1878 627 1918 providit,
640 1881 681 1909 ut
693 1888 791 1909 verus
806 1878 970 1909 Patronus
983 1880 1019 1909 et
1032 1876 1228 1908 Ordinarius
1240 1876 1402 1917 ejusdem,
1420 1876 1531 1908 Fratri
1547 1876 1566 1907 J
1570 1876 1694 1908 ohanni

302 1922 344 1952 de
362 1921 577 1962 Engleburne
593 1922 635 1952 de
654 1921 807 1952 Prioratu
826 1921 1048 1961 Plymptonie,
1066 1931 1124 1961 per
1140 1923 1284 1951 mortem
1308 1920 1435 1951 Fratris
1458 1919 1586 1951 Mathai
1609 1923 1693 1951 tunc

303 1968 449 1996 vacante.
498 1965 587 2002 Dies,
604 1967 731 2003 autem,
750 1964 870 1996 mortis
894 1964 998 2005 ipsius
1022 1964 1149 1995 Fratris
1173 1963 1301 1995 Mathei
1325 1963 1359 1994 in
1384 1963 1513 2004 prefato
1539 1964 1692 2004 Registro

303 2009 442 2039 minime
458 2008 633 2048 reperitur.
682 2009 781 2046 Item,
798 2008 1022 2048 comperimus
1039 2008 1073 2038 iu
1097 2007 1214 2038 eodem
1240 2007 1394 2048 Registro
1417 2007 1508 2048 quod
1531 2007 1566 2038 in
1590 2007 1692 2039 Festo

301 2052 526 2083 Exaltacionis
543 2052 664 2084 Sancte
682 2052 808 2090 Crucis,
829 2052 868 2083 A.
876 2052 916 2083 D.
938 2052 1025 2082 Mmo·
1044 2051 1176 2083 CCCm0
1192 2050 1285 2091 xlvij,
1302 2051 1433 2082 vacavit
1457 2050 1629 2082 Prioratus
1651 2051 1694 2082 de

302 2095 506 2136 Plymptone
521 2095 735 2136 supradictus
751 2106 811 2136 per
829 2098 971 2126 mortem
996 2094 1124 2126 Fratris
1147 2094 1310 2126 Johannis
1333 2094 1376 2125 de
1399 2094 1614 2135 Engleburne
1637 2104 1691 2126 su-

303 2139 488 2180 prascripti,
505 2142 540 2170 et
557 2139 723 2170 Dominus
745 2139 917 2170 Johannes
939 2138 981 2169 de
1005 2138 1241 2176 Grandissono,
1258 2141 1341 2169 tunc
1358 2138 1543 2178 Episcopus
1570 2138 1690 2169 Exoni-

302 2182 390 2214 ensis
405 2182 567 2223 prefatus,
583 2182 640 2223 iij⁰
655 2182 710 2213 die
725 2182 935 2221 Novembris,
953 2181 1069 2213 eodem
1083 2181 1166 2213 A.D.
1183 2181 1242 2213 ΜΟ.
1258 2181 1389 2213 00οΠ10
1404 2181 1515 2222 xlvij⁰‚
1533 2181 1691 2222 providit,

303 2229 344 2257 ut
370 2236 470 2257 verus
495 2225 662 2257 Patronus
685 2228 721 2257 et
743 2225 940 2258 Ordinarius
963 2225 1126 2266 ejusdem,
1151 2225 1261 2256 Fratri
1283 2225 1431 2256 Roberto
1454 2225 1496 2255 de
1520 2225 1627 2256 Forde
1650 2225 1692 2256 (18

304 2269 458 2300 Prior-atu
474 2269 689 2310 Plymptonie
701 2272 886 2300 memorato
901 2280 910 2306 3
926 2272 961 2300 et
973 2268 1074 2300 nichil
1087 2271 1201 2309 postea
1216 2268 1388 2299 invenitur
1402 2268 1437 2299 in
1454 2268 1526 2309 ipso
1538 2268 1693 2309 Registro

303 2313 345 2344 de
362 2313 502 2344 materia
517 2313 719 2353 supradicta.
767 2313 851 2352 Que,
867 2313 913 2344 sic
937 2323 996 2353 per
1019 2322 1080 2343 nos
1103 2314 1255 2343 scrutata.
1270 2314 1305 2342 et
1319 2311 1466 2351 inventa,
1484 2311 1691 2343 Excellencie

302 2360 411 2387 vestre
434 2356 535 2397 Regie
560 2367 619 2397 per
641 2356 701 2387 has
725 2356 853 2387 Literas
875 2359 1007 2387 nostras
1030 2358 1146 2387 nostro
1169 2355 1410 2387 innotescimus
1441 2355 1505 2386 sub
1528 2355 1690 2395 sigilla——

303 2400 413 2431 Dated
430 2405 466 2431 at
484 2399 672 2440 Faringdon
691 2399 839 2440 (Hants),
863 2401 884 2430 2
899 2399 975 2431 Jan.
994 2399 1127 2431 1371-2.

259 2452 391 2488 18.—A
413 2453 539 2484 similar
561 2453 698 2494 inquiry
721 2463 756 2484 as
779 2456 816 2484 to
840 2453 898 2484 the
923 2452 1059 2485 Church
1081 2452 1117 2483 of
1139 2452 1500 2483 SERVIOKs.—Tested
1523 2458 1560 2484 at
1584 2453 1690 2484 West-

303 2496 453 2535 minster,
472 2497 512 2528 20
529 2497 637 2536 Sept„
658 2496 954 2529 1371.—Execucio
970 2495 1401 2537 ejusdem—Comperimus
1417 2495 1508 2536 quod
1524 2496 1690 2527 Dominus

302 2540 474 2571 Johaunes
497 2540 538 2571 de
562 2540 799 2580 Graudissouo,
823 2540 847 2580 ij
873 2540 927 2571 die
950 2539 1084 2581 Aprilis,
1110 2539 1195 2571 A.D.
1220 2539 1279 2569 Mo.
1306 2537 1407 2571 0000
1431 2544 1524 2578 xxx0,
1549 2540 1688 2571 admisit

303 2584 472 2624 quendam
495 2583 684 2615 Johannem
701 2584 742 2614 de
766 2583 975 2624 Langedone,
999 2583 1166 2620 clericum,
1191 2583 1233 2613 ad
1257 2582 1437 2613 Ecclesiam
1463 2582 1689 2615 Parochialem

303 2626 345 2657 de
361 2626 546 2667 Shevyoke,
564 2637 622 2667 per
637 2630 780 2658 mortem
798 2627 949 2667 Magistri
969 2625 1114 2666 Philippi
1137 2625 1179 2656 de
1202 2625 1423 2666 Resyngdone
1440 2629 1623 2665 vacantem,
1647 2627 1691 2658 ad

304 2669 593 2702 Presentacionem
621 2670 758 2702 Domini
784 2670 936 2701 Nicholai
964 2670 1115 2709 Dauney,
1145 2668 1271 2708 Militis,
1299 2671 1334 2700 et
1360 2669 1472 2710 ipsum
1499 2669 1690 2702 Johannem

304 2713 478 2796 {tectorem
495 2713 647 2745 instituit
661 2714 696 2745 in
713 2714 829 2744 eadem
845 2724 854 2751 ;
877 2716 912 2744 et
928 2713 1031 2744 nichil
1047 2712 1189 2743 ulterius
1220 2735 1228 2743 .
1262 2735 1270 2744 .
1303 2735 1311 2743 .
1346 2712 1519 2753 potuimus
1542 2713 1692 2745 invenire

321 2766 412 2787 same
427 2757 531 2792 date).

153 2834 164 2854 ¹
189 2836 269 2867 'l'his
285 2837 314 2867 is
337 2840 397 2868 not
418 2837 513 2878 quite
535 2841 689 2869 accurate
707 2847 715 2876 ;
738 2837 767 2868 it
782 2838 810 2868 is
826 2837 891 2868 dis·
1004 2836 1099 2876 leghe
1121 2846 1235 2867 occurs
1257 2846 1293 2867 as
1316 2836 1355 2868 R.
1372 2846 1408 2867 as
1433 2837 1501 2868 late
1523 2847 1558 2868 as
1582 2838 1687 2878 Sept„

198 2879 322 2921 tinctly
345 2880 457 2911 stated
483 2880 563 2912 that
587 2881 647 2912 the
671 2881 821 2911 Benefice
837 2880 891 2911 be·
1004 2880 1087 2911 1338
1112 2878 1179 2918 (see
1196 2879 1319 2919 Bishop
1335 2879 1564 2912 Grandisson's
1579 2881 1689 2922 38913-

197 2933 290 2954 came
313 2926 435 2954 vacant
461 2923 506 2964 by
529 2924 589 2955 the
613 2923 830 2964 Resignation
855 2923 891 2954 of
1000 2927 1057 2962 ter,
1080 2923 1162 2954 Part
1178 2922 1223 2962 ΙΙ,
1240 2933 1271 2963 p.
1290 2922 1378 2963 889).

198 2966 324 2997 Master
340 2966 485 2999 Richard
503 2968 545 2998 de
563 2967 733 2999 Coletone.
779 2967 888 3008 Byne-
