1988 3256
345 339 441 384 350

342 452 418 479 AD.

342 486 418 514 1374.

341 520 406 548 Vol.
429 521 453 548 1.

337 625 354 633 s

339 2487 400 2513 Da·-

338 2528 414 2547 esm-

339 2562 407 2580 BER.

338 2587 392 2614 fol.
403 2586 445 2614 5⁷.

550 355 651 389 THE
687 356 929 392 REGISTER
966 358 1026 391 OF
1061 358 1243 392 BISHOP
1277 358 1684 394 BRANTYNGHAM.

499 459 583 498 tiris,
603 460 777 502 Glasneye‚
793 460 914 492 habuit
930 460 1049 492 mortis
1064 470 1124 492 sue
1139 463 1302 502 tempore,
1318 471 1360 492 ex
1375 461 1476 493 certis
1498 461 1606 493 causis
1626 461 1739 502 ipsum
1753 470 1889 493 moven-

498 503 602 541 tibus,
618 507 682 535 etc.
700 515 708 543 ;
731 515 870 541 necnon,
888 504 1086 545 hujusmodi
1108 504 1284 545 Sequestri
1301 504 1498 536 Custodiam
1520 505 1705 537 literatorie
1719 504 1892 537 commisit

499 546 662 587 Magistro
679 547 751 578 Ade
767 547 903 588 Sparke‚
921 548 1088 580 Canonico
1110 548 1144 579 in
1169 548 1315 579 Ecclesia
1337 548 1551 589 supradicta3
1574 558 1714 587 necnon,
1741 546 1892 580 Domino

498 590 661 630 Galfrido,
675 591 820 623 Sacriste
830 591 965 623 ibidem.
1012 591 1058 623 Et
1069 591 1198 623 habent
1214 591 1304 623 diem
1319 591 1362 623 ad
1378 592 1633 624 certificandum
1647 592 1730 633 quid
1744 591 1889 624 fecerint

496 634 531 665 in
560 634 621 665 hac
652 637 758 674 parte,
786 635 871 666 citra
901 634 1023 666 Namle
1051 635 1433 667 nomint—Commium
1458 646 1518 676 pro
1548 634 1888 667 Administracione—

498 678 674 715 Reqinaldi
692 678 936 717 Calle,—Item‚
953 678 1080 710 eisdem
1096 679 1150 709 die
1166 682 1202 710 et
1217 679 1298 717 loco,
1316 679 1482 710 Dominus
1498 679 1667 711 commisit
1681 681 1890 720 potestatem

497 721 660 762 Magistro
673 721 746 753 Ade
763 723 890 763 Sparke
904 722 1067 762 predicto,
1083 722 1126 753 ad
1138 723 1422 754 committendum
1435 722 1775 754 Administracionem
1786 722 1888 754 bono-

497 776 574 796 rum
600 765 736 796 Domini
760 766 935 806 Reginaldi
959 766 1050 797 Galle
1072 766 1267 806 supradicti,
1284 776 1350 806 que
1372 765 1493 797 habuit
1514 766 1634 798 mortis
1650 776 1710 797 sue
1725 768 1889 806 tempore,

498 809 660 849 Magistro
677 810 817 850 Symoni
835 809 1024 850 Wythielle,
1045 810 1226 841 Executori
1240 809 1273 841 in
1291 810 1510 841 'l'estamento
1532 809 1686 850 ejusdem
1702 809 1888 850 Reginaldi,

496 855 532 884 et
549 853 834 884 Coexecutoribus
849 853 927 884 suis.
977 853 1123 891 Proviso,
1143 857 1269 889 tamen,
1282 853 1374 893 quod
1386 854 1479 884 nulla
1493 853 1605 894 legata
1619 853 1753 885 solvant
1761 853 1890 894 absque

497 896 632 936 speciali
648 896 809 928 Mandato
825 896 971 934 Domini,
988 897 1022 927 in
1046 897 1107 928 hac
1130 900 1227 937 parte
1250 897 1358 937 petito
1380 907 1418 928 ac
1441 897 1545 928 eciam
1565 899 1716 938 optento,
1734 900 1838 938 prout
1853 896 1888 928 in

499 940 740 971 commissione
755 940 847 972 dicto
864 940 1025 981 Magistro
1041 941 1113 971 Ade
1129 941 1258 972 directa
1273 940 1405 981 plenius
1420 940 1626 972 continetur.

454 995 733 1034 Southmolton
753 1010 761 1043 ;
791 996 947 1033 Licence
967 1002 1004 1033 to
1027 996 1276 1042 celebrate,—

454 1049 553 1088 Item‚
584 1049 720 1088 ibidem,
754 1048 852 1081 xxvt⁰
881 1050 936 1081 die
966 1050 1089 1081 mensis
1119 1049 1313 1091 supradicti,
1346 1049 1512 1080 Dominus
1542 1049 1707 1081 concessit
1738 1048 1888 1081 Roberto

498 1092 634 1125 Hacche
649 1093 838 1125 Licenciam
853 1093 1008 1132 faciendi,
1024 1096 1103 1132 etc.,
1115 1094 1150 1125 in
1169 1093 1302 1134 Capella
1313 1093 1428 1125 Sancti
1441 1093 1584 1132 Andree,
1597 1093 1687 1124 infra
1699 1092 1888 1124 Manerium

495 1136 538 1168 de
561 1137 646 1168 Hele
668 1137 702 1168 in
724 1137 880 1168 Parochia
902 1137 945 1168 de
968 1137 1239 1176 Southmdtone,
1255 1137 1290 1168 in
1318 1137 1487 1177 presencia
1514 1147 1575 1168 sua
1598 1140 1635 1168 et
1664 1136 1776 1168 uxoris
1802 1146 1889 1176 sue;

495 1180 656 1221 quamdiu
675 1181 829 1219 Domino,
846 1184 909 1212 etc.

453 1234 720 1283 Southwark3
749 1236 830 1285 Poyo
858 1235 1063 1284 Hos-pituli
1095 1235 1234 1274 Sancti
1266 1235 1418 1279 Thome,
1450 1234 1647 1280 Martiris,
1677 1236 1721 1272 in
1752 1233 1889 1273 Soutlz-

505 1290 692 1335 werke*

454 1343 553 1383 Item,
571 1342 684 1385 xxvth
701 1343 755 1374 die
771 1343 894 1374 mensis
910 1343 1073 1385 ejusdem,
1090 1353 1179 1374 anno
1202 1345 1238 1374 et
1259 1343 1331 1374 loco
1349 1343 1519 1384 predictis,
1537 1343 1704 1374 Dominus
1725 1342 1890 1375 concessit

497 1387 751 1428 Indulgenciam
778 1387 1003 1427 quadraginta
1027 1387 1160 1418 dierum
1186 1387 1343 1418 omnibus
1367 1386 1513 1418 subditis
1539 1386 1618 1426 suis,
1644 1386 1888 1427 penitentibus,

497 1434 574 1469 etc.,
605 1431 664 1472 qui
694 1431 737 1462 ad
769 1431 945 1471 Hospitale
975 1430 1091 1463 Sancti
1121 1430 1259 1469 Thome,
1278 1430 1436 1469 Martiris,
1464 1430 1499 1462 in
1530 1430 1761 1468 Southwerke,
1787 1429 1889 1471 juxta

497 1475 696 1514 Londonias,
713 1474 842 1515 aliquid
858 1474 1054 1515 legaverint.
1073 1474 1283 1511 donaverint,
1302 1484 1362 1505 seu
1384 1473 1629 1514 assignaverint
1650 1473 1781 1505 intuitu
1805 1473 1886 1505 cari·

496 1518 586 1550 tatis.
637 1519 681 1550 Et
704 1518 876 1550 ‚Iohannes
898 1517 1045 1559 Wayfer,
1063 1518 1266 1550 Procurator
1287 1517 1485 1558 hujusmodi
1507 1517 1645 1558 negocii,
1666 1517 1796 1549 Literas
1817 1527 1887 1548 om·

496 1562 597 1593 nibus
620 1562 766 1593 subditis
788 1562 944 1600 directas,
970 1562 1035 1593 sub
1057 1561 1165 1602 sigillo
1190 1561 1337 1599 Domini,
1363 1571 1430 1592 una
1453 1571 1531 1592 cum
1551 1561 1769 1601 impressione
1794 1560 1888 1592 anuli

495 1606 558 1645 sui,
574 1606 740 1637 veraciter
754 1605 975 1646 consignatas,
993 1605 1137 1643 habuit3
1160 1615 1220 1646 per
1243 1615 1351 1636 unum
1373 1614 1501 1636 annum
1526 1603 1766 1636 tantummodo
1787 1603 1888 1636 durn-

494 1653 600 1682 tux-as.

452 1704 649 1742 Oratories
666 1717 676 1751 ;
705 1704 859 1742 Licence
878 1710 915 1740 to
935 1704 1181 1749 celebrate,—

454 1759 553 1797 Item,
570 1759 706 1797 ibidem,
724 1758 815 1799 xxvij
834 1758 888 1788 die
905 1758 1028 1789 mensis
1050 1758 1216 1799 ejusdem,
1240 1757 1407 1789 Dominus
1429 1757 1593 1788 concessit
1609 1756 1765 1788 Johanne
1780 1756 1888 1788 Asshe

496 1803 685 1833 Licenciam
701 1802 792 1843 quod
808 1802 926 1842 possit,
944 1806 1018 1840 etc,
1035 1801 1069 1832 in
1088 1800 1257 1842 presencia
1272 1811 1342 1840 sua,
1358 1801 1393 1832 in
1410 1800 1546 1841 Capella
1567 1800 1657 1832 infra
1679 1800 1888 1832 mansionem

496 1856 592 1877 suam
609 1846 643 1877 in
660 1845 820 1877 Parochia
836 1845 878 1876 de
894 1845 1087 1876 Tuvertone
1105 1855 1112 1884 ;
1128 1844 1292 1885 quamdiu
1310 1843 1454 1875 Domino
1470 1844 1642 1885 placuerit.

453 1889 552 1929 Item,
576 1890 668 1930 apud
691 1889 787 1928 Clist,
812 1889 1001 1929 penultimo
1024 1888 1079 1925 die
1102 1888 1225 1919 mensis
1247 1891 1283 1919 et
1305 1888 1386 1919 anni
1411 1887 1696 1928 supradictorum,
1719 1886 1887 1918 Dominus

496 1933 660 1964 concessit
684 1932 837 1963 Dominis
859 1931 1008 1963 «Iohanni
1034 1929 1257 1972 [Dagenelle],
1283 1931 1418 1963 Rectori
1444 1931 1589 1962 Ecclesie
1617 1929 1820 1962 parochialis
1843 1930 1886 1962 de

497 1977 583 2015 Ken,
600 1979 635 2008 et
659 1976 798 2014 Thome,
823 1975 922 2006 fratri
944 1986 1015 2014 suo,
1040 1975 1227 2006 Licenciam
1249 1974 1340 2015 quod
1367 1974 1498 2015 possint
1523 1974 1700 2011 celebrare,
1715 1976 1752 2006 et
1775 1973 1887 2006 facere

496 2020 620 2051 Divina
643 2019 812 2056 celebrari,
825 2019 860 2050 in
876 2018 1046 2059 presencia
1069 2018 1252 2049 eorundem
1275 2028 1334 2049 seu
1357 2028 1475 2049 eorum
1494 2017 1645 2058 alterius,
1661 2017 1751 2049 infra
1765 2017 1885 2050 Recto-

493 2063 578 2094 riam
593 2064 636 2094 de
653 2063 726 2094 Ken
744 2063 895 2103 predicta
912 2072 920 2101 ;
937 2062 1110 2103 quamdiu,
1130 2064 1195 2093 etc.

450 2117 681 2168 Confession
696 2131 707 2165 3
727 2118 791 2154 Ad
811 2117 1026 2164 dicendum
1047 2115 1372 2164 Consessorem,—

451 2172 550 2208 Item,
569 2172 694 2203 eisdem
718 2171 772 2202 die
795 2174 831 2202 et
853 2171 934 2210 1000,
952 2170 1118 2202 Dominus
1141 2170 1304 2201 concessit
1328 2169 1515 2201 Licenciam
1540 2168 1686 2201 Domino
1709 2167 1884 2210 Stephano

494 2216 536 2247 de
560 2216 790 2256 Cusyngtone‚
816 2214 929 2250 Militi,
959 2215 1062 2245 Exon.
1091 2213 1194 2252 Dioc.‚
1222 2213 1314 2254 quod
1340 2213 1446 2254 possit
1474 2213 1596 2254 eligere
1621 2212 1686 2244 sibi
1711 2212 1882 2253 ydoneum

496 2259 738 2297 Confessoeem,
753 2258 796 2289 ad
811 2257 1018 2289 audiendum
1031 2257 1136 2298 ipsius
1154 2256 1416 2295 Confessionem,
1434 2259 1470 2288 et
1485 2267 1546 2298 pro
1561 2255 1747 2287 commissis
1768 2255 1881 2297 injun-

493 2303 642 2344 gendum
657 2302 863 2343 penitencias
879 2301 1042 2332 salutares
1059 2311 1066 2338 ;
1083 2310 1221 2339 necnon,
1238 2300 1279 2331 ad
1295 2300 1537 2331 absolvendum
1551 2299 1695 2331 eundem
1711 2299 1754 2330 de

494 2346 539 2378 tis
561 2346 631 2377 suis
654 2355 713 2386 per
735 2345 847 2386 ipsum
870 2344 1055 2382 confessis3
1079 2344 1258 2375 violacione
1276 2342 1408 2384 jurium
1436 2343 1582 2375 Ecclesie
1608 2353 1676 2382 sue,
1705 2342 1883 2375 adulteriis

492 2392 529 2421 et
551 2389 748 2421 incestubus
770 2388 920 2427 notoriis,
944 2387 1128 2429 injeccione
1154 2397 1318 2418 manuum
1347 2387 1573 2419 violentarum
1599 2386 1633 2418 in
1663 2385 1818 2425 Clerim,
1844 2388 1882 2418 et

492 2433 671 2464 homicidio
689 2432 879 2464 voluntario
894 2432 1077 2463 dumtaxat
1092 2431 1242 2472 exceptis
1257 2441 1264 2469 ;
1280 2431 1454 2472 quamdiu,
1470 2434 1534 2462 etc.

448 2488 607 2539 Penryn
625 2501 635 2535 ;
654 2488 735 2525 I'ro
760 2487 920 2535 Capella
948 2486 1045 2525 Ville
1064 2487 1109 2523 de
1128 2486 1352 2534 Penryn‚—-

451 2543 550 2581 Item,
569 2542 661 2582 apud
678 2541 773 2581 Clist,
790 2540 937 2572 secundo
953 2540 1006 2571 die
1029 2540 1153 2571 mensis
1170 2538 1374 2578 Decembris,
1391 2539 1557 2570 Dominus
1579 2539 1742 2571 concessit
1765 2537 1880 2570 Licen-

492 2586 577 2617 ciam
593 2585 864 2616 inhabitantibus
878 2584 1004 2615 Villam
1026 2583 1069 2615 de
1093 2583 1237 2624 Penryn,
1255 2582 1346 2623 quod
1369 2583 1499 2624 possint
1521 2583 1630 2614 facere
1654 2581 1776 2614 Divina
1797 2581 1879 2613 cele-

491 2629 582 2660 brari
598 2629 632 2660 in
650 2628 819 2669 presencia
834 2637 952 2659 eorum
967 2637 1027 2658 seu
1042 2627 1192 2668 ipsorum
1206 2626 1361 2668 alicujus,
1377 2626 1550 2668 quamdiu,
1566 2629 1629 2657 etc.

447 2691 662 2742 Ottery-St.
685 2691 811 2740 Many,
834 2690 902 2728 the
922 2689 1138 2738 Collegiate
1158 2688 1318 2726 Church
1337 2689 1378 2726 of
1392 2702 1403 2736 ς
1432 2688 1744 2738 &quem-um,—

447 2748 546 2785 Item,
572 2745 710 2783 ibidem,
736 2743 853 2776 eodem
876 2743 941 2783 die,
965 2743 1132 2775 Dominus
1154 2742 1382 2783 sequestravit
1404 2743 1516 2774 omnia
1538 2742 1626 2774 bona
1649 2751 1715 2782 que
1737 2741 1880 2773 fuerunt

490 2789 626 2821 Domini
642 2787 801 2819 Willelmi
816 2787 932 2825 Toker,
950 2786 1095 2818 Sacriste
1117 2786 1201 2817 dum
1217 2785 1303 2817 vixit
1325 2785 1360 2817 in
1387 2785 1534 2817 Ecclesia
1556 2786 1679 2817 Sancte
1706 2784 1810 2816 Maris
1833 2783 1877 2825 de

491 2833 625 2871 Ottery,
648 2832 690 2862 de
717 2831 840 2872 quibus
867 2830 985 2862 testari
1014 2829 1152 2871 potuit;
1175 2829 1282 2870 cujus,
1307 2828 1456 2869 quidem,
1484 2828 1658 2870 Sequestri
1682 2827 1880 2860 Custodiam

489 2875 658 2907 commisit
683 2874 828 2905 Domino
850 2873 985 2905 Andree
1006 2873 1094 2912 [atte
1117 2872 1233 2911 More1,
1258 2872 1402 2904 Custodi
1426 2872 1503 2904 Loci
1525 2872 1688 2913 ejusdem,
1703 2880 1880 2913 quousque

489 2920 757 2955 Testamentum,
781 2918 808 2948 si
830 2917 921 2958 quod
944 2916 1059 2955 fuerit,
1075 2915 1238 2957 probetur
1259 2915 1294 2947 in
1318 2916 1426 2947 forma
1449 2915 1564 2948 debita
1586 2918 1622 2947 et
1644 2917 1814 2954 consueta,
1841 2916 1879 2946 et

487 2962 580 2994 aliud
596 2971 697 3003 super
712 2961 774 2993 hoc
790 2960 956 2999 habuerit,
971 2963 1035 2992 etc.
