1988 3256
491 402 781 442 REGISTRUM
816 404 1270 441 commum—Anno
1308 390 1374 440 7⁰.
1582 389 1678 438 379

138 512 215 540 Aa),
292 514 450 546 noverint
464 514 674 556 argumentis
688 514 821 546 vincere
842 524 911 546 non
933 513 1094 553 valentes,
1110 511 1254 551 eosdem,
1279 510 1514 551 multiplicatis
1535 509 1674 548 vicibus,

137 546 235 607 &3¹²¹
292 557 403 590 verbis
417 558 669 590 contumeliosis
683 568 722 589 ac
737 558 856 590 rixosis
873 557 940 600 [et]
954 558 1081 599 garulis
1096 556 1234 597 aggredi
1263 566 1329 586 non
1347 557 1569 596 postponunt,
1586 554 1675 595 ipsos

195 601 202 607 '
239 600 246 607 '
293 601 496 643 loquacitate
510 602 759 642 verborumque
773 601 878 642 copia,
893 611 986 633 more
1000 601 1156 640 femineo,
1172 610 1251 631 cum
1266 599 1330 630 sibi
1345 599 1458 630 desint
1468 599 1542 638 alia,
1559 609 1673 639 super·

289 650 395 685 antes,
426 649 468 677 ut
497 645 544 677 sic
573 645 730 686 discipuli
759 645 855 677 inscii
880 647 917 676 et
939 645 1057 686 ignari,
1083 643 1302 685 garulitatem
1332 642 1573 674 auctoritatem
1603 652 1674 673 esse

289 692 461 730 putantes,
477 699 533 720 eos
547 689 706 720 deserant
721 699 805 730 quos
821 689 931 720 verbis
946 689 993 720 sic
1015 687 1164 720 viderint
1186 686 1343 718 inanibus
1365 690 1551 727 superatos.
1593 686 1673 725 Nos,

292 732 407 773 igitur,
434 732 650 764 subditorum
678 735 873 764 nostrorum
894 732 1087 773 profectum
1110 731 1232 762 merito
1254 730 1464 767 affectantes,
1489 740 1592 770 quem
1615 740 1676 770 per

137 773 184 801 fol.
199 773 261 801 6⁷1³·
291 776 462 817 premissa,
478 777 655 808 retroactis
676 776 897 816 temporibus,
915 775 1132 816 multipharie
1154 774 1334 805 didicimus
1357 773 1523 814 impediri,
1546 773 1675 804 inhibe-

289 830 365 851 mus
380 820 581 858 distr-iccius,
599 820 663 851 sub
679 819 817 861 Majoris
827 818 1195 851 Excommunicacionis
1206 827 1302 858 pena,
1318 827 1361 848 ne
1376 817 1452 858 quis
1463 817 1574 849 Scolas
1588 821 1674 856 tuas,

288 866 330 895 ut
345 866 381 895 te
396 864 431 895 in
446 863 631 895 earundem
653 863 816 904 regimine
838 863 966 904 absque
988 873 1104 894 eorum
1127 861 1344 893 connivencia
1358 861 1401 892 ad
1417 871 1502 902 quos
1524 861 1674 902 ipsarum

288 907 439 948 pertinet-
455 907 608 944 Collacio,
625 907 789 947 impediat
803 917 862 938 seu
875 907 1064 947 perturbet,
1080 908 1143 937 aut
1159 905 1269 936 verbis
1281 904 1496 945 supervacuis
1512 905 1547 935 in
1563 905 1673 936 forma

288 951 473 992 prescripta
488 951 523 982 in
540 950 644 982 Scolis
659 950 785 982 eisdem
800 954 836 982 te
851 954 1001 991 occupet,
1019 952 1193 991 presumat
1214 948 1336 980 amodo
1358 948 1672 980 introire—Dated

286 998 324 1026 at
340 994 540 1035 Chudleigh‚
556 996 597 1026 28
615 994 720 1035 April.
1360 1009 1361 1013 =

133 1047 216 1110 ἔξω
242 1049 298 1088 St.
322 1049 531 1096 Crantock,
553 1049 622 1088 the
641 1049 857 1100 Collegiate
877 1049 1038 1087 Church
1063 1049 1104 1086 of
1115 1061 1126 1096 ;
1157 1048 1394 1086 Mandatum
1414 1061 1492 1096 pro
1519 1060 1674 1096 repara-

288 1103 392 1142 cione
409 1104 641 1152 campanilis
660 1103 823 1142 Ecclesia
844 1103 1054 1152 Colleqiate
1072 1102 1210 1141 Sancti
1231 1101 1442 1148 Garentoci,
1465 1108 1602 1147 etc,—

243 1157 398 1198 Thomas,
414 1160 488 1197 etc.,
507 1158 669 1198 Magistro
687 1158 757 1189 Ade
773 1157 910 1198 Sparke,
927 1157 1067 1190 Officiali
1083 1160 1198 1189 nostre
1216 1156 1396 1188 Peculiaris
1419 1156 1439 1188 J
1443 1155 1672 1187 urisdiccionis

286 1202 322 1233 in
354 1201 532 1239 Cornubia,
563 1205 600 1233 et
630 1201 764 1233 Decano
800 1204 916 1233 nostre
947 1201 1130 1241 Collegiate
1162 1200 1307 1232 Ecclesie
1337 1199 1453 1231 Sancti
1485 1199 1671 1238 Carentoci,

283 1245 440 1284 salutem,
456 1245 717 1284 etc—Dudum,
732 1245 909 1286 siquidem,
926 1255 1013 1284 cum,
1030 1244 1094 1276 sub
1116 1246 1262 1285 optentu
1278 1243 1491 1275 visitacionis
1508 1243 1674 1275 canonice

287 1289 385 1320 Clero
407 1291 443 1320 et
465 1289 589 1330 populo
615 1288 712 1320 nobis
741 1288 888 1320 subditis
915 1288 1134 1329 solempniter
1157 1287 1392 1328 impendende,
1419 1290 1521 1328 prout
1547 1287 1672 1319 nostris

285 1332 435 1364 humeris
456 1332 683 1371 incumbebat,
700 1336 851 1363 nostram
868 1332 1034 1363 Diocesim
1052 1334 1128 1372 post
1143 1331 1330 1362 adventum
1347 1334 1501 1362 nostrum
1518 1330 1671 1371 primari-

286 1386 345 1407 um
368 1379 596 1417 peragrantes,
619 1376 662 1407 ad
684 1376 866 1407 Ecclesiam
891 1375 1109 1416 Collegiatam
1135 1375 1331 1415 predictam,
1355 1385 1421 1415 que
1444 1374 1549 1406 eciam
1574 1375 1669 1406 Paro·

283 1419 400 1451 chialis
415 1430 486 1451 esse
500 1419 696 1458 dinuscitur,
712 1419 865 1460 ejusdem
882 1419 1028 1450 Ecclesie
1043 1419 1196 1450 utilitate
1218 1418 1407 1459 quinimmo
1422 1421 1458 1449 et
1472 1418 1672 1450 necessitate

283 1463 509 1503 poscentibus,
524 1463 811 1502 declinaverimus,
827 1463 870 1494 ad
885 1466 998 1494 erra-ta
1012 1462 1138 1494 ibidem
1154 1462 1286 1493 diucius
1301 1462 1335 1492 in
1345 1464 1476 1493 statum
1489 1462 1672 1502 pristinum

284 1506 399 1538 debite
421 1506 621 1544 reducenda,
636 1517 675 1537 ac
701 1506 735 1538 iu
751 1507 883 1537 duabus
898 1506 959 1537 alis
976 1506 1122 1537 Ecclesie
1138 1510 1332 1545 memorate,
1355 1508 1392 1537 et
1414 1505 1519 1546 ipsius
1541 1516 1672 1546 campa-

284 1550 345 1581 nili
360 1550 513 1591 ejusdem
530 1550 676 1581 Ecclesie
692 1550 802 1581 medio
814 1549 998 1589 collocato,'¹
1015 1549 1194 1580 nonnullos
1210 1549 1363 1580 defectus
1379 1549 1553 1588 notabiles,
1567 1550 1668 1581 refec-

227 1603 234 1610 ·
284 1593 378 1624 cione
398 1604 546 1634 congrua
566 1594 697 1625 notorie
719 1593 919 1634 indigentes-1,
935 1593 1062 1624 nedum
1084 1593 1331 1634 fidedignorum
1353 1593 1596 1624 assercionibus
1618 1596 1672 1624 set

284 1637 389 1668 eciam
418 1637 552 1669 oculata
577 1637 801 1678 comperimus
830 1637 878 1668 ibi
904 1636 994 1675 fide3
1028 1647 1175 1677 cumque
1201 1646 1245 1667 an
1268 1636 1312 1667 ad
1344 1636 1491 1667 Ecclesie
1521 1636 1670 1676 predicte

284 1680 469 1713 Canonicos
484 1681 536 1712 vel
552 1681 656 1721 ipsius
679 1681 896 1721 parochianos
910 1691 996 1712 onus
1018 1679 1239 1721 reparacionis
1255 1680 1453 1711 defectuum
1476 1678 1672 1720 hujusmodi

283 1724 730 1765 pertineret,—quibusdam
751 1724 795 1755 ad
818 1724 888 1763 hos,
906 1724 980 1755 aliis
1003 1728 1120 1755 autem
1142 1724 1186 1754 ad
1208 1723 1293 1763 illos,
1316 1733 1402 1754 onus
1423 1727 1576 1764 spectare
1598 1734 1670 1764 pre-

284 1768 414 1799 dictum
437 1767 831 1807 asserentibus—coram
854 1768 950 1799 nobis
976 1767 1011 1799 in
1035 1767 1180 1799 dubium
1206 1770 1290 1799 tunc
1316 1767 1477 1808 temporis
1503 1771 1669 1807 revocato,

285 1811 444 1843 Canonici
458 1815 494 1843 et
509 1811 701 1852 parochiani
717 1811 895 1852 prescripti
910 1814 1025 1842 nostre
1035 1811 1249 1843 Ordinacioni
1261 1821 1363 1851 super
1373 1810 1553 1851 premissis,
1564 1811 1669 1843 eciam

283 1854 470 1896 juramenti
492 1855 635 1895 vinculo,
654 1855 688 1886 in
711 1855 782 1886 alto
803 1865 839 1886 se
861 1855 1094 1886 submiserunt
1116 1855 1244 1895 pariter
1266 1857 1302 1886 et
1323 1854 1359 1885 in
1383 1854 1488 1893 basso,
1505 1859 1549 1894 et,
1566 1857 1670 1895 prout

283 1899 409 1930 nostris
434 1901 487 1930 est
513 1898 652 1930 auribus
674 1899 808 1931 noviter
830 1898 1040 1938 intimatum,
1068 1898 1247 1939 campanili
1270 1898 1431 1938 predicto,
1459 1898 1495 1929 in
1523 1898 1669 1930 Ecclesie

283 1942 434 1983 predicte
449 1942 599 1974 manenti
615 1942 760 1974 dedecus
774 1942 942 1981 irrefecto,
955 1942 1114 1974 Canonici
1130 1941 1262 1982 prefati,
1277 1944 1428 1973 nostram
1444 1941 1479 1973 in
1495 1941 1557 1973 hac
1573 1945 1670 1982 parte

283 1985 541 2018 Ordinaeionem
557 1986 710 2018 nolentes
724 1985 970 2026 subterfugere,
986 1985 1056 2017 alas
1070 1985 1226 2017 fecerunt
1248 1995 1395 2026 congrue
1413 1985 1667 2026 suprascriptas,

282 2032 465 2070 nostreque
480 2029 667 2061 voluntatis
681 2030 736 2069 sit,
752 2033 789 2061 et
811 2039 882 2061 esse
904 2029 1036 2067 debeat,
1053 2039 1138 2061 onus
1159 2029 1382 2070 reparacionis
1403 2028 1557 2070 ejusdem
1581 2040 1667 2060 cam·

281 2073 402 2114 panilis
417 2073 634 2114 parochianos
650 2073 827 2113 predictos,
843 2073 971 2114 absque
985 2073 1072 2114 juris
1086 2073 1140 2104 sui
1155 2083 1214 2104 seu
1237 2072 1466 2104 immunitatis
1481 2072 1666 2113 dispendio,

281 2116 310 2147 si
324 2116 425 2158 quod,
448 2127 507 2148 seu
531 2127 607 2158 que,
631 2117 678 2148 eis
700 2116 872 2148 videbitur
893 2120 1093 2157 competere,
1117 2126 1294 2156 agnoscere
1316 2116 1378 2147 hac
1400 2116 1481 2155 vice,
1504 2121 1540 2147 et
1562 2116 1668 2148 eciam

282 2163 482 2201 supportare
497 2170 505 2198 ;
527 2160 681 2201 quocirca
696 2160 799 2199 vobis,
816 2160 1025 2201 conjunctim
1042 2163 1078 2191 et
1093 2159 1236 2199 divisim,
1253 2159 1500 2191 committimus
1522 2163 1558 2191 et
1575 2170 1666 2191 man-

281 2203 402 2235 damus
423 2203 585 2244 quatinus
607 2203 824 2245 parochianos
845 2203 1004 2244 prefatos,
1028 2204 1201 2235 universos
1223 2207 1259 2235 et
1281 2203 1439 2244 singulos,
1463 2203 1667 2235 auctoritate

280 2252 397 2278 nostra
412 2247 577 2279 moneatis
592 2253 628 2279 et
642 2247 819 2279 efficaciter
833 2247 1002 2278 inducatis
1017 2247 1179 2288 quatinus
1190 2246 1234 2278 ad
1250 2246 1468 2278 refeccionem
1483 2257 1667 2288 congruam

280 2290 405 2331 prefati
426 2291 621 2331 campanilis
642 2291 819 2322 conferant
841 2293 877 2322 et
898 2290 1128 2329 contribuant,
1151 2301 1188 2322 ac
1211 2300 1297 2322 onus
1319 2290 1552 2331 supradictum
1576 2301 1667 2322 nunc

279 2334 433 2373 subeant,
446 2337 614 2374 quatenus
629 2334 812 2366 eorundem
825 2337 1016 2375 suppetunt
1028 2334 1208 2365 facultates
1221 2345 1228 2372 ;
1243 2344 1383 2373 necnon,
1393 2334 1434 2364 ad
1448 2334 1668 2366 refeccionem

279 2376 477 2418 hujusmodi
505 2381 756 2419 competentem
781 2381 818 2410 et
847 2388 1026 2418 congruam
1058 2377 1147 2409 infra
1173 2377 1313 2408 Festum
1341 2378 1465 2409 Sancte
1488 2377 1666 2409 Trinitatis

281 2420 434 2461 proximo
447 2421 516 2462 jam
533 2421 702 2460 futurum,
718 2421 894 2453 materiam
910 2421 1128 2452 necessariam
1145 2431 1204 2452 seu
1221 2421 1350 2460 utilem,
1367 2431 1409 2452 ex
1423 2421 1563 2452 collecta
1577 2432 1666 2453 com-

280 2464 386 2503 muni,
405 2465 455 2496 ita
468 2465 560 2506 quod
575 2464 659 2496 dicti
674 2464 801 2496 fabrica
818 2464 1013 2505 campanilis
1028 2465 1114 2496 citra
1130 2465 1270 2496 Festum
1287 2464 1448 2496 Omnium
1465 2465 1667 2496 Sanctorum

280 2517 320 2538 ex
337 2518 428 2539 nunc
444 2508 595 2548 proximo
609 2511 806 2540 secuturum
819 2508 1046 2540 consummari
1061 2508 1180 2545 valeat,
1193 2507 1334 2539 sollicite
1346 2508 1472 2539 faciant
1484 2508 1665 2549 preparari.

280 2550 379 2589 Quod
394 2551 423 2582 si
438 2551 683 2583 Monicionibus
704 2555 741 2583 et
763 2551 1024 2587 Induccionibus
1046 2551 1168 2583 vestris
1190 2551 1388 2592 hujusmodi
1403 2551 1597 2583 nullatenus
1613 2562 1664 2583 ac-

279 2594 470 2635 quieverint
499 2595 588 2627 infra
614 2595 753 2627 Festum
783 2595 906 2627 Sancte
932 2595 1110 2626 Trinitatis
1134 2597 1363 2635 prenotatum,
1391 2595 1504 2627 citetis
1530 2595 1664 2627 eosdem

278 2638 504 2678 peremptorie
519 2638 610 2679 quod
624 2641 841 2679 compareant
855 2649 967 2670 coram
983 2638 1089 2676 nobis,
1105 2638 1159 2669 vel
1174 2642 1288 2669 nostro
1300 2638 1536 2670 Commissario
1552 2639 1585 2670 in
1602 2638 1664 2670 hac

126 2716 136 2736 ¹
160 2717 242 2749 This
264 2720 362 2754 mostr
376 2717 577 2759 interesting
599 2718 734 2750 Church
757 2718 786 2750 is
800 2723 884 2750 'now
949 2718 1055 2759 ently,
1071 2719 1274 2759 attempted,
1293 2718 1347 2750 for
1369 2718 1398 2750 it
1420 2718 1480 2750 has
1496 2719 1580 2750 been
1599 2719 1664 2751 dis-

169 2761 283 2800 (1901)
299 2761 334 2792 in
356 2771 474 2792 course
495 2761 531 2792 of
550 2762 753 2793 restoration
777 2762 886 2793 under
950 2762 1100 2801 covered,
1116 2762 1151 2793 in
1167 2761 1227 2792 the
1249 2772 1366 2793 course
1388 2762 1423 2793 of
1445 2762 1506 2794 the
1520 2767 1663 2794 restora-

168 2803 230 2835 the
243 2808 438 2844 competent
453 2805 754 2846 superintendence
769 2806 805 2836 of
819 2805 881 2837 Mr.
950 2805 1031 2845 tion,
1049 2805 1126 2837 that
1141 2805 1257 2836 arches
1272 2815 1358 2836 were
1373 2805 1463 2838 built
1485 2816 1532 2846 up
1554 2806 1664 2838 under

169 2847 331 2879 Edmund
343 2847 546 2889 Sedding‚of
557 2848 750 2889 Plymouth.
774 2848 883 2880 There
948 2848 1009 2880 the
1035 2848 1173 2889 original
1199 2848 1314 2880 arches
1344 2848 1453 2880 which
1477 2849 1678 2890 supported-

168 2890 196 2922 is
211 2901 231 2922 a
243 2893 349 2922 tower
358 2893 396 2922 at
407 2890 467 2923 the
479 2891 643 2923 west-end
654 2892 691 2923 of
701 2892 762 2923 the
774 2892 882 2930 Nave3
948 2892 1008 2923 the
1045 2895 1159 2923 tower.
1223 2891 1330 2923 These
1359 2892 1500 2933 original
1535 2893 1662 2932 arches,

166 2933 232 2966 but
247 2933 308 2965 the
321 2935 443 2965 central
457 2934 662 2974 tower‚here
673 2935 823 2967 referred
836 2938 881 2974 to,
949 2934 1057 2966 which
1083 2934 1155 2967 still
1181 2935 1319 2974 remain,
1343 2945 1400 2967 are
1426 2935 1462 2967 of
1491 2935 1551 2967 the
1579 2936 1661 2968 thir-

167 2977 387 3018 disappeared
416 2976 495 3018 long
523 2987 596 3018 ago·
654 2978 727 3010 The
755 2978 883 3020 repairs
948 2978 1068 3010 teenth
1086 2981 1238 3020 century.

168 3020 310 3053 ordered
334 3020 380 3062 by
407 3020 467 3053 the
492 3021 617 3063 Bishop
642 3031 737 3062 were,
763 3032 882 3064 appar·
