1988 3256
180 451 258 478 ΔΛ).

180 484 256 512 1379.

496 348 786 387 REGISTRUM
822 351 1275 387 COMMuNs—ANNO
1316 343 1412 387 10⁰.
1634 342 1729 386 395

331 455 404 488 sive
421 455 591 490 Oratoriis
607 457 844 491 Maneriorum
860 458 1048 492 eorundem
1063 458 1105 491 de
1122 456 1261 502 Tyhidy
1278 461 1314 490 et
1329 457 1371 490 de
1390 456 1579 490 Oai-umbre
1597 455 1728 498 [Carn-

176 518 243 546 Vol.
258 519 283 546 1.
332 498 448 539 brea];
475 500 642 542 quamdiu
661 501 811 534 Domino
831 501 1002 544 placuerit
1022 502 1236 534 duraturam.

287 542 388 585 Item,
413 542 551 584 ibidem,
576 543 768 586 penultimo
790 545 855 586 die,
880 545 1050 578 Dominus
1073 545 1242 577 concessit
1262 544 1459 576 Licenciam
1480 543 1616 586 Rogero
1639 543 1732 575 Ken-

331 591 451 629 tynge,
473 587 514 619 de
532 587 703 621 Parochia
723 588 764 621 de
784 588 964 621 Pensande
983 589 1049 630 [St.
1071 589 1115 621 M
1116 588 1246 627 adron,
1267 588 1309 620 in
1328 587 1441 620 which
1461 588 1641 620 Penzancc
1661 597 1733 619 was

328 630 507 672 situated]‚
528 631 566 663 in
583 630 770 672 Cornubia‚
792 631 884 674 quod
902 633 1014 674 possit
1031 631 1145 664 facere
1164 630 1329 663 celebrari
1349 630 1490 670 Divina,
1511 641 1574 672 per
1593 629 1727 661 Presbi-

329 678 423 708 teros
440 674 604 718 ydoneos,
624 675 662 707 in
680 675 823 718 Capella
840 675 948 709 Beate
967 675 1078 708 Marie
1098 675 1141 708 de
1159 674 1339 708 Pensande
1358 674 1536 718 predicta3
1563 673 1730 717 quamdiu

329 717 480 751 Domino
495 717 667 760 placuerit
683 718 898 752 duraturam.
945 718 1140 760 [Penzance
1159 717 1222 760 (St.
1243 717 1387 760 Mary’s)
1406 717 1469 751 has
1485 717 1571 750 been
1588 717 1730 750 severed

329 761 420 794 from
434 761 486 795 St.
503 760 664 803 Madron,
681 762 751 795 and
765 762 807 802 is,
824 772 913 802 now,
932 772 953 795 a
967 765 1126 805 separate
1140 761 1328 803 Benefice.]

177 830 253 891 (ἄοι-
289 833 468 884 Against
487 832 644 871 Robert
662 832 713 871 de
732 832 903 879 Geniave,
924 832 995 872 the
1014 833 1292 884 Antipope‚-

176 898 228 925 tol.

178 931 254 963 2711.)

288 886 450 928 Thomas,
469 890 551 928 etc.,
572 886 712 920 Decano
730 890 848 920 nostre
867 886 1085 920 Cathedralis
1104 887 1270 928 Ecclesie,
1290 886 1357 928 vel,
1378 887 1454 929 ipso
1474 884 1627 926 absente,
1649 885 1731 918 Pre-

331 930 459 964 sidenti
473 930 627 973 Capituli
641 930 797 972 ejusdem
811 929 975 970 Ecclesie,
993 940 1033 963 ac
1048 929 1197 963 Officiali
1211 933 1331 963 nostro
1346 929 1548 972 Principali‚
1566 940 1638 969 seu,
1655 930 1731 971 ipso

333 974 487 1014 absente,
506 973 701 1007 Presidenti
715 974 827 1006 nostri
843 973 1048 1007 Consistorii
1065 973 1281 1014 Exoniensis,
1302 973 1462 1014 salutem,
1481 974 1731 1006 etc.—Literas

330 1018 474 1051 Domini
489 1016 657 1051 willelmi
673 1016 731 1059 [de
748 1016 973 1059 courtenayJ,
993 1016 1061 1049 Dei
1078 1017 1196 1059 gracia
1212 1016 1463 1049 Londoniensis
1481 1016 1658 1058 Episcopi,
1680 1027 1730 1049 re-

329 1061 483 1104 cepimus
500 1061 536 1093 in
552 1059 616 1093 hec
633 1059 1011 1100 verba,—Venerabili,
1032 1063 1113 1100 etc„
1134 1060 1270 1093 Literas
1289 1060 1439 1093 Simonis
1458 1059 1515 1101 [de
1535 1059 1725 1102 Sudbuny,

331 1105 397 1138 Dei
415 1105 535 1148 gracia
549 1103 812 1137 Cantuariensis
829 1103 1104 1146 Archiepiscopi,
1125 1107 1207 1145 etc.,
1228 1104 1432 1146 recepimus,
1454 1103 1546 1136 hunc
1565 1103 1732 1137 habentes

329 1148 672 1188 tenorem—simon,
694 1147 946 1180 etc.—Literas
965 1148 1182 1181 Sanctissimi
1201 1149 1237 1180 in
1257 1148 1397 1180 Christo
1418 1148 1535 1180 Patris
1555 1159 1596 1180 ac
1614 1148 1731 1180 Domi-

329 1194 363 1224 ni
384 1193 506 1232 nostri,
530 1193 670 1224 Domini
691 1191 838 1233 Urbani,
861 1192 990 1224 Divina
1011 1191 1241 1224 Providencia
1259 1191 1355 1234 Pape
1374 1191 1466 1232 VIti,
1490 1202 1569 1223 cum
1591 1191 1734 1224 cordula

333 1236 474 1278 canapis
488 1236 598 1278 ipsius
612 1245 696 1267 vera
710 1234 814 1267 Bulla
828 1234 991 1277 plumbea
1004 1245 1100 1267 more
1115 1234 1271 1267 Romane
1286 1234 1390 1267 Curie
1405 1234 1568 1273 bullatas,
1583 1245 1684 1267 sanas
1695 1238 1731 1267 et

332 1279 498 1321 integras,
516 1288 629 1320 nuper
643 1278 847 1320 recepimus,
866 1281 1024 1310 tenorem
1040 1278 1100 1319 qui
1118 1278 1277 1320 sequitur
1292 1278 1732 1317 continentes,—Urbanus

330 1321 537 1364 Episcopus,
565 1325 646 1362 etc„
672 1320 939 1355 Venerabilibus
965 1320 1161 1361 Fratribus,
1189 1320 1462 1363 Archiepiscopo
1488 1321 1730 1355 Cantuariensi

331 1366 474 1408 ejusque
489 1365 724 1407 Suffraganeis
738 1364 896 1404 salutem,
913 1367 978 1398 etc.
1029 1364 1152 1406 Nuper
1166 1375 1244 1397 cum
1258 1365 1371 1398 Vinea
1385 1365 1525 1398 Domini
1541 1365 1725 1407 Sabaothe‚

333 1410 462 1442 Sancta
480 1408 642 1441 videlicet
661 1408 820 1441 Romana
837 1407 1004 1449 Ecclesia,
1027 1413 1185 1441 ventrem
1205 1419 1306 1440 suum
1327 1408 1458 1441 doleret
1479 1413 1514 1442 et
1534 1410 1730 1442 amaritatis

331 1450 522 1485 visceribus
539 1452 661 1494 gravia
677 1452 835 1484 emittere
852 1451 1004 1494 suspiria
1019 1453 1211 1493 cogeretur,
1231 1461 1275 1483 ex
1290 1461 1329 1483 eo
1347 1452 1431 1492 quia.
1446 1451 1536 1485 filios
1552 1453 1643 1485 uteri
1662 1452 1727 1491 sui,

332 1506 419 1538 quos
434 1497 650 1529 enutriverat
665 1498 711 1535 et,
730 1495 772 1527 de
786 1495 913 1527 infimis
929 1495 1076 1537 erigens,
1095 1495 1140 1528 ad
1156 1495 1307 1528 culmina
1321 1495 1532 1537 dignitatum
1548 1496 1731 1537 extulerat,

331 1538 494 1572 videlicet
516 1539 714 1581 iniquitatis
736 1542 772 1571 et
793 1538 1000 1581 perdicionis
1024 1537 1217 1580 alumpnos,
1244 1537 1448 1579 Robertum,
1475 1538 1557 1571 olim
1582 1538 1730 1570 Basilice

331 1582 512 1615 duodecim
540 1581 799 1625 Apostolorum,
830 1581 1024 1623 vulgariter
1053 1582 1186 1614 dictum
1216 1581 1487 1622 Gebennensem‚
1518 1582 1543 1614 J
1545 1581 1725 1621 ohannem,

332 1625 415 1658 olim
435 1626 544 1659 Tituli
566 1626 773 1659 Sanctorum
795 1625 868 1667 (sic)
891 1624 1060 1666 Marcelli,
1083 1625 1277 1668 vulgariter
1298 1625 1432 1657 dictum
1452 1624 1730 1664 Ambianensem,

327 1669 527 1711 Geraldum,
547 1669 630 1702 olim
646 1669 753 1702 Tituli
773 1670 891 1703 Sancti
909 1668 1108 1710 Clementis,
1126 1668 1321 1711 vulgariter
1338 1669 1470 1701 dictum
1489 1669 1638 1711 Majoris
1655 1669 1730 1701 Mo-

330 1713 485 1755 nasterii,
506 1712 732 1753 Presbiteros,
753 1716 788 1745 et
804 1712 962 1753 Petrum,
981 1712 1063 1745 olim
1081 1713 1201 1746 Sancti
1218 1712 1400 1745 Eustachii
1419 1713 1625 1753 Diaconum,
1647 1712 1727 1745 Car-

328 1755 472 1797 dinales,
491 1755 726 1798 conspiciebat
741 1755 870 1788 Matris
886 1755 994 1788 ubera
1010 1766 1172 1798 spernere
1187 1759 1223 1788 et
1239 1766 1259 1788 a
1275 1755 1495 1789 rectitudinis
1511 1756 1653 1788 tramite
1670 1755 1726 1788 de-

326 1800 434 1841 viare,
457 1810 527 1832 non
549 1799 660 1832 solum
679 1799 774 1842 leges
795 1803 831 1832 et
852 1800 985 1832 monita
1006 1802 1165 1832 materna
1186 1799 1360 1841 despicere
1382 1803 1435 1831 set
1458 1810 1575 1832 eorum
1598 1799 1726 1831 Matris

328 1846 477 1884 uterum,
499 1846 668 1885 quantum
685 1843 722 1874 in
740 1843 789 1875 eis
808 1846 895 1884 erat,
914 1842 1081 1884 viperinis
1099 1841 1281 1875 conatibus
1298 1841 1451 1880 1011101ος
1478 1846 1514 1875 et
1531 1843 1624 1884 quod
1644 1843 1723 1885 ipsi,

324 1886 568 1920 inconsutilem
586 1886 728 1919 Domini
746 1887 902 1919 tunicam
921 1885 1077 1918 scindere
1096 1889 1304 1927 satagentes,
1328 1885 1568 1919 scandalorum
1588 1890 1624 1919 et
1643 1887 1723 1919 scis-

173 1929 237 1962 [tol.
252 1929 308 1960 28.]
328 1934 462 1963 matum
482 1930 666 1963 seminaria
684 1928 930 1974 preparabant,
953 1939 1004 1970 ac,
1027 1928 1118 1961 fame
1139 1939 1200 1961 sue
1220 1929 1357 1971 prodigi
1379 1932 1416 1962 et
1434 1928 1574 1962 honoris
1594 1930 1727 1972 proprii

329 1978 565 2016 persecutores
586 1974 711 2014 effecti,
733 1984 802 2006 non
821 1971 960 2006 tantum
982 1973 1112 2014 seipsos
1132 1972 1278 2006 nexibus
1299 1976 1520 2014 peccatorum
1541 1974 1728 2014 involvere,

325 2022 388 2059 set,
409 2018 445 2050 in
462 2015 648 2059 reprobum
666 2028 804 2050 sensum
822 2017 908 2058 dati,
928 2016 1014 2050 alios
1032 2027 1149 2050 secum
1166 2017 1211 2049 ad
1228 2017 1453 2059 participium
1470 2016 1608 2049 trahere
1627 2028 1725 2049 cona-

327 2060 476 2100 bantur3
500 2071 573 2102 nos,
593 2061 652 2103 qui
668 2061 799 2093 Divina
814 2060 1019 2102 disponente
1035 2059 1220 2093 clemencia
1236 2060 1391 2102 predicte
1408 2061 1519 2094 Vinee
1536 2060 1724 2094 solicitudi-

329 2114 407 2136 nem
430 2107 465 2136 et
488 2114 605 2136 curam
628 2102 843 2146 gerebamus,
868 2107 974 2146 prout
995 2103 1158 2146 gerimus,
1183 2103 1350 2137 adversus
1371 2103 1572 2145 hujusmodi
1595 2107 1725 2145 preter-

324 2147 519 2190 gredientes
536 2146 697 2180 veritatis
715 2149 752 2179 et
767 2150 863 2179 recte
878 2146 959 2179 fidei
978 2147 1138 2179 semitam
1156 2150 1193 2179 et
1210 2147 1524 2188 prevaricacionem
1543 2147 1721 2186 addentes,

328 2201 407 2223 cum
422 2189 566 2223 eandem
579 2189 728 2222 Vineam
744 2189 901 2223 demoliri
914 2189 1081 2232 valerent,
1099 2191 1135 2222 in
1150 2191 1284 2223 virtute
1298 2190 1483 2230 Altissimi,
1501 2190 1544 2224 de
1559 2191 1725 2223 Fratrum

325 2236 524 2266 nostrorum
536 2232 689 2272 consilio,
705 2233 918 2265 decrevimus
931 2232 1178 2274 exurgendum,
1192 2236 1228 2265 et
1239 2236 1359 2265 contra
1370 2233 1475 2275 ipsos,
1489 2237 1525 2266 et
1535 2233 1719 2266 nonnullos

325 2276 411 2310 alios
433 2276 482 2310 eis
505 2275 710 2310 adherentes
733 2279 770 2309 et
790 2276 949 2310 faventes
972 2277 1117 2310 inferius
1140 2277 1347 2317 nominatos,
1375 2287 1437 2318 per
1460 2277 1724 2318 infrascriptum

325 2319 478 2362 modum,
497 2319 672 2352 mediante
688 2319 841 2361 iusticia,
863 2319 1027 2353 duximus
1044 2319 1320 2362 procedendum;
1348 2319 1529 2362 siquidem,
1552 2331 1630 2352 cum
1648 2330 1723 2362 pre-

327 2362 411 2396 dicti
428 2373 577 2406 nequam
592 2363 672 2403 viri,
690 2363 882 2396 nescientes
898 2363 935 2395 in
953 2363 1085 2396 semitis
1101 2363 1241 2405 justicie
1258 2363 1407 2406 dirigere
1423 2373 1561 2405 gressus
1579 2374 1669 2403 suos,
1689 2367 1724 2396 et

326 2407 487 2439 timorem
507 2406 574 2439 Dei
618 2416 655 2439 re
675 2405 784 2439 oculis
804 2417 874 2439 non
893 2404 1072 2447 habentes,
1095 2410 1218 2439 contra
1235 2417 1299 2439 nos
1319 2407 1606 2448 conspiraciones,
1630 2407 1722 2439 colli-

327 2450 499 2492 gaciones,
515 2416 695 2482 machinae
695 2450 791 2482 iones
806 2449 960 2482 diversas
977 2449 1102 2489 facere,
1122 2453 1159 2482 et
1173 2450 1210 2482 in
1226 2449 1383 2482 Ecclesia
1399 2450 1466 2483 Dei
1482 2450 1607 2482 scisma
1623 2454 1659 2483 et
1675 2451 1724 2483 di-

324 2494 492 2526 visionem
513 2503 649 2535 ponere,
674 2503 714 2526 ac
735 2492 923 2526 Civitatem
945 2496 1100 2526 nostram
1121 2492 1342 2536 Anagninam
1363 2497 1400 2526 et
1422 2493 1585 2527 Castrum
1607 2494 1727 2527 Sancti

328 2536 454 2579 Angeli
467 2536 510 2569 de
523 2535 632 2576 Urbe,
648 2539 684 2569 et
696 2535 862 2569 nonnulla
874 2535 944 2568 alia.
957 2539 1081 2575 castra,
1098 2539 1222 2576 terras,
1239 2540 1275 2569 et
1288 2536 1374 2578 loca,
1391 2536 1491 2570 nobis
1505 2541 1540 2570 et
1553 2538 1646 2570 dicte
1660 2537 1723 2570 Ec-

329 2579 430 2612 clesie
445 2578 615 2621 subjecta,
633 2589 802 2621 occupare
815 2582 852 2612 et
865 2580 1028 2622 occupari
1043 2579 1167 2620 facere,
1186 2590 1246 2614 seu
1261 2579 1322 2612 illa
1335 2579 1587 2622 occupantibus
1604 2580 1724 2613 auxili-

285 2634 295 2644 ·
328 2633 387 2654 um
398 2621 483 2663 [vel]
495 2622 675 2655 consilium
690 2620 832 2664 prebere
846 2622 1139 2664 presumpsissent
1153 2633 1192 2655 ac
1207 2627 1445 2664 presumerent
1458 2627 1510 2662 ;et
1521 2624 1672 2666 insuper,
1686 2628 1727 2656 ut

329 2665 460 2698 dictam
476 2664 665 2698 Civitatem
680 2669 716 2698 et
731 2664 816 2698 alias
831 2669 943 2698 terras
959 2665 1143 2698 Provincie
1153 2669 1269 2699 nostre
1281 2665 1470 2709 Campanie
1480 2666 1615 2700 facilius
1627 2678 1725 2700 occu-

327 2717 410 2750 pare
424 2711 459 2740 et
472 2711 643 2750 occupata
657 2708 820 2748 detinere,
838 2719 878 2741 00
892 2708 978 2741 alios
989 2708 1033 2741 ad
1045 2709 1330 2742 consenciendum
1342 2719 1460 2742 eorum
1471 2709 1598 2751 iniquis
1609 2710 1728 2743 volun-

328 2749 461 2783 tatibus
482 2753 518 2783 et
536 2749 698 2793 operibus
717 2750 889 2784 violenter
908 2750 1084 2784 attrahere
1106 2756 1259 2793 possent,
1282 2763 1443 2795 magnam
1464 2754 1724 2788 multitudinem

328 2794 487 2870 gencium
501 2794 760 2835 armigeramm,
778 2803 844 2836 que
859 2794 1021 2827 Britones
1036 2798 1072 2828 et
1086 2795 1262 2828 Vascones
1277 2801 1534 2838 nuncupantur,
1554 2797 1598 2830 ad
1613 2798 1725 2830 dictas

359 2837 518 2870 ivitatem
541 2840 578 2869 et
598 2837 818 2870 Provinciam
840 2838 958 2870 venire
981 2837 1154 2878 fecissent,
1182 2842 1218 2871 et
1239 2839 1361 2873 exinde
1385 2841 1590 2883 quamplura
1614 2841 1722 2873 homi-

329 2879 430 2920 cidia,
450 2879 640 2922 sacrilegia,
660 2881 791 2923 rapine,
811 2879 1108 2923 depopulaciones,
1129 2885 1164 2914 et
1182 2881 1251 2914 alia
1266 2882 1359 2915 mala
1375 2893 1415 2916 ac
1433 2883 1584 2926 dampna
1601 2888 1636 2918 et
1648 2885 1723 2917 'sce-

329 2922 402 2956 lera
414 2922 560 2956 fuissent
574 2926 714 2964 secuta;
735 2934 808 2964 noe,
826 2924 886 2967 qui
899 2923 1046 2958 salutem
1062 2924 1259 2960 zelabamur
1271 2925 1420 2967 illorum,
1437 2931 1616 2970 sperantes
1630 2928 1724 2970 ipsos
