1988 3256
336 347 431 394 570
547 359 660 391 THE?
683 359 927 393 REGISTER
962 359 1021 392 01⁴*
1062 359 1243 393 BISHOP
1279 359 1684 396 BRANTYNGHAM.

333 464 409 490 AD·
492 467 707 498 Parochialis
729 467 771 498 de
792 467 971 505 Heanoke,
989 468 1026 498 in
1048 467 1309 499 Presbiteratus
1329 466 1459 498 Ordine
1484 467 1620 499 notorie
1642 468 1886 508 constitutum,

332 499 441 558 5³:351.
490 514 675 552 vestesque
692 514 728 542 et
744 514 927 542 tonsuram
945 512 1123 543 clericales
1145 511 1284 552 publice
1308 511 1537 550 deferentem,
1562 512 1599 542 in
1622 522 1746 544 manso
1763 522 1826 546 suo
1842 513 1889 545 ad

490 555 669 586 Vicariam
694 566 795 587 suam
818 557 1029 596 pertinente,
1055 557 1092 587 in
1118 555 1324 587 Sanctuario
1355 556 1447 587 dicte
1472 556 1627 587 Ecclesie
1651 557 1694 588 de
1718 556 1888 588 Heanoke

491 600 632 639 situato,
650 600 872 639 existentem,
888 601 1019 641 absque
1043 611 1150 632 causa
1170 600 1372 631 racionabili
1399 610 1460 631 seu
1482 600 1642 640 legitima
1657 611 1886 642 quacumque,

490 644 527 674 in
544 654 627 675 casu
644 655 665 675 a
680 645 758 685 jure
774 655 844 676 non
860 645 1042 685 permisso,
1058 645 1125 676 hoc
1148 645 1297 676 instanti
1313 644 1540 675 celeberrimo
1555 647 1714 693 tempore
1731 645 1886 685 Quadra-

493 689 664 728 gesimali,
682 689 798 720 emulo
822 692 937 720 satore
962 689 1119 720 zizannie
1142 691 1364 730 procurante,
1381 699 1507 720 manus
1531 689 1729 730 injecerunt
1751 692 1887 722 temere

490 733 674 771 violentas,
691 734 875 774 ipsumque
896 734 1138 772 vulnerarunt,
1155 736 1191 764 et
1215 733 1369 771 tandem,
1387 743 1476 764 ausu
1499 734 1688 765 temerario
1710 736 1747 764 et
1766 736 1886 766 mente

491 778 672 817 sacrilega,
698 778 941 809 inhumaniter
967 778 1179 809 occiderunt.
1228 778 1331 809 Unde
1359 777 1505 808 dubium
1532 787 1603 811 non
1629 778 1750 809 existit
1776 778 1883 810 male-

490 821 644 853 factores
660 823 846 862 predictos,
864 833 985 853 omnes
1001 825 1037 853 et
1059 822 1225 862 singulos,
1241 832 1322 852 cum
1344 822 1416 853 suis
1438 822 1629 860 autoribus,
1646 822 1884 863 complicibus,

491 866 709 905 consiliariis,
726 869 762 897 et
777 866 977 897 fautoribus
993 867 1029 897 in
1054 867 1120 898 hac
1143 869 1244 907 parte
1259 866 1545 907 quibuscumque,
1557 876 1603 900 ac
1618 867 1791 907 premissa
1805 868 1885 904 mta

490 910 712 950 habentibus,
727 911 950 942 Sentenciam
962 911 1346 942 Excommunicacionis
1357 910 1512 951 Majoris,
1521 920 1542 941 a
1556 910 1671 942 Sacris
1681 910 1883 942 Canonibus

490 954 527 985 in
551 965 593 985 ea
619 958 719 995 parte
747 956 891 996 provide
915 956 1036 994 latam,
1053 955 1326 996 dampnabiliter
1349 955 1556 992 incurrisse3
1583 965 1653 995 qua
1676 955 1883 987 sordescunt

489 999 648 1037 involuti,
662 1000 698 1029 in
711 1000 910 1031 animarum
924 1010 1067 1031 suarum
1084 1000 1218 1039 grande
1233 1000 1427 1040 periculum
1441 1001 1476 1030 et
1487 999 1633 1030 aliorum
1647 999 1883 1040 perniciosum

490 1044 699 1084 exemplum.
746 1045 778 1074 N
781 1054 810 1082 e,
827 1045 945 1083 igitur,
963 1045 1146 1075 temeritas
1166 1044 1334 1075 facinoris
1356 1046 1431 1074 tam
1456 1044 1634 1084 nephandi
1658 1044 1724 1076 sub
1739 1043 1883 1075 silencio

489 1088 664 1128 pallietur,
691 1090 745 1119 set
772 1089 817 1119 ab
844 1089 1047 1129 hujusmodi
1075 1089 1219 1120 ausibus
1250 1088 1429 1128 sacrilegis
1460 1088 1692 1119 cohibeantur
1716 1088 1882 1129 deinceps

488 1142 615 1163 manus
627 1133 824 1171 temerarie,
836 1132 1026 1164 formidine
1042 1133 1201 1171 ulcionis,
1217 1143 1304 1173 quas
1321 1132 1385 1163 Dei
1401 1132 1603 1163 reverencia
1614 1142 1685 1163 non
1697 1132 1860 1164 cohercet
1872 1146 1881 1171 ;

488 1177 675 1216 presertim
703 1187 782 1208 cum
805 1177 978 1217 premissa
1002 1177 1120 1208 omnia
1143 1178 1230 1208 adeo
1254 1177 1354 1207 nobis
1377 1179 1414 1207 et
1437 1177 1657 1207 subditorum
1680 1179 1881 1208 nostrorum

487 1221 711 1252 universitati
737 1224 812 1252 tam
843 1222 981 1252 notoria
1012 1222 1168 1252 existunt
1199 1221 1291 1261 quod
1321 1221 1419 1251 nulla
1449 1221 1743 1260 tergiversacione
1774 1221 1880 1252 celari

487 1267 654 1305 poterunt
669 1266 725 1296 vel
741 1266 919 1297 debebunt
933 1280 940 1304 3
957 1266 1056 1297 vobis
1071 1266 1326 1297 committimus
1337 1267 1374 1296 et
1385 1265 1606 1304 mandamus,
1621 1268 1699 1304 etc.,
1715 1265 1882 1306 quatinus

486 1319 558 1348 vos,
576 1310 748 1349 Decauus,
766 1320 827 1341 seu
851 1310 1038 1341 Presidens
1061 1313 1097 1341 et
1122 1310 1299 1349 Canonici,
1319 1309 1434 1340 Sacris
1456 1310 1571 1340 induti
1596 1309 1827 1349 vestimentis,
1842 1309 1881 1341 in

488 1354 645 1385 Ecclesia
682 1357 804 1385 nostra
843 1355 1046 1386 Cathedrali
1076 1354 1235 1394 predicta
1249 1368 1256 1391 ;
1294 1364 1366 1392 vos,
1404 1364 1498 1392 vero,
1529 1353 1787 1392 Archidiaconi,
1819 1363 1882 1386 seu

489 1398 672 1437 officiales,
686 1399 723 1429 in
735 1399 898 1430 omnibus
913 1401 949 1430 et
966 1399 1114 1438 singulis
1130 1398 1296 1430 Ecclesiis
1307 1398 1401 1429 infra
1416 1398 1733 1429 Archidiaconatus
1744 1399 1881 1430 vestros

487 1442 635 1473 ubilibet
658 1443 871 1482 constitutis,
888 1443 949 1473 ubi
973 1443 1088 1483 magis
1111 1443 1299 1483 expediens
1321 1442 1440 1482 fuerit,
1457 1445 1631 1483 quatenus
1654 1442 1700 1473 ad
1723 1442 1880 1482 singulos

486 1489 643 1518 vestrum
660 1487 800 1525 attinet,
817 1498 880 1527 per
904 1488 1071 1518 Rectores
1095 1489 1131 1518 et
1146 1487 1306 1518 Vicarios
1329 1497 1370 1517 ac
1393 1487 1622 1525 Presbiteros,
1639 1486 1748 1518 sacris
1766 1487 1879 1518 eciam

486 1532 644 1562 vestibus
659 1531 811 1570 indutos,
828 1531 986 1572 prefatos
1002 1531 1258 1570 malefactores,
1271 1541 1392 1562 omnes
1405 1532 1440 1562 et
1454 1531 1619 1571 singulos,
1637 1541 1717 1562 cum
1730 1530 1802 1562 suis
1818 1540 1878 1562 au-

486 1576 631 1615 toribus,
649 1576 887 1616 complicibus,
904 1576 1122 1615 consiliariis,
1139 1578 1174 1606 et
1189 1575 1399 1614 fautoribus,
1412 1585 1453 1606 ac
1467 1575 1640 1615 premissa
1654 1577 1734 1606 rata
1748 1574 1878 1606 haben-

485 1620 580 1651 tibus
604 1620 890 1660 quibuscumque,
914 1621 1045 1651 dictam
1070 1620 1215 1661 Majoris
1239 1619 1623 1651 Excommunicacionis
1655 1619 1878 1651 Sentenciam

485 1665 684 1704 incurrisse,
702 1667 737 1695 et
757 1674 798 1695 ea
822 1665 871 1695 sic
891 1665 1020 1704 ligatos
1036 1664 1146 1695 fuisse
1163 1667 1199 1695 et
1215 1674 1302 1703 esse,
1319 1664 1468 1703 singulis
1483 1664 1616 1695 Diebus
1632 1663 1826 1695 Dominicis
1841 1665 1878 1694 et

486 1709 646 1748 Festivis,
657 1709 753 1740 intra
766 1709 954 1740 Missarum
968 1709 1170 1749 solempnia,
1184 1709 1268 1739 dum
1281 1708 1395 1749 major
1405 1708 1498 1739 Cleri
1510 1710 1547 1739 et
1558 1708 1678 1748 populi
1687 1707 1878 1740 multitudo

484 1753 687 1784 convenerit
703 1753 748 1784 ad
764 1754 902 1791 Divina,
915 1753 1065 1794 pulsatis
1080 1753 1271 1793 campanis,
1284 1753 1439 1784 candelis
1454 1752 1610 1784 accensis
1622 1754 1658 1783 et
1673 1752 1719 1783 ad
1730 1752 1878 1783 humum

483 1798 721 1837 extinguendo
733 1798 910 1838 projectis,
919 1798 1098 1838 Cruceque
1110 1798 1147 1828 in
1158 1797 1320 1828 manibus
1331 1799 1459 1835 erecta,
1470 1807 1511 1828 ac
1523 1796 1619 1827 omni
1631 1796 1879 1836 solempnitate

483 1844 520 1872 et
543 1842 670 1873 rubore
693 1842 730 1872 in
754 1842 885 1873 talibus
909 1842 985 1873 fieri
1009 1842 1187 1873 consuetis
1210 1842 1246 1872 in
1270 1841 1337 1872 hac
1360 1843 1461 1881 parte
1484 1841 1662 1879 adhibitis,
1678 1840 1817 1881 publice
1839 1842 1877 1872 et

485 1886 714 1926 solempniter
735 1886 911 1917 nuncietis
935 1888 971 1917 et
993 1885 1135 1917 faciatis
1158 1886 1296 1926 publice
1319 1885 1501 1923 nunciari3
1525 1885 1570 1916 ab
1592 1884 1795 1926 hujusmodi
1818 1883 1876 1916 de-

483 1930 712 1961 nunciacione
722 1941 793 1961 non
806 1933 984 1961 cessantes
997 1931 1106 1961 donec
1118 1930 1268 1970 predicti
1279 1930 1439 1969 sacrilegi
1453 1939 1557 1970 super
1567 1929 1749 1970 premissis
1758 1928 1876 1960 debite

483 1975 729 2006 Absolucionis
758 1974 967 2005 beneficium
999 1975 1193 2005 meruerint
1224 1974 1393 2014 optinere,
1424 1975 1461 2004 et
1490 1974 1587 2004 aliud
1616 1973 1698 2004 inde
1728 1983 1750 2004 a
1775 1972 1877 2004 nobis

484 2019 678 2050 habueritis
693 2019 730 2049 in
746 2019 934 2050 mandatis.
981 2019 1032 2049 De
1052 2019 1118 2057 die,
1134 2029 1228 2057 vero,
1244 2018 1459 2058 recepcionis
1475 2018 1699 2049 Presencium
1715 2027 1757 2049 ac
1772 2017 1877 2048 modo

484 2065 520 2094 et
535 2062 652 2094 forma
668 2063 887 2094 execucionis
903 2063 1105 2104 hujusmodi
1121 2063 1279 2093 Mandati
1295 2062 1408 2093 nostri
1424 2072 1487 2102 per
1502 2072 1563 2093 vos
1578 2061 1684 2100 facte,
1701 2071 1775 2101 nos,
1786 2061 1876 2093 citra

485 2108 630 2139 Festum
654 2108 881 2138 Pentecostes
904 2107 1063 2147 proximo
1086 2116 1180 2138 nunc
1210 2106 1382 2144 futurum,
1408 2108 1513 2146 prout
1536 2116 1599 2137 vos
1626 2106 1767 2137 divisim
1793 2115 1873 2137 con-

483 2152 606 2191 cernit,
624 2151 741 2182 debitc
758 2151 969 2190 certificetis,
982 2151 1213 2192 ‘etc.——Dated
1229 2153 1266 2181 at
1283 2151 1494 2190 Faringdon,
1511 2151 1554 2181 28
1571 2150 1704 2189 March,
1721 2150 1817 2182 1385.

440 2205 692 2256 Menhenyot
706 2218 717 2252 3
745 2205 914 2243 Licence'
929 2211 965 2242 to
984 2205 1231 2250 celebrate,—
1248 2236 1250 2239 .

328 2258 427 2288 [ΑΡκῐ-
445 2261 548 2300 Item,
573 2261 772 2300 Londoniis,
796 2261 855 2291 xix
879 2260 934 2291 die
958 2260 1088 2291 mensis
1119 2260 1260 2300 Aprilis,
1285 2259 1456 2291 Dominus
1479 2259 1652 2291 concessit
1676 2258 1874 2291 Licenciam
1908 2271 1911 2273 “

327 2292 394 2353 ζ-ἑξίῙ·
487 2305 640 2336 Johanni
659 2305 853 2345 Hellegane
869 2305 1072 2336 et‘Isabelle
1096 2304 1173 2346 ejus
1196 2305 1306 2343 uxori,
1328 2304 1423 2344 >quod
1445 2304 1581 2344 possint
1604 2303 1722 2335 facere
1745 2303 1875 2334 Divina

330 2360 387 2385 139.
487 2349 666 2389 celebrari,
690 2349 728 2380 in
750 2349 933 2389 presencia
959 2349 1115 2389 ipsorum
1148 2359 1209 2380 seu
1240 2359 1362 2379 corum
1393 2348 1549 2388 alterius,
1573 2348 1610 2378 in
1634 2347 1777 2388 Capella
1799 2347 1873 2379 sive

486 2394 648 2425 Oratorio
679 2393 773 2424 infra
804 2393 1024 2424 Mansionem
1055 2393 1212 2433 ipsorum
1244 2393 1287 2424 de
1319 2392 1529 2431 Trencruke,
1560 2392 1597 2422 in
1628 2391 1800 2423 Parochia
1829 2391 1874 2423 de

488 2438 683 2479 Mahynyet
701 2438 886 2476 situatam3
911 2448 974 2478 per
997 2437 1178 2469 biennium
1202 2437 1428 2481 duraturam3
1452 2447 1532 2468 cum
1555 2435 1872 2476 clausula,—Volu-

487 2492 566 2513 mus
582 2482 675 2522 quod
691 2482 736 2513 ad
753 2482 947 2513 Ecclesiam
963 2483 1129 2521 vestram,
1146 2483 1212 2513 etc.

438 2536 616 2586 Against
631 2534 905 2573 non-resident
920 2534 1185 2573 Incumbents
1203 2548 1214 2582 ;
1242 2533 1511 2584 Sequestracio
1518 2533 1741 2583 fructuum
1753 2532 1874 2572 Bem-

483 2589 720 2638 ficiaco‘rum
737 2603 819 2627 ‘no‘n
838 2588 1171 2635 residencium,—-

442 2645 605 2683 Thomas,
622 2646 699 2683 etc.,
716 2644 972 2675 Archidiacono
989 2646 1110 2675 nostro
1127 2644 1269 2682 Exonie,
1286 2644 1341 2674 vel
1357 2643 1435 2684 ejus
1452 2642 1609 2682 officiali,
1627 2642 1788 2682 salutem,
1805 2643 1872 2674 eto.

486 2688 620 2719 —Cum
637 2698 701 2719 nos
716 2688 865 2727 fructus,
890 2688 1059 2726 redditus,
1083 2690 1119 2719 et
1143 2690 1334 2728 proventus
1357 2697 1593 2728 quoscumque
1618 2686 1872 2718 Beneficiorum

486 2733 643 2763 omnium
659 2734 696 2764 et
713 2732 931 2772 singulorum
948 2742 1095 2773 quorum
1112 2732 1256 2763 nomina
1276 2732 1313 2762 in
1336 2731 1468 2763 Cedula
1487 2731 1715 2762 Presentibus
1735 2739 1874 2762 annexa

486 2777 623 2817 plenius
640 2777 895 2815 describuntur,
906 2778 1052 2816 propter
1061 2787 1132 2807 non
1144 2776 1375 2807 residenciam
1385 2785 1614 2816 personarum
1627 2775 1751 2806 eadem
1763 2774 1872 2806 Bene·

486 2821 565 2852 ficia
581 2821 842 2860 occupancium,
859 2821 904 2852 ad
920 2821 1122 2861 hujusmodi
1138 2820 1369 2851 residenciam
1380 2819 1579 2851 faciendam
1591 2818 1748 2859 legitime
1761 2817 1871 2849 moni·
1916 2837 1920 2842 -

485 2868 612 2904 torum,
646 2865 901 2896 Monicionibus
939 2867 1061 2895 tamen
1099 2863 1302 2905 hujusmodi
1333 2873 1403 2894 non
1434 2863 1648 2904 parencium,
1680 2864 1743 2901 set,
1774 2871 1872 2894 more

485 2909 782 2940 mercenariorum
799 2908 924 2949 quibus
940 2919 1010 2939 non
1027 2910 1081 2939 est
1098 2917 1182 2939 cura
1203 2908 1246 2939 de
1271 2908 1402 2947 ovibus,
1421 2917 1523 2939 curas
1547 2916 1629 2938 suas
1652 2906 1794 2947 penitus
1814 2905 1872 2938 de·

485 2953 694 2992 serencium,
722 2952 912 2985 fecerimus
944 2952 1119 2985 Canonice
1155 2952 1366 2996 sequestrari
1375 2966 1384 2991 ;
1422 2951 1521 2983 vobis
1546 2950 1807 2985 committimus
1836 2951 1874 2984 et
