1988 3256
493 349 781 386 REGISTRUM
817 353 1274 391 οοΜΜοΝΕ-ΑΝΝΟ
1315 348 1408 392 10⁰.
1610 348 1705 391 403

161 440 238 504 ῙΛῂῘέῑ
309 450 386 480 tum
405 447 615 492 Magistrum
635 451 849 487 willelmum
866 454 966 494 Bide,
986 454 1090 488 dictis
1109 454 1164 490 die
1183 461 1219 490 et
1236 456 1323 498 loco,
1345 458 1486 491 modum
1506 462 1542 490 et
1560 458 1707 490 formam

162 507 224 537 Vol.
239 511 264 540 Ι.
309 489 601 543 Proclamacionis
625 494 826 537 hujusmodi
849 498 885 530 in
909 498 974 531 hac
999 503 1099 542 parte
1125 500 1227 541 facte,
1254 511 1317 543 per
1341 501 1478 535 Literas
1504 512 1594 541 suaa,
1623 505 1704 540 etc.,

303 544 442 568 nomina
460 546 569 570 eciam
587 540 837 582 oppositorum,
861 543 890 574 si
909 543 969 585 qui
988 544 1129 585 fuerint,
1153 544 1301 578 dilucide
1321 546 1548 578 continentes.

268 610 470 659 Crediton,
493 612 563 651 the
592 613 811 666 Collegiate
841 617 1001 656 Church
1031 619 1098 668 οἱς
1128 620 1306 659 Monicio
1334 621 1390 660 ad
1417 621 1704 660 restituendum

308 665 477 713 fructus
496 667 695 707 Prehende
715 671 761 708 de
784 671 999 719 Oriona,—

261 717 361 761 Item,
382 720 510 754 eisdem
528 722 584 755 die
600 727 635 756 et
651 722 738 764 loco,
759 727 934 759 emanavit
951 725 1159 760 Mandatum
1177 727 1348 760 directum
1367 727 1527 761 Dominis
1545 728 1569 761 J
1572 727 1699 760 ohanni

306 761 419 804 Hope,
442 763 582 798 Rectori
603 766 755 800 Ecclesie
775 768 817 801 de
838 768 987 802 Hamme
1008 770 1128 803 Sancti
1147 770 1289 813 Georgii
1310 771 1565 814 [Georqehamffl
1589 775 1625 804 et
1645 771 1705 804 Jo-

305 804 412 856 hanni
432 807 634 857 Laweneke,
656 810 859 853 presbitero,
883 813 928 845 ad
946 814 1155 847 monendum
1175 814 1282 856 ipsos,
1305 813 1370 847 sub
1390 824 1480 856 pena
1499 814 1705 847 Excommu-

305 858 491 898 nicacioms
515 851 674 895 Majoris,
699 854 735 886 in
758 855 923 897 personas
946 857 1144 898 eorundem,
1169 863 1250 899 etc.,
1275 857 1502 898 fulminande,
1527 859 1704 901 quatinus,

302 893 393 925 infra
417 895 542 936 viginti
568 896 640 929 dies
665 901 746 939 post
769 900 1005 941 recepcionem
1030 900 1264 939 Presencium,
1293 902 1447 943 singulos
1473 902 1631 935 denarios
1657 902 1698 935 de

306 936 490 981 fructibus,
511 939 715 981 redditibus,
737 945 772 974 et
790 942 1018 983 proventibus
1037 943 1217 977 Prebende
1237 945 1278 978 de
1299 944 1428 986 Cridia,
1450 955 1554 987 quam
1575 946 1704 979 Nicho-

301 978 378 1012 laus
401 980 587 1026 Salesbury
609 988 768 1026 occupat,
794 986 829 1017 in
852 987 1015 1028 presenti,
1042 988 1078 1019 in
1102 987 1257 1021 Ecclesia
1281 988 1473 1031 collegiata
1497 989 1699 1027 Criditonie‚

305 1024 601 1067 provenientibus,
628 1031 664 1060 et
686 1029 908 1062 Auctoritate
932 1029 1137 1072 Apostolica
1161 1032 1399 1074 sequestratis,
1427 1043 1489 1074 per
1511 1033 1605 1074 ipsos
1629 1043 1704 1075 per-

302 1070 432 1109 ceptos,
455 1072 490 1101 et
510 1079 597 1111 quos
617 1072 793 1113 percipere
812 1076 1002 1114 potuerunt
1022 1078 1058 1106 et
1077 1073 1271 1108 debuerunt
1291 1085 1313 1107 a
1331 1078 1489 1116 tempore
1509 1086 1578 1117 quo
1599 1076 1697 1109 Com-

304 1111 502 1145 missionem
518 1113 660 1146 Domini
677 1119 882 1157 receperunt
897 1116 934 1149 in
950 1126 991 1149 ea
1007 1120 1118 1159 parte,
1139 1117 1288 1150 Domino
1306 1118 1481 1152 Willelmo
1498 1119 1702 1159 Wodeman,

302 1154 507 1198 presbitero,
542 1158 718 1190 occasione
753 1159 935 1200 cujusdam
969 1159 1148 1194 Sentencie
1183 1161 1377 1202 diffinitive,
1413 1162 1458 1195 ad
1490 1163 1696 1195 instanciam

305 1208 402 1230 suam
418 1203 452 1231 et
468 1203 589 1232 contra
604 1201 778 1243 prefatum
795 1202 1004 1235 Nicholaum
1019 1202 1088 1236 late
1104 1214 1167 1246 per
1180 1203 1386 1237 Auditorem
1403 1204 1514 1238 Cause
1530 1206 1622 1238 inter
1633 1216 1703 1237 eos-

305 1241 383 1274 dem
408 1241 622 1276 Willelmum
647 1247 682 1277 et
707 1244 916 1278 Nicholaum
940 1247 975 1279 in
1002 1246 1162 1279 Romana
1185 1245 1292 1280 Curia
1315 1247 1511 1288 terminate,
1539 1247 1596 1280 vel
1621 1247 1703 1280 Pro-

302 1287 454 1318 curatori
480 1286 635 1327 ejusdem
660 1291 870 1329 potestatem
896 1289 1083 1330 recipiendi
1110 1294 1146 1322 et
1170 1291 1388 1332 acquietandi
1417 1292 1620 1332 cuicumque
1646 1291 1704 1323 ha-

302 1327 397 1361 benti
415 1330 449 1361 in
467 1329 532 1362 hac
548 1334 659 1371 parte,
679 1331 828 1364 fideliter
843 1331 1054 1373 persolvant,
1075 1343 1135 1365 seu
1152 1333 1302 1371 persolvi
1321 1334 1461 1367 faciant.
1510 1335 1557 1368 Et
1573 1333 1704 1367 habent

306 1372 351 1404 ad
374 1372 633 1406 certificandum
657 1374 846 1407 Dominum
867 1375 961 1407 infra
982 1375 1100 1408 decem
1123 1376 1196 1409 dies
1219 1376 1331 1409 dictos
1354 1377 1480 1420 viginti
1505 1377 1577 1410 dies
1599 1378 1703 1409 inme-

304 1415 397 1448 diate
419 1420 611 1458 sequentes,
636 1417 671 1449 in
694 1417 863 1460 Hospicio
884 1427 946 1451 suo
968 1418 1211 1460 Londoniensi,
1238 1430 1309 1453 una
1330 1431 1408 1453 cum
1431 1431 1513 1453 vero
1537 1425 1697 1463 compoto

306 1459 459 1494 omnium
487 1470 550 1502 per
577 1460 714 1493 eosdem
742 1464 778 1493 et
804 1464 991 1502 utrumque
1018 1462 1174 1504 ipsorum
1201 1467 1420 1505 receptorum
1449 1464 1490 1497 de
1517 1464 1702 1505 fructibus,

302 1502 507 1543 redditibus,
531 1507 566 1536 et
587 1503 815 1545 proventibus
836 1505 1042 1543 antedictis;
1072 1504 1293 1539 Presencium
1316 1510 1351 1540 et
1373 1506 1533 1541 Mandati
1556 1508 1699 1541 alterius

303 1545 431 1579 eisdem
448 1547 545 1589 prius
563 1547 686 1580 directi
704 1558 783 1581 cum
799 1547 989 1591 tenoribus,
1011 1553 1077 1583 etc.
1338 1574 1354 1591 ⁸

263 1617 533 1668 Illegitimacy
546 1630 557 1664 3
576 1617 837 1666 Dispensacio
855 1631 948 1656 cum
966 1618 1242 1669 illeqitimo‚--

263 1670 304 1702 In
328 1670 455 1703 favour
476 1671 513 1703 of
535 1670 630 1704 John
654 1670 880 1714 Gatycombe,
906 1670 1174 1712 scholar‚—“de
1198 1672 1312 1706 soluto
1335 1673 1473 1715 genitus
1497 1678 1534 1707 et
1556 1673 1704 1713 soluta‚”

303 1740 311 1746 .
340 1740 347 1746 .
375 1741 382 1748 .
406 1716 424 1729 “
437 1714 657 1756 presentibus
677 1715 857 1757 Magistris
876 1716 1051 1750 Willelmo
1070 1716 1156 1749 Bide
1176 1720 1212 1749 et
1231 1716 1276 1749 H.
1300 1717 1529 1760 Hickdynge,
1552 1718 1698 1751 Canoni-

304 1758 353 1791 cis
373 1758 409 1791 in
427 1758 591 1791 Ecclesiis
611 1758 877 1792 Cathedralibus
897 1758 1086 1793 Saresbirie
1105 1764 1142 1793 et
1161 1760 1293 1793 Exonie
1315 1761 1481 1803 (London,
1505 1764 1525 1795 7
1545 1762 1655 1805 July).

263 1829 462 1879 Sacrilege
487 1832 531 1866 at
559 1828 769 1875 Warland,
795 1842 893 1867 near
922 1828 1098 1877 Totnes3
1128 1830 1405 1869 Denunciacio
1427 1843 1505 1880 pro
1537 1831 1701 1881 Capella

319 1882 459 1921 Sancti
479 1882 660 1932 Spiritus
679 1883 725 1921 de
754 1883 968 1930 Werhnde,
991 1889 1127 1930 etc„—

257 1937 358 1978 Item,
380 1935 520 1975 ibidem,
543 1937 579 1978 xj
602 1937 666 1977 die,
691 1938 865 1970 emanavit
886 1937 1093 1970 Mandatum
1115 1937 1286 1970 directum
1307 1936 1447 1969 Decano
1469 1937 1642 1979 Tottonie‚
1666 1942 1702 1972 et

300 1980 484 2021 Perpetuis
513 1980 664 2013 Vicariis
693 1980 927 2013 Ecclesiarum
957 1980 1214 2013 Parochialium
1245 1980 1418 2023 Tou-onie,
1454 1981 1632 2019 Brixham,
1666 1986 1701 2014 et

301 2024 343 2057 de
367 2023 714 2066 Byrypomeray,·ad
742 2023 1019 2056 denunciandum
1043 2034 1160 2056 omnes
1187 2027 1224 2056 et
1247 2023 1401 2065 singulos
1428 2024 1536 2057 fuisse
1561 2029 1598 2058 et
1622 2035 1696 2057 esse

304 2068 618 2100 excommunicatos
636 2067 697 2109 qui
716 2066 893 2109 Capellam
913 2066 1031 2100 Sancti
1051 2066 1202 2108 Spiritus
1222 2067 1264 2100 de
1282 2067 1479 2108 Werlande,
1500 2068 1604 2110 juxta
1623 2068 1703 2101 Tot-

298 2112 442 2152 toniam,
465 2114 501 2143 et
522 2109 590 2143 alia
608 2109 684 2142 loca
706 2110 751 2142 ad
770 2109 913 2142 eandem
935 2109 1111 2151 Capellam
1131 2111 1356 2153 pertinencia,
1381 2115 1497 2152 preter
1518 2116 1552 2144 et
1575 2116 1696 2144 contra

302 2154 518 2187 voluntatem
530 2153 693 2186 Custodis
705 2153 871 2195 eiusdem,
889 2152 1175 2195 ingrediebantur
1185 2153 1352 2192 clanculo,
1366 2157 1506 2193 temere,
1521 2158 1557 2187 et
1568 2155 1695 2196 dolose,

303 2208 343 2230 ac
362 2196 505 2238 Calices,
525 2196 756 2235 Vestimenta,
777 2194 913 2236 Libros,
933 2206 1066 2228 necnon
1086 2195 1221 2236 Cartas,
1243 2196 1390 2237 Literas,
1413 2201 1449 2231 et
1468 2198 1700 2239 Munimenta„

301 2251 398 2282 vasa,
427 2244 463 2273 et
490 2239 653 2273 utensilia
679 2239 723 2273 ad
751 2240 882 2273 dictam
911 2238 1088 2282 Capellam
1115 2239 1341 2282 pertinencia,
1372 2239 1580 2283 arboresque
1609 2241 1701 2274 infra

301 2284 544 2318 Sanctuarium
567 2283 723 2324 eiusdem
745 2281 884 2325 Capelle
907 2292 1019 2324 nuper
1041 2285 1232 2315 crescentes
1255 2282 1459 2317 scindebant
1481 2289 1517 2318 et
1540 2289 1695 2327 asporta·

301 2332 406 2367 runt;
443 2328 547 2370 juxta
577 2327 873 2360 Constitucionem
904 2326 1134 2359 Dominorum
1165 2324 1306 2358 Ottonis
1336 2330 1372 2360 et
1403 2326 1694 2369 Octoboni‚-—Ad

301 2371 454 2413 tutelam,
474 2375 548 2411 eta,
567 2374 627 2403 etc.

148 2442 240 2471 fol-⁷⁴·
256 2440 536 2488 Confessions3
564 2439 631 2478 Ad
647 2438 899 2478 audiendum
921 2437 1262 2488 Consta-sicma,—

255 2494 356 2534 Item,
378 2493 518 2535 ibidem,
539 2493 719 2526 undecimo
738 2492 804 2531 die,
826 2492 997 2525 Dominus
1017 2492 1187 2525 concessit
1205 2492 1324 2525 Fratri
1343 2491 1495 2526 Johanni
1516 2493 1689 2535 Michelle,

297 2537 436 2570 Ordinis
459 2536 734 2576 Predicatorum‚
758 2535 955 2568 Licenciam
978 2535 1023 2568 ad
1045 2534 1254 2567 audiendum
1277 2534 1516 2569 Confessiones
1539 2536 1692 2570 subdito-

296 2591 373 2613 rum
390 2590 529 2613 suorum
543 2580 636 2612 infra
651 2579 964 2612 Archidiaconatus
980 2578 1142 2610 Tottonie
1159 2581 1195 2610 et
1211 2576 1383 2610 Cornubie
1401 2580 1691 2613 commorancium

297 2622 517 2665 ubicumque,
547 2626 582 2655 et
609 2622 654 2656 ad
681 2621 929 2655 absolvendum
957 2620 1105 2661 eosdem,
1136 2623 1227 2659 etc-3
1262 2630 1371 2663 usque
1399 2621 1543 2654 Festum
1572 2623 1688 2656 Sancti

297 2666 478 2700 Michaelis
497 2667 655 2710 proximo
675 2666 833 2698 futurum
853 2664 1095 2698 tantummodo
1115 2663 1329 2696 duraturam.

258 2738 526 2789 Illegitimacy
543 2750 553 2784 3
575 2736 807 2775 Commissio
819 2734 1178 2785 adinquirendum
1192 2733 1238 2772 de
1253 2733 1338 2772 vita
1351 2740 1386 2772 et
1398 2736 1694 2774 conversacione

312 2791 523 2841 cujusdam
541 2790 811 2840 illamam,—

254 2845 355 2886 Item,
387 2843 527 2882 ibidem,
559 2843 817 2886 quartodecimo
846 2841 912 2882 die,
944 2841 1119 2874 emanavit
1148 2840 1352 2874 commissio
1381 2841 1515 2875 directa
1542 2841 1697 2875 Officiali·

297 2887 487 2920 Peculiaris
508 2887 771 2920 Jurisdiccionis
792 2886 932 2918 Domini
954 2886 990 2917 in
1013 2883 1198 2922 cornubia,
1223 2883 1266 2916 ad
1290 2884 1533 2925 inquirendum
1555 2885 1597 2918 <le
1620 2887 1695 2918 vita

294 2936 330 2964 et
344 2931 608 2964 conversacione
622 2928 752 2964 'rhome
769 2928 984 2967 Cornwaille,
1004 2926 1156 2967 scolaris,
1174 2926 1379 2960 Exoniensis
1394 2926 1561 2967 Diocesis,
1581 2929 1688 2972 illegi-

385 2981 413 3024 2
432 2975 478 3024 ο2
