1988 3256
265 378 361 421 224

264 491 291 518 A
304 491 342 518 D.

264 525 341 553 1370.

265 559 331 586 Vol.
349 558 372 585 1.

263 844 315 873 fol.
333 847 357 872 2.

467 387 568 421 THE
603 387 846 422 REGISTER
881 387 941 421 OF
981 385 1160 421 BISHOP
1199 384 1602 429 BRANTYNGHAM.

418 497 532 526 torum
561 493 691 525 meritis
716 496 752 525 et
778 493 933 535 precibus
960 493 1176 531 confidentes,
1203 493 1361 526 omnibus
1386 494 1593 536 parochianis
1615 495 1748 536 nostris,
1772 497 1809 527 et

419 538 491 569 aliis
509 548 654 579 quorum
678 537 853 569 Diocesani
875 537 962 569 hanc
986 540 1135 569 nostram
1160 537 1414 579 Indulgenciam
1437 542 1546 571 ratam
1567 538 1751 571 habuerint
1772 541 1808 571 et

421 585 602 623 acceptam,
616 582 658 613 de
674 582 818 622 peccatis
835 582 903 612 suis
916 591 993 612 vere
1008 581 1240 622 penitentibus
1256 585 1292 613 et
1306 582 1476 622 confessis,
1491 583 1551 624 qui
1565 583 1608 614 ad
1624 583 1807 615 Ecclesiam

421 625 686 657 Conventualem
711 626 871 657 Fratrum
895 625 1030 657 Ordinis
1053 625 1157 656 Beate
1183 625 1287 657 Marie
1309 626 1351 657 de
1374 626 1490 657 Monte
1513 626 1659 659 Carmeli
1681 627 1806 659 Sando-

418 669 512 710 wyei,
530 669 780 702 Cantuariensis
797 669 954 708 Diocesis,
970 669 1004 700 in
1021 679 1097 710 qua,
1115 669 1201 700 sicut
1217 669 1413 710 accepimus,
1432 670 1550 701 decora
1566 680 1687 711 ymago
1704 670 1808 702 Beate

417 713 565 754 Virginis
581 716 615 744 et
631 713 779 744 Martiris
796 713 957 744 Katerine
973 714 1006 743 in
1031 723 1151 753 magna
1168 713 1382 744 veneracione
1404 713 1559 752 habetur,
1586 714 1707 746 devote
1729 714 1806 746 visi-

418 757 577 796 taverint,
602 760 638 788 et
661 756 854 788 Conventui
877 754 1027 797 ejusdem
1052 756 1131 788 Loci
1153 756 1196 788 ad
1218 757 1367 798 ipsorum
1383 757 1668 789 sustentacionem
1686 767 1808 790 manus

419 800 629 841 porrexerint
653 800 906 841 quomodolibet
933 799 1139 841 adjutrices;
1172 810 1312 840 necnon,
1340 811 1399 841 pro
1424 801 1550 832 salubri
1580 803 1674 832 statu
1698 801 1808 842 Regis,

421 845 539 885 Regni,
563 846 598 876 et
622 844 768 875 Ecclesie
795 844 987 884 Anglicane,
1012 854 1050 875 ac
1071 847 1197 884 nostro,
1226 844 1338 876 Deum
1364 844 1551 886 propicium
1580 844 1810 877 invocaverint

416 891 531 921 mente
553 888 627 929 pia3
650 888 874 929 quadraginta
889 888 959 919 dies
982 887 1200 928 Indulgencie
1222 888 1481 920 misericorditer
1502 889 1538 920 in
1562 888 1708 920 Domino
1730 898 1807 921 con-

417 933 568 964 cedimus
586 942 645 973 per
661 932 850 964 Presentes.
896 931 1008 963 Dated
1025 931 1176 971 London,
1193 933 1232 963 21
1251 932 1350 964 June.

373 997 641 1036 Matrimonia]
658 1010 669 1045 3
696 997 727 1035 I
724 996 903 1043 nlzibicio,
919 997 962 1034 in
983 996 1114 1035 Causa
1132 997 1427 1044 matrimoniali,
1445 1003 1580 1035 contra
1596 996 1807 1047 Officialem

425 1052 707 1144 {lrchz‘diaconi
727 1051 876 1089 Exonie
895 1058 929 1089 et
951 1050 1138 1090 Ceciliam
1152 1051 1407 1090 Hennelonde.
1452 1052 1533 1090 Pro
1547 1052 1677 1090 Adam
1697 1051 1807 1102 Ταφί-

441 1121 578 1152 our,—

371 1162 526 1200 Thomas,
543 1163 618 1199 etc„
638 1159 778 1191 Decanis
801 1159 843 1191 de
865 1160 1051 1191 Tevertone
1074 1162 1110 1191 et
1132 1159 1293 1201 Plymtre,
1310 1159 1459 1192 Johanni
1476 1160 1591 1199 Lucas,
1609 1163 1645 1192 et
1663 1160 1806 1192 Ricardo

415 1205 526 1246 Kelly,
554 1204 689 1241 clericis,
717 1206 832 1236 nostre
859 1203 1016 1243 Diocesis,
1041 1203 1194 1243 salutem,
1223 1204 1386 1235 etc—Ex
1414 1206 1508 1245 parte
1538 1204 1611 1236 Ade
1635 1204 1805 1245 Tayllour‚

415 1249 499 1287 laici,
516 1249 558 1279 de
575 1247 735 1279 Parochia
750 1248 792 1279 de
808 1247 1026 1285 Kentesbere,
1045 1247 1141 1279 nobis
1164 1247 1282 1279 extitit
1305 1247 1502 1279 intimatum
1526 1247 1618 1288 quod
1640 1247 1805 1280 discretus

416 1293 476 1332 vir,
492 1292 638 1324 Thomas
655 1291 775 1333 Dalby,
794 1291 930 1322 Domini
946 1290 1179 1322 Archidiaconi
1196 1291 1325 1322 Exonie
1342 1291 1523 1323 Officialem
1540 1302 1575 1324 se
1590 1292 1804 1333 pretendens,

414 1336 449 1368 in
467 1335 614 1377 quadam
629 1335 737 1367 Causa
754 1334 993 1366 matrimoniali
1009 1345 1075 1376 que
1091 1345 1202 1366 coram
1218 1345 1255 1366 eo
1272 1335 1466 1366 vertebatur
1481 1335 1569 1368 inter
1581 1335 1691 1367 Adam
1706 1335 1803 1377 Tay]-

414 1380 489 1412 lour
504 1379 704 1421 predictum,
722 1379 858 1410 Partem
873 1378 1041 1418 actricem,
1058 1389 1100 1410 ex
1116 1382 1211 1419 parte
1234 1389 1311 1418 una,
1329 1381 1364 1409 et
1388 1378 1545 1411 Ceciliam
1571 1379 1802 1420 Hennelonde,

415 1425 457 1456 de
482 1423 717 1464 Columptone,
746 1422 882 1454 Partem
909 1432 1010 1462 ream,
1039 1433 1080 1454 ex
1111 1422 1225 1462 altera,
1254 1422 1446 1462 procedens,
1475 1425 1511 1454 et
1541 1423 1628 1464 parti
1650 1422 1804 1465 ejusdem

416 1468 537 1501 Cecilie
560 1467 636 1508 plus
659 1466 774 1498 debito
797 1466 922 1505 favens,
940 1476 1000 1507 pro
1024 1466 1140 1498 eadem
1165 1466 1286 1498 Cecilia
1308 1469 1343 1497 et
1366 1469 1484 1498 contra
1506 1466 1677 1508 prefatum
1694 1467 1804 1499 Adam

415 1511 628 1544 Sentenciam
641 1510 724 1541 tulit
734 1509 959 1548 diffinitivam,
976 1509 1136 1550 iniquam,
1150 1513 1185 1541 et
1200 1509 1382 1541 invalidam
1399 1509 1468 1542 sive
1483 1510 1623 1550 nullam,
1639 1510 1674 1542 in
1698 1510 1804 1552 ipsius

414 1556 487 1587 Ade
504 1554 728 1596 prejudicium
744 1557 779 1585 et
794 1564 982 1594 gravamen.
1007 1553 1108 1585 Unde
1123 1564 1163 1585 ex
1174 1556 1268 1595 parte
1278 1552 1440 1595 ejusdem,
1451 1553 1629 1586 sencientis
1640 1564 1675 1586 se
1687 1564 1729 1586 ex
1740 1554 1804 1586 hoc

414 1598 564 1631 indebite
589 1597 788 1639 pregravari,
814 1597 857 1628 ad
880 1597 1089 1629 audienciam
1122 1599 1272 1629 nostram
1302 1597 1491 1638 generalem
1513 1597 1649 1637 directe,
1679 1598 1801 1638 palam,

414 1646 450 1675 et
474 1642 616 1683 publice,
640 1641 790 1682 legitime
812 1641 930 1673 extitit
951 1641 1169 1682 appellatum.
1215 1641 1376 1680 Quocirca
1399 1641 1493 1672 vobis
1524 1640 1744 1683 conjunctim,
1767 1645 1804 1673 et

415 1687 553 1727 utrique
577 1688 727 1717 vestrum
752 1685 896 1724 divisim,
912 1685 948 1716 in
963 1685 1092 1716 virtute
1116 1684 1316 1717 Obediencie
1338 1685 1586 1716 committimus
1608 1688 1643 1717 et
1666 1685 1802 1717 manda-

417 1741 503 1770 mus,
527 1729 669 1761 firmiter
691 1728 920 1771 injungentes,
947 1728 1108 1770 quatinus
1132 1729 1264 1770 prefato
1288 1729 1447 1770 Magistro
1471 1728 1608 1767 Thome,
1627 1739 1665 1761 ac
1681 1727 1803 1761 Cecilie

417 1773 648 1812 Hennelonde,
666 1783 703 1804 ac
718 1773 838 1804 ceteris
854 1772 1012 1804 omnibus
1028 1775 1063 1804 et
1079 1772 1220 1812 singulis
1236 1772 1360 1814 quibus
1374 1772 1431 1814 jus
1446 1772 1552 1813 exigit
1562 1772 1716 1812 inhiberi,
1729 1783 1803 1804 nos-

416 1822 469 1850 tra
485 1817 687 1849 auctoritate
702 1816 882 1848 inhibeatis
898 1827 951 1856 ne,
967 1816 1136 1857 pendente
1159 1815 1192 1847 in
1218 1816 1334 1847 eadem
1358 1816 1532 1848 audiencia
1547 1819 1663 1848 nostra
1679 1816 1801 1858 Appel-

415 1861 552 1894 lacionis
567 1860 765 1902 hujusmodi
781 1860 926 1901 negocio,
942 1859 1123 1901 quicquam
1139 1859 1201 1891 hac
1216 1859 1386 1891 occasione
1401 1860 1436 1891 in
1453 1859 1543 1892 dicte
1559 1860 1670 1892 Partis
1691 1860 1802 1901 appel-

416 1905 519 1937 lantis
535 1904 760 1946 prejudicium
777 1906 997 1944 attemptent,
1016 1906 1076 1935 aut
1091 1903 1217 1935 faciant
1238 1903 1429 1945 aliqualiter
1451 1904 1656 1945 attemptari,
1673 1903 1804 1945 quomi-

417 1960 482 1981 nus
498 1949 637 1980 liberam
654 1948 776 1979 habeat
792 1947 1037 1989 Appellacionis
1052 1947 1251 1988 hujusmodi
1267 1947 1536 1988 prosecucionem
1553 1950 1655 1988 prout
1669 1947 1804 1989 justum

415 1993 521 2025 fuerit
536 1992 722 2033 utriusque.
771 1991 901 2030 Oitetis,
919 1991 1032 2030 eciam,
1049 2001 1107 2022 seu
1123 1990 1219 2022 citari
1234 1990 1374 2030 faciatis,
1391 1991 1621 2032 peremptorie,
1638 1991 1804 2033 prefatam

418 2036 575 2069 Ceciliam
603 2035 694 2077 quod
722 2037 914 2076 compareat
940 2044 1051 2066 coram
1075 2034 1215 2066 Officiali
1237 2037 1364 2073 nostro,
1390 2034 1425 2065 in
1450 2034 1656 2067 Consistorio
1687 2038 1804 2066 nostro

417 2079 609 2119 Exoniensi,
627 2081 688 2110 aut
703 2078 811 2110 eidem
829 2078 1033 2111 consistorio
1057 2078 1252 2109 Presidente
1267 2087 1492 2119 quocumque,
1508 2078 1542 2110 in
1560 2078 1708 2110 Ecclesia
1730 2088 1805 2110 nos-

416 2127 470 2156 tra
498 2122 689 2155 cathedrali
714 2121 906 2161 Exoniensi‚
936 2121 1088 2163 proximo
1114 2121 1169 2153 die
1195 2122 1217 2154 J
1220 2121 1347 2154 uridico
1369 2122 1522 2163 proximo
1555 2124 1633 2163 post
1663 2122 1804 2154 Festum

417 2168 538 2200 Sancte
553 2167 751 2207 Margarete,
771 2165 927 2207 Virginis,
943 2165 1096 2207 proximo
1111 2175 1203 2197 nunc
1218 2165 1386 2205 futurum,
1402 2165 1438 2196 in
1453 2165 1542 2197 dicte
1557 2165 1804 2207 Appellacionis

417 2211 553 2252 negocio
576 2220 782 2252 processura,
800 2209 940 2248 factura,
958 2212 993 2240 et
1007 2212 1183 2250 receptura
1205 2209 1239 2240 in
1263 2219 1301 2240 ea
1316 2212 1410 2250 parte
1427 2209 1517 2250 quod
1529 2207 1669 2250 justicia
1685 2209 1803 2241 suade-

418 2255 479 2287 bit.
525 2255 576 2286 De
593 2253 721 2293 diebus,
739 2264 828 2292 vero,
846 2252 1047 2294 recepcionis
1071 2253 1285 2284 Presencium
1303 2263 1340 2283 ac
1357 2252 1536 2284 Citacionis
1552 2255 1672 2293 vestre,
1689 2253 1803 2285 modo-

417 2309 484 2341 que
499 2301 534 2330 et
550 2298 658 2329 forma
673 2297 836 2339 ejusdem,
853 2299 889 2328 et
904 2297 932 2328 si
947 2296 1073 2328 dictam
1090 2295 1247 2329 ceciliam
1264 2296 1481 2337 personaliter
1497 2296 1679 2328 citaveritis
1695 2307 1704 2336 ;
1726 2307 1804 2329 nec-

417 2353 497 2381 non,
516 2341 599 2383 quid
615 2340 760 2373 feceritis
775 2340 810 2372 in
827 2340 996 2382 premissis
1013 2351 1020 2379 ;
1038 2340 1220 2372 Officialem
1235 2343 1399 2379 nostrum,
1417 2342 1478 2372 aut
1492 2339 1597 2372 alium
1620 2340 1703 2372 dicti
1719 2340 1806 2373 Con·

417 2386 542 2418 sistorii
557 2385 664 2416 nostri
679 2384 919 2423 Presidentem,
936 2383 1035 2416 dictis
1057 2384 1112 2415 die
1135 2387 1171 2415 et
1192 2383 1264 2415 loco
1286 2383 1477 2415 certificetis
1499 2394 1558 2425 per
1581 2387 1722 2423 vestras,
1744 2394 1805 2416 seu

417 2430 580 2462 certificet
595 2429 681 2461 alter
695 2431 847 2460 vestrum
865 2428 924 2469 qui
937 2438 1072 2469 presens
1089 2427 1290 2459 Mandatum
1306 2427 1467 2468 receperit
1482 2428 1722 2469 exequendum
1747 2438 1807 2469 per

417 2484 494 2506 suas
510 2473 640 2505 Literas
655 2475 821 2514 patentes,
839 2471 959 2503 harum
983 2471 1102 2503 seriem
1126 2471 1346 2511 continentes,
1362 2470 1470 2512 sigillo
1485 2471 1658 2504 autentico
1674 2471 1804 2513 consig-

418 2516 682 2549 natas—Dated
697 2516 850 2555 London,
866 2516 907 2548 23
924 2515 1022 2548 June.

378 2583 413 2621 A
433 2596 521 2622 case
550 2583 592 2621 of
627 2582 818 2633 bastardy
830 2595 842 2630 3
870 2582 915 2620 de
946 2581 1209 2631 Inquisicione
1236 2594 1349 2631 super
1376 2582 1579 2620 bastardia
1608 2581 1747 2620 Thome
1775 2580 1810 2619 le

429 2637 735 2688 Asscheleyhe‚—

376 2691 533 2732 Thomas,
546 2695 621 2731 etc„
638 2691 779 2724 officiali
794 2693 910 2723 nostro
926 2689 1105 2732 Principali
1120 2689 1312 2728 Exonimsi,
1324 2689 1481 2729 salutem,
1496 2689 1807 2730 etc.-Fidedigno-

421 2747 497 2767 rum
514 2735 677 2767 relacione
693 2734 838 2775 intelligi
853 2734 949 2766 nobis
972 2733 1075 2765 datur
1096 2733 1186 2775 quod
1210 2743 1269 2764 vos
1291 2733 1398 2765 Breve
1420 2734 1574 2774 Regium,
1592 2733 1689 2765 nobis
1703 2733 1807 2765 direc-

421 2783 507 2818 tum,
533 2780 574 2810 ad
602 2779 842 2819 inquirendum
868 2778 909 2810 de
939 2777 1108 2809 bastardia
1133 2779 1250 2809 contra
1275 2776 1439 2809 Thomam
1463 2777 1494 2809 le
1520 2777 1742 2817 Asscheleghe
1771 2777 1807 2808 in

422 2823 524 2856 Curia
540 2822 679 2854 Domini
695 2822 795 2862 Regis
817 2822 969 2863 allegata,
985 2831 1023 2853 ac
1037 2821 1067 2853 si
1082 2820 1176 2852 vobis
1199 2820 1320 2852 fuisset
1342 2821 1519 2861 directum,
1535 2831 1612 2852 cum
1634 2830 1703 2852 non
1725 2822 1808 2859 erat,

422 2866 594 2908 recepistis
617 2866 864 2907 exequendum.
911 2864 1075 2897 Nolentes
1099 2866 1274 2905 propterea
1296 2863 1468 2905 justiciam
1494 2864 1600 2906 ipsius
1622 2864 1751 2896 'rhome
1773 2866 1809 2895 et

421 2910 562 2942 Roberti
585 2909 615 2941 le
638 2909 862 2951 Asscheleghe
884 2908 919 2940 in
943 2908 1071 2941 Placito
1094 2909 1262 2950 pendente
1291 2908 1380 2940 inter
1406 2908 1495 2949 ipsos
1519 2907 1661 2940 ulterius
1683 2906 1810 2940 differri

421 2954 520 2992 culpa
535 2956 659 2992 nostra,
676 2953 771 2985 vobis
786 2951 1032 2985 committimus
1054 2954 1091 2984 et
1112 2951 1312 2983 mandamus
1334 2951 1497 2994 quatinus
1517 2961 1619 2992 super
1640 2950 1810 2983 bastardis

422 2997 582 3042 predicta,
600 2996 662 3028 viis
677 2999 712 3028 et
728 2997 836 3029 modis
858 2996 983 3040 quibus
997 2995 1137 3029 celerius
1152 2995 1224 3027 fieri
1239 2995 1375 3039 poterit,
1391 2994 1517 3028 vocatis
1532 2994 1691 3039 primitus
1713 2994 1748 3027 in
1770 3004 1810 3026 ea
