1988 3256
270 349 330 393 58
469 359 570 394 THE
605 360 849 395 REGISTER
884 360 945 394 or
986 360 1165 395 BISHOP
1200 359 1606 397 BRANTYNGHAM.

265 464 342 491 ΑΒ·
420 466 603 507 Prioratus,
620 467 697 509 jure
712 467 776 499 sibi
799 477 838 499 ea
859 467 931 499 vice
954 466 1124 506 devoluto,
1140 466 1345 498 auctoritate
1367 477 1429 498 sua
1451 466 1640 499 Pontificali
1663 467 1814 509 prefecit,

265 499 389 558 &gf'ff
415 521 600 553 curamque
616 522 654 543 ac
670 511 819 552 regimen
836 514 870 542 et
889 511 1219 543 administracionem
1236 510 1319 542 dicti
1335 511 1518 551 Prioratus,
1534 513 1606 542 tam
1622 511 1657 543 in
1674 511 1811 552 spiritu-

325 552 331 559 '
383 551 390 559 ‘
417 554 526 586 alibus
549 565 650 596 quam
675 555 928 596 temporalibus,
948 565 1026 586 cum
1043 555 1112 586 suis
1134 554 1268 595 juribus
1291 557 1326 586 et
1348 554 1563 596 pertinenciis
1585 555 1760 595 universis,
1777 555 1812 586 in

418 599 565 630 Domino
575 599 743 631 commisit
753 599 880 638 eidem3
891 599 1071 640 ipsumque
1084 609 1143 640 per
1156 598 1247 630 Libri
1261 598 1396 638 [nostri]
1409 598 1629 630 tradicionem
1640 599 1682 631 de
1692 600 1812 631 eodem

418 643 571 675 Prior-atu
597 643 847 684 presencialiter
868 642 1045 675 investivit
1060 652 1069 682 ;
1099 642 1222 683 ipsum,
1249 642 1363 682 eciam,
1391 643 1426 674 in
1454 642 1659 684 corporalem
1684 653 1811 684 posses-

417 687 545 719 sionem
557 687 642 718 dicti
658 687 841 727 Prioratus,
852 686 1154 727 universorumque
1169 685 1298 727 jurium
1311 689 1347 718 et
1358 686 1642 727 pertinenciarum
1658 686 1812 728 ejusdem

417 731 488 762 fore
503 730 687 763 actualitur
702 731 933 762 inducendum
950 733 986 762 et
1001 730 1257 769 installandum,
1273 729 1407 771 juribus
1423 730 1492 762 suis
1511 730 1762 772 Episcopalibus
1778 733 1814 762 et

418 775 563 807 Ecclesie
579 785 638 806 sue
655 775 854 807 Exoniensis
876 774 1044 816 dignitate
1067 774 1101 805 in
1118 774 1274 806 omnibus
1290 784 1422 815 semper
1434 774 1544 813 salvis,
1565 785 1624 815 per
1639 774 1813 806 Archidia-

417 829 538 852 conum
555 819 723 859 Tottonie,
740 819 793 850 vel
809 818 883 860 ejus
900 818 1093 858 Officialem,
1110 818 1259 850 decrevit
1281 817 1417 850 ibidem.
1465 819 1511 850 Et
1533 818 1655 850 habuit
1678 819 1810 851 Literas

417 863 480 896 sub
496 863 670 895 tenoribus
686 863 745 904 qui
761 865 929 904 sequntur
944 874 998 895 :—

374 939 590 986 Gaesacio
612 939 873 983 Elecciomls
895 940 950 983 de
974 940 1261 996 Ply‘mpto‘ne,
1282 943 1322 982 et
1336 938 1571 997 Prefeccio
1594 954 1647 983 ac
1669 939 1813 983 Insti-

423 998 548 1043 tucio
571 998 756 1041 Prioris
777 998 1027 1052 ibidem,—

374 1059 530 1098 Thomas,
547 1061 621 1097 etc„
638 1058 750 1089 Fratri
772 1058 794 1090 J
797 1058 922 1089 ohanni
938 1056 1116 1097 Shaldone,
1134 1056 1329 1098 presbitero,
1347 1059 1410 1089 etc.
1429 1057 1479 1097 (ut
1506 1056 1637 1098 supra),
1655 1057 1813 1097 salutem,

417 1103 571 1144 graciam,
589 1105 625 1134 et
641 1101 1088 1143 benediccionem.—Nuper
1103 1101 1295 1133 examinato
1308 1111 1367 1142 per
1380 1111 1440 1132 nos
1455 1101 1605 1143 legitime
1617 1104 1652 1133 et
1664 1101 1814 1133 discusso

419 1146 555 1187 negocio
579 1145 763 1177 Eleccionis
786 1145 952 1177 celebrate
974 1146 1009 1177 in
1034 1145 1238 1177 Monasterio
1261 1145 1330 1176 sive
1355 1144 1511 1176 Prioratu
1539 1145 1582 1176 de
1609 1145 1814 1187 Plymptone

420 1190 582 1232 predicto,
613 1200 673 1231 per
704 1192 851 1221 mortem
883 1189 1011 1221 Fratris
1042 1188 1214 1230 Radulphi
1240 1188 1402 1228 Persoun,
1433 1188 1547 1220 ultimi
1573 1191 1609 1220 et
1636 1188 1814 1221 inmediati

419 1234 543 1266 Prioris
559 1233 714 1275 ejusdem
738 1234 911 1265 Prioratus
935 1233 1112 1273 [vacante]‚
1129 1233 1171 1264 de
1187 1237 1234 1271 te,
1261 1232 1379 1264 Fratre
1403 1233 1558 1264 Johanne
1582 1232 1762 1272 Shaldone,
1777 1232 1814 1264 in

417 1279 566 1310 Priorem
590 1277 744 1319 ejusdem
767 1277 950 1313 Prioratus,
970 1277 1123 1308 Licencia
1145 1280 1181 1308 et
1196 1286 1360 1308 consensu
1376 1276 1501 1308 nostris
1516 1276 1559 1308 ad
1575 1275 1638 1308 hoc
1653 1276 1814 1318 primitus

417 1333 484 1353 non
501 1321 618 1362 petitis
641 1321 694 1352 vel
711 1321 871 1362 optentis,
889 1321 960 1362 qui,
980 1324 1104 1360 tamen,
1118 1320 1160 1351 ab
1175 1320 1318 1361 antiquo
1334 1320 1404 1361 peti
1419 1323 1456 1351 et
1470 1320 1597 1362 requiri
1612 1330 1650 1352 ac
1665 1320 1812 1362 optineri

417 1368 675 1405 consueverunt,
693 1376 712 1396 a
728 1365 909 1406 Suppriore
927 1368 962 1396 et
987 1365 1165 1396 Oonventu
1189 1363 1363 1396 Prioratus
1379 1364 1521 1405 predicti
1544 1374 1604 1406 per
1619 1364 1708 1396 viam
1724 1375 1815 1396 scru-

417 1409 495 1442 tinii
511 1409 720 1440 concorditer
735 1409 851 1449 elect-o,
869 1408 1071 1448 invenimus,
1088 1418 1148 1447 per
1163 1410 1239 1439 acta
1261 1407 1403 1439 actitata
1425 1407 1576 1440 exhibita
1591 1410 1626 1440 et
1649 1408 1816 1450 producta

418 1454 454 1485 in
478 1453 629 1495 predicto
645 1453 782 1494 negocio
805 1463 916 1484 coram
939 1452 1045 1492 nobis,
1062 1452 1228 1493 prefatam
1246 1451 1455 1483 Eleccionem
1479 1452 1522 1483 de
1545 1455 1580 1483 te
1595 1452 1730 1493 factam,
1747 1462 1816 1484 non

417 1508 458 1529 ex
474 1507 613 1538 persone
629 1499 689 1528 tue
705 1496 789 1528 vicio
803 1496 854 1528 vel
866 1496 1012 1536 defectu,
1026 1499 1078 1528 set
1093 1506 1311 1537 personarum
1325 1495 1536 1537 eligencium,
1549 1506 1587 1527 ac
1599 1495 1690 1536 alias,
1701 1495 1815 1528 minus

421 1541 600 1580 Ganonice,
618 1544 654 1572 et
669 1541 796 1582 absque
820 1540 973 1572 Licencia
995 1550 1032 1571 ac
1055 1550 1219 1572 consensu
1242 1539 1377 1579 nostris,
1394 1543 1512 1571 contra
1534 1540 1818 1573 consuetudinem

416 1585 603 1627 predictam
619 1584 655 1616 in
678 1595 718 1616 ea
735 1587 831 1626 parte
852 1584 976 1616 abolim
993 1584 1156 1615 hactenus
1175 1583 1339 1615 usitatam
1356 1587 1392 1615 et
1413 1583 1565 1625 legitime
1584 1583 1816 1626 prescriptam,

422 1640 550 1661 necnon
567 1631 684 1660 contra
699 1629 844 1660 formam
862 1628 1001 1660 Consilii
1024 1627 1195 1660 Generalis
1219 1626 1307 1665 Quia
1319 1631 1464 1669 propter,
1480 1628 1585 1659 fuisse
1601 1630 1636 1659 et
1650 1638 1722 1659 esse
1737 1628 1819 1660 cele-

418 1674 573 1712 bratam3
600 1683 638 1704 ac
663 1675 839 1713 propterea
869 1672 903 1703 in
931 1672 994 1704 hac
1020 1675 1116 1712 parte
1142 1671 1207 1703 rite
1235 1682 1295 1712 per
1319 1671 1432 1703 omnia
1460 1671 1679 1712 procedentes
1709 1671 1818 1713 ipsam

421 1717 644 1755 Eleccionem‚
663 1726 742 1748 cum
765 1716 1008 1747 deliberacione
1024 1718 1059 1747 et
1075 1715 1212 1747 consilio
1226 1714 1313 1756 juris
1336 1715 1522 1756 peritorum
1546 1715 1644 1747 nobis
1659 1715 1816 1748 assisten-

422 1761 525 1798 cium,
543 1760 669 1792 Christi
686 1760 831 1791 Nomine
849 1760 1008 1801 primitus
1025 1759 1189 1797 invocato,
1206 1758 1240 1790 in
1257 1758 1392 1800 scriptis
1408 1758 1657 1791 sentencialiter
1671 1759 1817 1791 infirma-

419 1805 540 1843 vimus,
565 1804 776 1843 cassavimus,
794 1803 1054 1842 adnullavimus,
1072 1805 1107 1835 et
1129 1802 1348 1842 irritavimus,
1365 1813 1403 1834 ac
1426 1802 1575 1844 prefatos
1599 1802 1817 1844 Suppriorem

421 1851 456 1880 et
471 1848 698 1886 Conventum,
716 1847 874 1879 electores
890 1846 1099 1888 hujusmodi,
1116 1846 1286 1878 occasione
1302 1846 1472 1887 premissa,
1489 1849 1658 1887 potestate
1673 1846 1819 1888 eligendi

420 1903 459 1923 ea
475 1892 545 1923 vice
568 1891 774 1932 privavimus
797 1890 1046 1922 sentencialiter
1071 1901 1130 1931 per
1153 1891 1348 1922 Decretum.
1394 1890 1692 1932 Provisionemque
1707 1891 1816 1923 eidem

422 1935 591 1967 Prioratui
606 1935 648 1966 de
672 1935 786 1966 Priore
809 1935 998 1966 faciendam
1015 1934 1058 1966 ad
1080 1944 1151 1973 nos,
1170 1934 1323 1975 proximo
1345 1934 1551 1976 superiorem
1568 1934 1603 1966 in
1626 1934 1687 1966 hac
1709 1937 1817 1976 parte,

421 1990 458 2010 ea
494 1979 674 2018 occasione,
706 1978 768 2010 hac
799 1979 868 2010 vice
898 1978 1095 2010 devolutam
1126 1988 1206 2017 esse,
1238 1980 1372 2009 servato
1403 1978 1440 2009 in
1470 1978 1629 2010 omnibus
1659 1989 1816 2020 processu

420 2023 582 2064 legitimo,
609 2022 817 2054 declarantes
838 2032 846 2061 3
873 2022 1025 2053 Licencia
1051 2023 1094 2053 ad
1122 2021 1183 2053 hec
1209 2020 1399 2053 Reverendi
1424 2021 1460 2053 in
1490 2021 1626 2054 Christo
1653 2022 1764 2054 Patris
1781 2025 1818 2055 et

421 2066 570 2105 Domini,
595 2066 734 2097 Domini
760 2066 927 2106 Willelmi,
952 2065 1016 2097 Dei
1037 2066 1148 2106 gracia
1171 2065 1416 2097 Londoniensis
1440 2065 1608 2107 Episcopi,
1640 2065 1819 2098 Diocesani

423 2110 502 2142 Loci
519 2110 552 2141 in
569 2120 637 2151 quo
653 2110 715 2141 hec
731 2110 844 2141 omnia
856 2110 1000 2141 fecimus
1016 2112 1051 2141 et
1067 2109 1311 2150 expedivimus,
1328 2109 1437 2150 petita
1445 2109 1607 2149 primitus
1621 2111 1657 2142 et
1667 2112 1817 2151 optenta.

421 2155 562 2193 Verum,
579 2154 659 2195 quia
674 2157 717 2193 te,
734 2154 888 2186 Fratrem
901 2154 922 2186 J
925 2153 1092 2185 ohannem
1106 2153 1284 2193 Shaldone,
1302 2153 1613 2195 presbiterum‚etc.
1629 2153 1680 2194 (ut
1690 2153 1818 2196 supra),

421 2198 457 2229 in
480 2198 637 2229 omnibus
660 2197 764 2229 fuisse
787 2200 823 2229 et
846 2203 916 2229 esse
944 2197 1103 2237 habilem,
1128 2197 1280 2238 dignum,
1304 2200 1341 2229 et
1366 2198 1539 2239 ydoneum
1561 2197 1604 2229 ad
1627 2198 1819 2230 prioratum

420 2241 616 2283 hujusmodi
642 2241 876 2282 optinendum,
894 2241 1064 2283 nichilque
1081 2251 1122 2273 ex
1145 2251 1285 2282 persone
1300 2244 1360 2272 tue
1376 2241 1460 2273 vicio
1477 2241 1530 2272 vel
1552 2241 1688 2273 defectu
1704 2241 1741 2273 in
1756 2241 1820 2274 hac

420 2290 515 2327 parte
531 2285 595 2317 tibi
616 2285 767 2317 obviasse
789 2296 848 2317 seu
872 2285 1006 2317 obviare
1029 2285 1212 2327 quominus
1234 2285 1269 2316 in
1294 2285 1444 2317 Priorem
1467 2284 1620 2326 ejusdem
1645 2284 1819 2318 Prion-atus

421 2329 535 2371 prefici
559 2329 668 2361 valeas
692 2332 727 2360 et
751 2329 878 2361 assumi
904 2329 1138 2370 repperimus;
1162 2339 1233 2369 nos,
1257 2339 1299 2360 ne
1321 2328 1412 2360 idem
1437 2328 1610 2360 Prioratus
1633 2328 1818 2361 vacacionis

421 2373 597 2414 dispendia
628 2373 760 2405 diucius
791 2376 976 2414 pateretur,
1002 2373 1177 2414 cupientes
1204 2372 1306 2404 talem
1333 2372 1384 2404 illi
1410 2382 1521 2414 presse
1546 2382 1722 2413 personam
1749 2383 1816 2414 que

421 2420 518 2449 tanto
545 2417 722 2449 conveniat
752 2417 845 2448 oneri
871 2420 907 2449 et
932 2417 1061 2457 honori,
1088 2419 1166 2458 post
1191 2416 1469 2448 deliberacionem
1495 2426 1597 2458 quam
1624 2426 1726 2457 super
1752 2416 1816 2449 hoc

422 2461 604 2493 habuimus
627 2461 835 2502 diligentem,
859 2461 893 2492 in
916 2463 962 2501 te,
986 2471 1087 2502 quem
1111 2460 1203 2492 zelus
1229 2463 1264 2491 et
1289 2460 1402 2491 fervor
1427 2459 1596 2501 religionis
1620 2459 1756 2502 viteque
1779 2463 1816 2493 et

421 2515 555 2537 morum
567 2505 734 2545 honestas,
750 2505 940 2536 Literarum
957 2504 1107 2544 sciencia,
1121 2514 1265 2543 concors,
1280 2503 1394 2543 eciam,
1411 2503 1491 2535 licet
1506 2504 1620 2535 minus
1636 2503 1812 2545 Canonica,

421 2549 463 2580 de
479 2551 514 2580 te
524 2548 723 2590 hujusmodi
738 2548 903 2580 celebrata
920 2548 1059 2587 Eleccio,
1070 2558 1108 2579 ac
1123 2547 1187 2579 alia
1199 2547 1380 2579 laudabilia
1395 2546 1573 2588 probitatis
1589 2550 1625 2578 et
1640 2547 1812 2580 virtutum

421 2593 543 2624 merita
564 2592 799 2634 multipliciter
821 2593 1059 2633 suffragantur,
1075 2591 1252 2632 dirigimus
1275 2591 1388 2622 oculos
1404 2591 1527 2622 mentis
1543 2594 1667 2630 nostre,
1684 2601 1722 2623 ac
1736 2602 1813 2623 con-

422 2636 626 2668 sideracione
636 2636 874 2677 premissorum
885 2636 927 2667 de
937 2645 1078 2677 persona
1088 2637 1149 2667 tua
1161 2634 1270 2667 eidem
1287 2634 1455 2666 Prioratui
1471 2637 1587 2666 tenore
1598 2635 1814 2667 Presencium

422 2680 647 2721 providemus,
664 2683 766 2721 teque
782 2680 817 2711 in
842 2680 989 2711 Priorem
1016 2679 1223 2720 Perpetuum
1245 2677 1400 2719 ejusdem
1423 2678 1607 2717 Prioratus,
1625 2677 1702 2720 jure
1717 2678 1814 2711 nobis

421 2724 484 2755 hac
506 2723 578 2755 vice
600 2723 774 2763 devoluto,
799 2723 1003 2755 auctoritate
1026 2726 1141 2754 nostra
1171 2721 1370 2761 Pontificali,
1394 2721 1597 2763 preficimus,
1631 2732 1747 2754 curam
1775 2733 1814 2755 ac

422 2767 570 2808 regimen
594 2771 630 2799 et
652 2767 982 2799 administracionem
1006 2766 1089 2798 dicti
1111 2765 1295 2804 Prioratus,
1311 2765 1434 2797 tamin
1450 2764 1684 2806 spiritualibus
1708 2776 1814 2807 quam

422 2811 674 2852 temporalibus,
691 2821 769 2843 cum
792 2811 862 2842 suis
883 2811 1018 2852 juribus
1033 2812 1070 2842 et
1091 2809 1308 2851 pertinenciis
1330 2808 1504 2849 universis,
1522 2809 1586 2841 tibi
1608 2809 1643 2841 in
1669 2809 1814 2842 Domino

423 2854 677 2886 committentes
692 2865 702 2893 3
719 2857 822 2896 teque
837 2865 896 2896 per
912 2854 1005 2886 Libri
1021 2853 1129 2885 nostri
1144 2852 1365 2885 tradicionem
1381 2853 1422 2884 de
1434 2852 1551 2884 eodem
1568 2853 1725 2885 Prioratu
1740 2863 1814 2895 pre·

423 2898 612 2930 sencialiter
634 2899 860 2935 investimus;
882 2899 1100 2930 decernentes
1123 2900 1158 2929 te
1180 2897 1215 2928 in
1238 2897 1443 2938 corporalem
1465 2896 1707 2938 possessionem
1729 2895 1814 2929 dicti

424 2942 606 2982 prioratus,
624 2942 926 2983 universorumque
948 2941 1078 2983 jurium
1094 2943 1129 2973 et
1152 2940 1437 2982 pertinenciarum
1459 2940 1615 2982 ejusdem
1630 2940 1702 2972 fore
1720 2943 1813 2973 actu-

423 2985 522 3018 aliter
553 2985 785 3018 inducendum
816 2988 851 3018 et
881 2985 1136 3025 installandum,
1173 2983 1309 3026 juribus
1339 2983 1464 3016 nostris
1495 2983 1749 3026 Episcopalibus
1779 2986 1816 3017 et

1975 2265 1988 2577 ‹nb-mwfflrwnf-“it-Auz.
1973 2223 1988 2251 .⁷.-
1986 2199 1988 2201 .
1986 2159 1988 2161 .
