1988 3256
437 375 731 411 REGISTRUM
768 375 1234 411 οοΜΜσΝΕ-ΑΝΝΟ
1263 363 1358 411 13⁰.
1566 367 1658 411 461

106 478 184 505 Α-Β·
263 480 350 513 ciam
365 480 494 513 Thome
510 480 625 523 Grydy
641 483 678 514 et
693 480 856 522 Mai-geria
871 481 969 513 uxori
991 481 1155 523 ejusdem,
1173 481 1267 523 quod
1289 481 1422 523 possint
1445 481 1555 513 facere
1577 481 1660 513 cele-

106 514 205 574 {3321-
262 525 352 556 brari
376 525 509 565 Divina,
528 528 604 564 etc,
629 526 665 556 in
689 525 825 566 Capella
847 525 917 557 sive
941 525 1104 565 Orator-io,
1128 528 1190 557 aut
1212 525 1277 556 alio
1299 525 1372 556 loco
1395 525 1548 565 honesto,
1572 525 1662 557 infra

163 567 170 574 '
263 569 472 601 Mansionem
495 570 678 612 eorundem
710 569 753 601 de
784 568 1024 611 Dounebrigge
1054 568 1335 611 [Dunnahridye],
1366 568 1403 600 in
1433 569 1595 601 Parochia
1617 569 1661 600 de

262 613 466 645 Liddeforde
481 624 490 651 ;
512 613 688 655 quamdiu,
705 617 768 645 etc.

217 667 680 719 Letters-Dimissory,—

216 722 308 755 John
325 722 448 764 Cosyn,
464 722 600 762 deaeon,
619 722 693 754 “ad
709 722 849 754 Sacrum
867 721 1116 754 presbiteratus
1133 721 1297 754 Ordinem
1308 722 1326 735 ”
1344 721 1450 762 (same
1466 722 1571 762 date).

217 777 386 816 General
406 777 570 815 Licence
586 790 597 825 ;
625 777 707 815 Pro
729 776 972 826 Capellis,--
1348 824 1350 827 v

220 832 319 871 Item,
335 831 425 873 apud
449 831 545 872 Clist,
563 831 668 872 xxviij
693 832 748 862 die
770 831 906 873 Aprilis,
923 831 1091 863 Dominus
1114 831 1279 863 concessit
1302 831 1490 863 Licenciam
1515 831 1661 863 Domino

262 876 284 908 J
287 875 411 907 ohanni
427 875 584 914 Saxtone,
603 875 806 914 Precentori,
822 878 858 906 et
873 875 1035 916 Magistro
1052 875 1094 907 H.
1115 875 1335 917 Hickelynge,
1354 875 1523 908 canonico
1548 876 1659 907 Eccle-

263 919 311 951 sie
335 919 542 959 Exoniensis,
566 919 608 950 ad
631 919 869 950 celebrandum
893 922 928 950 et
956 919 1116 950 celebrari
1142 919 1335 950 faciendum
1364 919 1498 958 Divina,
1528 919 1563 951 in
1587 930 1659 960 pre-

265 963 375 995 sencia
392 963 552 1005 ipsorum,
569 973 628 1004 per
643 962 845 1004 presbiteros
860 963 1017 1004 ydoneos,
1035 963 1070 994 in
1087 963 1229 1003 singulis
1245 962 1389 1004 Capellis
1401 963 1472 994 sive
1487 963 1659 1003 Oratoriis,

264 1009 322 1038 aut
339 1007 412 1038 aliis
427 1007 507 1039 locis
522 1006 672 1038 honestis
694 1006 783 1038 infra
807 1006 989 1039 Civitatem
1013 1009 1049 1039 et
1072 1006 1240 1038 Diocesim
1264 1006 1393 1039 Exonie
1416 1006 1560 1039 ubilibet
1583 1017 1659 1039 con-

262 1051 414 1090 stitutis3
438 1050 612 1093 quamdiu,
629 1053 692 1082 etc.

106 1104 160 1154 ¹⁴3¹·
220 1105 682 1157 Letters-Dimissory,——

144 1159 151 1166 '
220 1160 366 1211 Tliomas
382 1159 539 1245 Boeffe,}
563 1160 810 1243 {subt-iea.c‹'›'ne¹
843 1160 914 1191 “ad
939 1159 1058 1222 Sacros
1081 1159 1289 1193 Diaconatus
1312 1163 1347 1193 et
1370 1160 1576 1193 Diacouatus
1599 1162 1658 1194 Or-

220 1204 366 1236 Richard
384 1203 488 1243 Clerc,
635 1204 731 1235 dines
780 1203 901 1245 (Clyst,
919 1205 960 1236 30
975 1204 1041 1245 Api
1049 1204 1097 1244 11).

219 1259 435 1311 Plymouth
452 1273 462 1307 3
490 1259 647 1297 Licence
667 1266 703 1297 to
723 1259 971 1304 celebrate,—

219 1314 319 1353 Item,
345 1314 481 1354 ibidem,
509 1313 625 1345 eodem
649 1313 714 1353 die,
738 1313 906 1345 Dominus
927 1313 1092 1344 concessit
1115 1313 1305 1345 Licenciam
1328 1314 1497 1346 willelmo
1521 1314 1600 1346 Cole
1623 1318 1659 1347 ct

261 1358 337 1399 ejus
353 1357 459 1397 uxori,
476 1357 567 1398 quod
583 1357 714 1398 possint
730 1357 838 1388 facere
854 1356 1013 1388 celebrari
1029 1357 1163 1396 Divina,
1180 1360 1258 1397 etc„
1275 1358 1310 1389 iu
1328 1357 1463 1398 Capella
1485 1358 1555 1390 sive
1579 1358 1658 1390 Ora-

262 1402 349 1433 torio
366 1401 548 1433 Mansionis
563 1401 714 1442 ipsorum
730 1401 773 1432 de
790 1400 1033 1432 Plummouthe
1050 1411 1059 1440 ;
1083 1411 1141 1441 per
1157 1411 1266 1433 unum
1282 1411 1409 1433 annum
1426 1402 1636 1435 duraturam.

110 1456 190 1483 ΜΑῐ-
219 1456 678 1507 Letters-Dimissory,—

110 1498 155 1517 us.
218 1509 313 1543 John
331 1510 483 1550 Ferrour,
499 1510 699 1549 subdeacom
717 1509 791 1541 “ad
807 1509 926 1542 Sacros
942 1509 1149 1542 Diaconatus
1165 1512 1200 1542 et
1217 1510 1464 1543 Presbiteratus
1483 1511 1625 1544 Ordines
1638 1512 1657 1524 ”

263 1554 447 1596 (Colyford,
466 1555 486 1585 2
507 1553 610 1595 May).

217 1684 356 1782 gigne
374 1684 554 1736 &ozilini
574 1685 831 1739 zuprahitto,
856 1687 894 1729 et
923 1687 1278 1731 Qtonzecrationiz
1307 1687 1486 1741 §ozilini
1517 1689 1658 1732 tertio-

304 1752 439 1782 emmo.

221 1805 681 1858 Letters-Dimissory,—

220 1860 350 1892 Walter
378 1861 555 1902 Werynge,
579 1862 679 1901 clerk,
705 1861 779 1893 “ad
803 1872 918 1893 omnes
941 1865 1011 1894 tam
1038 1863 1183 1894 Minores
1206 1873 1308 1904 quam
1333 1863 1451 1895 Sacros
1479 1864 1624 1896 Ordines
1638 1865 1656 1877 '¹

265 1904 430 1944 (London,
450 1904 489 1938 17
508 1905 611 1946 May).

221 1958 517 2010 Berry-Narbor
532 1958 862 2012 [Bnrynerberde‚
877 1959 991 2014 MS.],
1009 1961 1072 1999 Sir
1085 1962 1257 2000 Thomas
1271 1962 1320 2000 de
1333 1963 1527 2009 Dentone,
1542 1963 1660 2009 R„—

223 2014 362 2045 Licence
385 2014 419 2045 of
443 2015 705 2054 non-residence,
723 2016 741 2030 ‘⁴
755 2015 916 2056 quamdin
943 2016 1077 2047 steterit
1099 2016 1133 2048 in
1158 2016 1326 2058 obsequiis
1344 2017 1481 2048 Domini
1497 2017 1659 2049 willelmi

265 2057 308 2089 de
323 2056 484 2097 slaforde,
502 2058 627 2090 Decani
645 2058 763 2090 Libere
781 2058 914 2100 capelle
930 2059 1032 2100 Regie
1043 2060 1164 2096 Sancti
1188 2060 1352 2102 Stephani
1375 2060 1463 2092 infra
1488 2061 1658 2093 palacium

266 2101 408 2142 Regium
424 2101 716 2134 Westmonasterii
729 2102 748 2115 ’'
765 2102 931 2142 (London,
948 2104 987 2134 21
1006 2103 1110 2146 May).

219 2154 382 2203 Lifton3
410 2155 474 2193 Sir
498 2156 649 2195 Robert
669 2157 865 2202 Raundes,
889 2157 1006 2204 R„-

223 2209 361 2241 Licence
377 2209 412 2241 of
428 2210 682 2242 non-residence
697 2211 749 2242 sor
764 2221 783 2242 a
798 2221 878 2252 year
894 2211 1060 2251 (London,
1079 2213 1120 2244 23
1137 2212 1241 2254 May).

221 2263 378 2302 Letters
398 2263 686 2316 Dimissory,—

222 2317 314 2349 John
330 2318 493 2358 Pascowe,

221 2361 312 2392 John
332 2361 486 2400 Huvelle,
540 2325 556 2410 1
629 2361 781 2400 deacons,
816 2362 835 2377 ‘⁵
847 2363 890 2394 ad
921 2363 1038 2395 Sacros
1069 2363 1320 2396 Presbiteratus
1353 2365 1496 2398 Ordines
1509 2366 1528 2380 '¹
1561 2366 1659 2406 (East

222 2404 314 2436 John
334 2404 514 2445 Withidle,
539 2414 555 2482 j
675 2406 828 2447 Horsley,
846 2407 887 2438 26
906 2406 1007 2448 May).

222 2448 370 2479 Thomas
393 2448 492 2487 Coke,

221 2502 572 2553 Cheriton-Bishop
602 2499 825 2555 [Chii-itone
854 2504 1050 2555 Episcopi,
1070 2503 1172 2558 MS.]
1187 2519 1198 2553 ;
1227 2506 1290 2544 Sir
1319 2506 1424 2545 John
1451 2507 1643 2547 Bateman

222 2557 362 2642 Licffiice
377 2610 413 2642 of
427 2610 684 2642 non-residence
699 2610 752 2643 for
766 2622 786 2642 a
801 2622 880 2653 year
899 2612 996 2652 (East
1019 2613 1173 2656 Horsley,
1191 2614 1232 2648 27
1249 2614 1351 2656 May).

221 2665 378 2703 Letters
397 2665 686 2716 Dimissory‚-—

224 2719 354 2751 Walter
368 2719 495 2759 Yonge,
511 2719 711 2759 subdeacon‚
730 2720 802 2752 “ad
819 2720 957 2752 Sacrum
975 2721 1180 2753 Diaconatus
1204 2723 1364 2756 Ordinem
1378 2725 1395 2737 '’
1419 2725 1525 2763 (same
1548 2726 1654 2766 date).

222 2762 368 2794 Thomas
383 2762 536 2803 Smythe,
552 2762 588 2794 of
602 2763 757 2803 Polruan,
774 2764 920 2804 accolite,
936 2765 954 2779 “
966 2765 1008 2797 ad
1025 2765 1164 2797 Sacrum
1178 2767 1448 2800 Subdiaconatus
1461 2768 1621 2802 Ordinem
1638 2771 1655 2783 '¹
1708 2796 1712 2799 ,

224 2806 373 2880 117111111ῃυῖ
388 2805 554 2888 {lixum
571 2848 670 2889 elerk,
688 2849 707 2865 “
719 2850 761 2881 ad
777 2860 893 2882 omnes
910 2850 1055 2883 Minores
1071 2855 1106 2884 et
1121 2853 1223 2885 eciam
1238 2853 1354 2886 Sacros
1367 2855 1509 2887 Ordines
1523 2856 1541 2869 ’'
1558 2857 1656 2896 (Eust

267 2892 420 2933 Horsley,
438 2892 479 2924 28
496 2892 598 2933 May).

226 2936 342 2977 Hem-y
359 2934 546 2977 Nanskilly,
591 2935 614 3020 }
668 2935 819 2975 deaeons,
845 2937 915 2969 “ad
939 2937 1057 2970 Sacros
1083 2938 1328 2972 Presbiteratus
1353 2940 1495 2973 Ordines
1508 2943 1526 2955 ’'
1551 2944 1655 2983 (same

226 2978 368 3013 Richard
389 2978 578 3019 Edmunde,
711 2979 814 3019 date),
