<?xml version="1.0" encoding="UTF-8"?>
<!DOCTYPE html PUBLIC "-//W3C//DTD XHTML 1.0 Transitional//EN"
    "http://www.w3.org/TR/xhtml1/DTD/xhtml1-transitional.dtd">
<html xmlns="http://www.w3.org/1999/xhtml" xml:lang="en" lang="en">
 <head>
  <title>
</title>
<meta http-equiv="Content-Type" content="text/html;charset=utf-8" />
  <meta name='ocr-system' content='tesseract 3.04.00' />
  <meta name='ocr-capabilities' content='ocr_page ocr_carea ocr_par ocr_line ocrx_word'/>
</head>
<body>
  <div class='ocr_page' id='page_1' title='image "./registerofthomas01hinguoft/registerofthomas01hinguoft_0366.png"; bbox 0 0 1988 3256; ppageno 0'>
   <div class='ocr_carea' id='block_1_1' title="bbox 336 377 430 422">
    <p class='ocr_par' dir='ltr' id='par_1_1' title="bbox 336 377 430 422">
     <span class='ocr_line' id='line_1_1' title="bbox 336 377 430 422; baseline 0 0"><span class='ocrx_word' id='word_1_1' title='bbox 336 377 430 422; x_wconf 87' lang='lat'>348</span> 
     </span>
    </p>
   </div>
   <div class='ocr_carea' id='block_1_2' title="bbox 335 491 412 552">
    <p class='ocr_par' dir='ltr' id='par_1_2' title="bbox 335 491 412 552">
     <span class='ocr_line' id='line_1_2' title="bbox 335 491 411 521; baseline 0.026 -3"><span class='ocrx_word' id='word_1_2' title='bbox 335 491 411 521; x_wconf 59' lang='grc' dir='ltr'>ΑΛ).</span> 
     </span>
     <span class='ocr_line' id='line_1_3' title="bbox 337 525 412 552; baseline 0 0"><span class='ocrx_word' id='word_1_3' title='bbox 337 525 412 552; x_wconf 83' lang='lat'><strong>1374.</strong></span> 
     </span>
    </p>
   </div>
   <div class='ocr_carea' id='block_1_3' title="bbox 547 385 1677 424">
    <p class='ocr_par' dir='ltr' id='par_1_3' title="bbox 547 385 1677 424">
     <span class='ocr_line' id='line_1_4' title="bbox 547 385 1677 424; baseline 0.003 -3"><span class='ocrx_word' id='word_1_4' title='bbox 547 388 648 422; x_wconf 81' lang='lat' dir='ltr'>THE</span> <span class='ocrx_word' id='word_1_5' title='bbox 682 387 924 422; x_wconf 75' lang='lat' dir='ltr'>REGISTER</span> <span class='ocrx_word' id='word_1_6' title='bbox 960 386 1021 420; x_wconf 87' lang='lat' dir='ltr'>OF</span> <span class='ocrx_word' id='word_1_7' title='bbox 1057 385 1235 421; x_wconf 87' lang='lat' dir='ltr'>BISHOP</span> <span class='ocrx_word' id='word_1_8' title='bbox 1271 386 1677 424; x_wconf 77' lang='lat' dir='ltr'><strong>BRANTYNGHAM.</strong></span> 
     </span>
    </p>
   </div>
   <div class='ocr_carea' id='block_1_4' title="bbox 451 492 1524 544">
    <p class='ocr_par' dir='ltr' id='par_1_4' title="bbox 451 492 1524 544">
     <span class='ocr_line' id='line_1_5' title="bbox 451 492 1524 544; baseline 0.002 -13"><span class='ocrx_word' id='word_1_9' title='bbox 451 494 512 532; x_wconf 84' lang='lat' dir='ltr'>St.</span> <span class='ocrx_word' id='word_1_10' title='bbox 534 493 993 544; x_wconf 84' lang='lat' dir='ltr'>Anthony-in-Meneage</span> <span class='ocrx_word' id='word_1_11' title='bbox 1009 505 1017 538; x_wconf 86' lang='lat'><em>3</em></span> <span class='ocrx_word' id='word_1_12' title='bbox 1047 492 1202 531; x_wconf 76' lang='lat' dir='ltr'>Licence</span> <span class='ocrx_word' id='word_1_13' title='bbox 1221 500 1259 531; x_wconf 78' lang='lat' dir='ltr'>to</span> <span class='ocrx_word' id='word_1_14' title='bbox 1278 494 1524 542; x_wconf 81' lang='lat' dir='ltr'>celebrate,—</span> 
     </span>
    </p>
   </div>
   <div class='ocr_carea' id='block_1_5' title="bbox 335 547 1884 592">
    <p class='ocr_par' dir='ltr' id='par_1_5' title="bbox 335 547 1884 592">
     <span class='ocr_line' id='line_1_6' title="bbox 335 547 1884 592; baseline 0.003 -13"><span class='ocrx_word' id='word_1_15' title='bbox 335 559 435 587; x_wconf 70' lang='lat' dir='ltr'>v01‚1,</span> <span class='ocrx_word' id='word_1_16' title='bbox 451 548 549 587; x_wconf 84' lang='lat' dir='ltr'>Item,</span> <span class='ocrx_word' id='word_1_17' title='bbox 566 547 702 586; x_wconf 78' lang='lat' dir='ltr'>ibidem,</span> <span class='ocrx_word' id='word_1_18' title='bbox 718 551 755 579; x_wconf 88' lang='lat' dir='ltr'>et</span> <span class='ocrx_word' id='word_1_19' title='bbox 770 547 888 578; x_wconf 90' lang='lat' dir='ltr'>eodem</span> <span class='ocrx_word' id='word_1_20' title='bbox 904 547 969 586; x_wconf 91' lang='lat' dir='ltr'>die,</span> <span class='ocrx_word' id='word_1_21' title='bbox 987 547 1152 578; x_wconf 84' lang='lat' dir='ltr'>Dominus</span> <span class='ocrx_word' id='word_1_22' title='bbox 1167 548 1330 580; x_wconf 78' lang='lat' dir='ltr'>concessit</span> <span class='ocrx_word' id='word_1_23' title='bbox 1354 549 1542 582; x_wconf 88' lang='lat' dir='ltr'>Licenciam</span> <span class='ocrx_word' id='word_1_24' title='bbox 1557 550 1725 582; x_wconf 86' lang='lat' dir='ltr'>Willelmo</span> <span class='ocrx_word' id='word_1_25' title='bbox 1741 551 1884 592; x_wconf 76' lang='lat' dir='ltr'>Tregors</span> 
     </span>
    </p>
   </div>
   <div class='ocr_carea' id='block_1_6' title="bbox 337 731 388 759">
    <p class='ocr_par' dir='ltr' id='par_1_6' title="bbox 337 731 388 759">
     <span class='ocr_line' id='line_1_7' title="bbox 337 731 388 759; baseline 0.02 -1"><span class='ocrx_word' id='word_1_26' title='bbox 337 731 388 759; x_wconf 76' lang='lat' dir='ltr'>fol.</span> 
     </span>
    </p>
   </div>
   <div class='ocr_carea' id='block_1_7' title="bbox 334 767 377 792">
    <p class='ocr_par' dir='ltr' id='par_1_7' title="bbox 334 767 377 792">
     <span class='ocr_line' id='line_1_8' title="bbox 334 767 377 792; baseline 0 0"><span class='ocrx_word' id='word_1_27' title='bbox 334 767 377 792; x_wconf 77' lang='lat'>56.</span> 
     </span>
    </p>
   </div>
   <div class='ocr_carea' id='block_1_8' title="bbox 488 590 1884 720">
    <p class='ocr_par' dir='ltr' id='par_1_8' title="bbox 488 590 1884 720">
     <span class='ocr_line' id='line_1_9' title="bbox 489 590 1884 636; baseline 0.003 -13"><span class='ocrx_word' id='word_1_28' title='bbox 489 591 634 623; x_wconf 87' lang='lat' dir='ltr'>faciendi</span> <span class='ocrx_word' id='word_1_29' title='bbox 649 591 810 622; x_wconf 82' lang='lat' dir='ltr'>celebrari</span> <span class='ocrx_word' id='word_1_30' title='bbox 826 590 948 622; x_wconf 86' lang='lat' dir='ltr'>Divina</span> <span class='ocrx_word' id='word_1_31' title='bbox 963 591 999 621; x_wconf 90' lang='lat' dir='ltr'>in</span> <span class='ocrx_word' id='word_1_32' title='bbox 1015 590 1186 631; x_wconf 80' lang='lat' dir='ltr'>presencia</span> <span class='ocrx_word' id='word_1_33' title='bbox 1208 602 1269 623; x_wconf 86' lang='lat' dir='ltr'>sua</span> <span class='ocrx_word' id='word_1_34' title='bbox 1291 594 1328 624; x_wconf 89' lang='lat' dir='ltr'>et</span> <span class='ocrx_word' id='word_1_35' title='bbox 1350 593 1465 625; x_wconf 87' lang='lat' dir='ltr'>uxoris</span> <span class='ocrx_word' id='word_1_36' title='bbox 1487 603 1556 633; x_wconf 89' lang='lat' dir='ltr'>sue,</span> <span class='ocrx_word' id='word_1_37' title='bbox 1579 594 1615 625; x_wconf 91' lang='lat' dir='ltr'>in</span> <span class='ocrx_word' id='word_1_38' title='bbox 1639 594 1775 636; x_wconf 81' lang='lat' dir='ltr'>Capella</span> <span class='ocrx_word' id='word_1_39' title='bbox 1794 594 1884 627; x_wconf 81' lang='lat' dir='ltr'>infra</span> 
     </span>
     <span class='ocr_line' id='line_1_10' title="bbox 490 634 1883 679; baseline 0.004 -14"><span class='ocrx_word' id='word_1_40' title='bbox 490 635 680 666; x_wconf 82' lang='lat' dir='ltr'>Manerium</span> <span class='ocrx_word' id='word_1_41' title='bbox 703 645 804 666; x_wconf 89' lang='lat' dir='ltr'>suum</span> <span class='ocrx_word' id='word_1_42' title='bbox 826 634 869 665; x_wconf 89' lang='lat' dir='ltr'>de</span> <span class='ocrx_word' id='word_1_43' title='bbox 891 634 1124 674; x_wconf 65' lang='lat' dir='ltr'>Tremtheke,</span> <span class='ocrx_word' id='word_1_44' title='bbox 1148 638 1211 667; x_wconf 87' lang='lat' dir='ltr'>aut</span> <span class='ocrx_word' id='word_1_45' title='bbox 1233 635 1304 667; x_wconf 90' lang='lat' dir='ltr'>loco</span> <span class='ocrx_word' id='word_1_46' title='bbox 1324 636 1368 667; x_wconf 80' lang='lat' dir='ltr'>ad</span> <span class='ocrx_word' id='word_1_47' title='bbox 1396 636 1458 668; x_wconf 87' lang='lat' dir='ltr'>hoc</span> <span class='ocrx_word' id='word_1_48' title='bbox 1476 647 1624 679; x_wconf 86' lang='lat' dir='ltr'>congruo</span> <span class='ocrx_word' id='word_1_49' title='bbox 1649 641 1685 670; x_wconf 91' lang='lat' dir='ltr'>et</span> <span class='ocrx_word' id='word_1_50' title='bbox 1713 638 1883 677; x_wconf 74' lang='lat' dir='ltr'>honest-03</span> 
     </span>
     <span class='ocr_line' id='line_1_11' title="bbox 488 677 1020 720; baseline -0.002 -10"><span class='ocrx_word' id='word_1_51' title='bbox 488 679 652 720; x_wconf 87' lang='lat' dir='ltr'>quamdiu</span> <span class='ocrx_word' id='word_1_52' title='bbox 677 678 822 709; x_wconf 92' lang='lat' dir='ltr'>Domino</span> <span class='ocrx_word' id='word_1_53' title='bbox 843 677 1020 719; x_wconf 77' lang='lat' dir='ltr'><strong>placuerit.</strong></span> 
     </span>
    </p>
   </div>
   <div class='ocr_carea' id='block_1_9' title="bbox 443 732 1719 831">
    <p class='ocr_par' dir='ltr' id='par_1_9' title="bbox 443 732 1719 831">
     <span class='ocr_line' id='line_1_12' title="bbox 445 732 1474 783; baseline 0.003 -12"><span class='ocrx_word' id='word_1_54' title='bbox 445 732 908 783; x_wconf 86' lang='lat' dir='ltr'>Letters—Dimissory,—-</span> <span class='ocrx_word' id='word_1_55' title='bbox 1466 771 1474 779; x_wconf 17' lang='grc' dir='ltr'>Α,</span> 
     </span>
     <span class='ocr_line' id='line_1_13' title="bbox 443 786 1719 831; baseline 0.002 -12"><span class='ocrx_word' id='word_1_56' title='bbox 443 787 554 829; x_wconf 88' lang='lat' dir='ltr'>Ralph</span> <span class='ocrx_word' id='word_1_57' title='bbox 572 788 698 828; x_wconf 84' lang='lat' dir='ltr'>Henry,</span> <span class='ocrx_word' id='word_1_58' title='bbox 714 787 862 826; x_wconf 73' lang='lat' dir='ltr'><strong>accolito,</strong></span> <span class='ocrx_word' id='word_1_59' title='bbox 882 787 900 802; x_wconf 82' lang='lat'>‘⁴</span> <span class='ocrx_word' id='word_1_60' title='bbox 912 787 956 819; x_wconf 86' lang='lat' dir='ltr'>ad</span> <span class='ocrx_word' id='word_1_61' title='bbox 972 796 1088 819; x_wconf 89' lang='lat' dir='ltr'>omnes</span> <span class='ocrx_word' id='word_1_62' title='bbox 1105 787 1223 819; x_wconf 81' lang='lat' dir='ltr'>Sacros</span> <span class='ocrx_word' id='word_1_63' title='bbox 1245 787 1388 820; x_wconf 75' lang='lat' dir='ltr'><strong>Ordines</strong></span> <span class='ocrx_word' id='word_1_64' title='bbox 1402 786 1423 802; x_wconf 86' lang='lat'>’&#39;</span> <span class='ocrx_word' id='word_1_65' title='bbox 1441 788 1564 831; x_wconf 87' lang='lat' dir='ltr'>(Clyst,</span> <span class='ocrx_word' id='word_1_66' title='bbox 1583 788 1601 823; x_wconf 91' lang='grc'><strong><em>7</em></strong></span> <span class='ocrx_word' id='word_1_67' title='bbox 1619 789 1719 830; x_wconf 61' lang='lat' dir='ltr'>Oct).</span> 
     </span>
    </p>
   </div>
   <div class='ocr_carea' id='block_1_10' title="bbox 447 841 1349 892">
    <p class='ocr_par' dir='ltr' id='par_1_10' title="bbox 447 841 1349 892">
     <span class='ocr_line' id='line_1_14' title="bbox 447 841 1349 892; baseline 0.001 -12"><span class='ocrx_word' id='word_1_68' title='bbox 447 843 503 881; x_wconf 87' lang='lat' dir='ltr'>St.</span> <span class='ocrx_word' id='word_1_69' title='bbox 530 842 682 880; x_wconf 86' lang='lat' dir='ltr'>Mewan</span> <span class='ocrx_word' id='word_1_70' title='bbox 698 855 709 891; x_wconf 88' lang='lat'><em>3</em></span> <span class='ocrx_word' id='word_1_71' title='bbox 729 842 792 880; x_wconf 85' lang='lat' dir='ltr'>Sir</span> <span class='ocrx_word' id='word_1_72' title='bbox 812 842 951 892; x_wconf 87' lang='lat' dir='ltr'>Henry</span> <span class='ocrx_word' id='word_1_73' title='bbox 970 841 1210 892; x_wconf 87' lang='lat' dir='ltr'>Gwothylle,</span> <span class='ocrx_word' id='word_1_74' title='bbox 1232 842 1349 889; x_wconf 67' lang='lat' dir='ltr'>R„-</span> 
     </span>
    </p>
   </div>
   <div class='ocr_carea' id='block_1_11' title="bbox 444 896 1539 939">
    <p class='ocr_par' dir='ltr' id='par_1_11' title="bbox 444 896 1539 939">
     <span class='ocr_line' id='line_1_15' title="bbox 444 896 1539 939; baseline 0.002 -11"><span class='ocrx_word' id='word_1_75' title='bbox 444 897 584 929; x_wconf 89' lang='lat' dir='ltr'>Licence</span> <span class='ocrx_word' id='word_1_76' title='bbox 601 896 636 927; x_wconf 80' lang='lat' dir='ltr'>of</span> <span class='ocrx_word' id='word_1_77' title='bbox 658 896 913 927; x_wconf 84' lang='lat' dir='ltr'>non-residence</span> <span class='ocrx_word' id='word_1_78' title='bbox 928 896 982 927; x_wconf 80' lang='lat' dir='ltr'>for</span> <span class='ocrx_word' id='word_1_79' title='bbox 997 906 1017 927; x_wconf 90' lang='lat' dir='ltr'>a</span> <span class='ocrx_word' id='word_1_80' title='bbox 1032 906 1122 938; x_wconf 79' lang='lat' dir='ltr'>year,</span> <span class='ocrx_word' id='word_1_81' title='bbox 1139 899 1176 928; x_wconf 86' lang='lat' dir='ltr'>to</span> <span class='ocrx_word' id='word_1_82' title='bbox 1192 897 1298 939; x_wconf 84' lang='lat' dir='ltr'>study</span> <span class='ocrx_word' id='word_1_83' title='bbox 1314 897 1420 937; x_wconf 87' lang='lat' dir='ltr'>(same</span> <span class='ocrx_word' id='word_1_84' title='bbox 1436 897 1539 938; x_wconf 87' lang='lat' dir='ltr'>date).</span> 
     </span>
    </p>
   </div>
   <div class='ocr_carea' id='block_1_12' title="bbox 445 940 1882 1004">
    <p class='ocr_par' dir='ltr' id='par_1_12' title="bbox 445 940 1882 1004">
     <span class='ocr_line' id='line_1_16' title="bbox 445 940 1882 1004; baseline 0.002 -16"><span class='ocrx_word' id='word_1_85' title='bbox 445 940 811 1000; x_wconf 65' lang='lat' dir='ltr'>Bratton-Fieming</span> <span class='ocrx_word' id='word_1_86' title='bbox 832 949 1042 1002; x_wconf 81' lang='lat' dir='ltr'>[Brattone</span> <span class='ocrx_word' id='word_1_87' title='bbox 1065 948 1171 1004; x_wconf 84' lang='lat' dir='ltr'><strong>MS.]</strong></span> <span class='ocrx_word' id='word_1_88' title='bbox 1187 964 1198 998; x_wconf 97' lang='lat'><em>3</em></span> <span class='ocrx_word' id='word_1_89' title='bbox 1218 951 1370 990; x_wconf 80' lang='lat' dir='ltr'>Master</span> <span class='ocrx_word' id='word_1_90' title='bbox 1384 952 1560 990; x_wconf 89' lang='lat' dir='ltr'>William</span> <span class='ocrx_word' id='word_1_91' title='bbox 1576 952 1745 1004; x_wconf 83' lang='lat' dir='ltr'>Crydye,</span> <span class='ocrx_word' id='word_1_92' title='bbox 1764 953 1882 1000; x_wconf 67' lang='lat' dir='ltr'>R„—</span> 
     </span>
    </p>
   </div>
   <div class='ocr_carea' id='block_1_13' title="bbox 445 1004 1881 1090">
    <p class='ocr_par' dir='ltr' id='par_1_13' title="bbox 445 1004 1881 1090">
     <span class='ocr_line' id='line_1_17' title="bbox 445 1004 1881 1048; baseline 0.002 -11"><span class='ocrx_word' id='word_1_93' title='bbox 445 1006 585 1038; x_wconf 89' lang='lat' dir='ltr'>Licence</span> <span class='ocrx_word' id='word_1_94' title='bbox 607 1005 643 1036; x_wconf 80' lang='lat' dir='ltr'>of</span> <span class='ocrx_word' id='word_1_95' title='bbox 669 1004 924 1036; x_wconf 87' lang='lat' dir='ltr'>non-residence</span> <span class='ocrx_word' id='word_1_96' title='bbox 946 1005 1000 1036; x_wconf 82' lang='lat' dir='ltr'>for</span> <span class='ocrx_word' id='word_1_97' title='bbox 1022 1015 1042 1036; x_wconf 89' lang='lat' dir='ltr'>a</span> <span class='ocrx_word' id='word_1_98' title='bbox 1063 1015 1152 1046; x_wconf 77' lang='lat' dir='ltr'>year,</span> <span class='ocrx_word' id='word_1_99' title='bbox 1171 1005 1188 1019; x_wconf 94' lang='lat'><strong>“</strong></span> <span class='ocrx_word' id='word_1_100' title='bbox 1202 1015 1302 1037; x_wconf 85' lang='lat' dir='ltr'>causa</span> <span class='ocrx_word' id='word_1_101' title='bbox 1325 1006 1432 1038; x_wconf 87' lang='lat' dir='ltr'>studii</span> <span class='ocrx_word' id='word_1_102' title='bbox 1459 1007 1624 1048; x_wconf 87' lang='lat' dir='ltr'>generalis</span> <span class='ocrx_word' id='word_1_103' title='bbox 1647 1007 1824 1039; x_wconf 80' lang='lat' dir='ltr'>exercendi</span> <span class='ocrx_word' id='word_1_104' title='bbox 1846 1007 1881 1040; x_wconf 86' lang='lat' dir='ltr'>in</span> 
     </span>
     <span class='ocr_line' id='line_1_18' title="bbox 487 1048 1476 1090; baseline 0 -9"><span class='ocrx_word' id='word_1_105' title='bbox 487 1048 718 1082; x_wconf 86' lang='lat' dir='ltr'>Universitatc</span> <span class='ocrx_word' id='word_1_106' title='bbox 734 1049 863 1081; x_wconf 85' lang='lat' dir='ltr'>Oxonie</span> <span class='ocrx_word' id='word_1_107' title='bbox 878 1048 930 1080; x_wconf 91' lang='lat' dir='ltr'>vel</span> <span class='ocrx_word' id='word_1_108' title='bbox 947 1048 1204 1090; x_wconf 82' lang='lat' dir='ltr'>Canterbriggie</span> <span class='ocrx_word' id='word_1_109' title='bbox 1216 1049 1234 1061; x_wconf 90' lang='lat'>”</span> <span class='ocrx_word' id='word_1_110' title='bbox 1253 1050 1357 1089; x_wconf 87' lang='lat' dir='ltr'>(same</span> <span class='ocrx_word' id='word_1_111' title='bbox 1372 1050 1476 1090; x_wconf 86' lang='lat' dir='ltr'>date).</span> 
     </span>
    </p>
   </div>
   <div class='ocr_carea' id='block_1_14' title="bbox 444 1103 1249 1154">
    <p class='ocr_par' dir='ltr' id='par_1_14' title="bbox 444 1103 1249 1154">
     <span class='ocr_line' id='line_1_19' title="bbox 444 1103 1249 1154; baseline -0.002 -12"><span class='ocrx_word' id='word_1_112' title='bbox 444 1104 638 1154; x_wconf 84' lang='lat' dir='ltr'>Trevalga</span> <span class='ocrx_word' id='word_1_113' title='bbox 653 1117 663 1151; x_wconf 92' lang='lat'><em>3</em></span> <span class='ocrx_word' id='word_1_114' title='bbox 683 1104 747 1141; x_wconf 87' lang='lat' dir='ltr'>Sir</span> <span class='ocrx_word' id='word_1_115' title='bbox 765 1103 893 1141; x_wconf 87' lang='lat' dir='ltr'>Adam</span> <span class='ocrx_word' id='word_1_116' title='bbox 914 1103 1107 1150; x_wconf 85' lang='lat' dir='ltr'>Penbrok,</span> <span class='ocrx_word' id='word_1_117' title='bbox 1130 1103 1249 1150; x_wconf 89' lang='lat' dir='ltr'>R.‚—</span> 
     </span>
    </p>
   </div>
   <div class='ocr_carea' id='block_1_15' title="bbox 445 1157 1880 1243">
    <p class='ocr_par' dir='ltr' id='par_1_15' title="bbox 445 1157 1880 1243">
     <span class='ocr_line' id='line_1_20' title="bbox 445 1157 1880 1202; baseline 0.001 -12"><span class='ocrx_word' id='word_1_118' title='bbox 445 1158 585 1190; x_wconf 86' lang='lat' dir='ltr'>Licence</span> <span class='ocrx_word' id='word_1_119' title='bbox 600 1158 636 1189; x_wconf 81' lang='lat' dir='ltr'>of</span> <span class='ocrx_word' id='word_1_120' title='bbox 657 1157 913 1189; x_wconf 85' lang='lat' dir='ltr'>non-residence</span> <span class='ocrx_word' id='word_1_121' title='bbox 935 1157 989 1188; x_wconf 85' lang='lat' dir='ltr'>for</span> <span class='ocrx_word' id='word_1_122' title='bbox 1011 1167 1031 1188; x_wconf 87' lang='lat' dir='ltr'>a</span> <span class='ocrx_word' id='word_1_123' title='bbox 1052 1168 1143 1199; x_wconf 81' lang='lat' dir='ltr'>year,</span> <span class='ocrx_word' id='word_1_124' title='bbox 1163 1158 1181 1172; x_wconf 88' lang='lat'><strong>“</strong></span> <span class='ocrx_word' id='word_1_125' title='bbox 1193 1158 1229 1190; x_wconf 87' lang='lat' dir='ltr'>in</span> <span class='ocrx_word' id='word_1_126' title='bbox 1244 1158 1413 1200; x_wconf 74' lang='lat' dir='ltr'>obsequiis</span> <span class='ocrx_word' id='word_1_127' title='bbox 1429 1158 1584 1200; x_wconf 73' lang='lat' dir='ltr'>Magistri</span> <span class='ocrx_word' id='word_1_128' title='bbox 1601 1158 1742 1192; x_wconf 84' lang='lat' dir='ltr'>Walteri</span> <span class='ocrx_word' id='word_1_129' title='bbox 1758 1159 1880 1202; x_wconf 86' lang='lat' dir='ltr'>Bamp·</span> 
     </span>
     <span class='ocr_line' id='line_1_21' title="bbox 486 1201 1436 1243; baseline 0.001 -10"><span class='ocrx_word' id='word_1_130' title='bbox 486 1205 557 1239; x_wconf 84' lang='lat' dir='ltr'>ton,</span> <span class='ocrx_word' id='word_1_131' title='bbox 574 1201 732 1234; x_wconf 88' lang='lat' dir='ltr'>Canonici</span> <span class='ocrx_word' id='word_1_132' title='bbox 749 1201 947 1233; x_wconf 81' lang='lat' dir='ltr'>Exoniensis</span> <span class='ocrx_word' id='word_1_133' title='bbox 964 1201 1109 1232; x_wconf 86' lang='lat' dir='ltr'>Ecclesie</span> <span class='ocrx_word' id='word_1_134' title='bbox 1123 1201 1141 1214; x_wconf 77' lang='lat'>&#39;¹</span> <span class='ocrx_word' id='word_1_135' title='bbox 1158 1201 1280 1243; x_wconf 87' lang='lat' dir='ltr'>(Clyst,</span> <span class='ocrx_word' id='word_1_136' title='bbox 1298 1204 1317 1234; x_wconf 88' lang='grc'><strong>9</strong></span> <span class='ocrx_word' id='word_1_137' title='bbox 1334 1202 1436 1242; x_wconf 71' lang='lat' dir='ltr'>Oct).</span> 
     </span>
    </p>
   </div>
   <div class='ocr_carea' id='block_1_16' title="bbox 444 1256 1177 1304">
    <p class='ocr_par' dir='ltr' id='par_1_16' title="bbox 444 1256 1177 1304">
     <span class='ocr_line' id='line_1_22' title="bbox 444 1256 1177 1304; baseline -0.001 -9"><span class='ocrx_word' id='word_1_138' title='bbox 444 1257 643 1295; x_wconf 84' lang='lat' dir='ltr'>Oratories</span> <span class='ocrx_word' id='word_1_139' title='bbox 660 1270 670 1304; x_wconf 84' lang='lat'><em>3</em></span> <span class='ocrx_word' id='word_1_140' title='bbox 698 1257 852 1294; x_wconf 80' lang='lat' dir='ltr'>Licence</span> <span class='ocrx_word' id='word_1_141' title='bbox 873 1263 909 1294; x_wconf 82' lang='lat' dir='ltr'>to</span> <span class='ocrx_word' id='word_1_142' title='bbox 929 1256 1177 1303; x_wconf 57' lang='lat' dir='ltr'>celebrates—-</span> 
     </span>
    </p>
   </div>
   <div class='ocr_carea' id='block_1_17' title="bbox 443 1321 1882 1659">
    <p class='ocr_par' dir='ltr' id='par_1_17' title="bbox 443 1321 1882 1494">
     <span class='ocr_line' id='line_1_23' title="bbox 443 1321 1881 1364; baseline 0.001 -10"><span class='ocrx_word' id='word_1_143' title='bbox 443 1323 544 1358; x_wconf 84' lang='lat' dir='ltr'>Item,</span> <span class='ocrx_word' id='word_1_144' title='bbox 555 1321 681 1353; x_wconf 87' lang='lat' dir='ltr'>eisdem</span> <span class='ocrx_word' id='word_1_145' title='bbox 697 1321 763 1360; x_wconf 88' lang='lat' dir='ltr'>die,</span> <span class='ocrx_word' id='word_1_146' title='bbox 778 1321 858 1361; x_wconf 93' lang='lat' dir='ltr'>loco,</span> <span class='ocrx_word' id='word_1_147' title='bbox 872 1324 908 1353; x_wconf 89' lang='lat' dir='ltr'>et</span> <span class='ocrx_word' id='word_1_148' title='bbox 919 1331 1018 1361; x_wconf 89' lang='lat' dir='ltr'>anno,</span> <span class='ocrx_word' id='word_1_149' title='bbox 1033 1321 1198 1353; x_wconf 83' lang='lat' dir='ltr'>Dominus</span> <span class='ocrx_word' id='word_1_150' title='bbox 1210 1321 1374 1354; x_wconf 71' lang='lat' dir='ltr'>concessit</span> <span class='ocrx_word' id='word_1_151' title='bbox 1386 1321 1532 1353; x_wconf 87' lang='lat' dir='ltr'>Johauni</span> <span class='ocrx_word' id='word_1_152' title='bbox 1547 1322 1680 1364; x_wconf 87' lang='lat' dir='ltr'>Coulyn</span> <span class='ocrx_word' id='word_1_153' title='bbox 1693 1322 1881 1355; x_wconf 84' lang='lat' dir='ltr'>Licenciam</span> 
     </span>
     <span class='ocr_line' id='line_1_24' title="bbox 487 1364 1882 1406; baseline 0.001 -9"><span class='ocrx_word' id='word_1_154' title='bbox 487 1365 641 1403; x_wconf 83' lang='lat' dir='ltr'>faciendi,</span> <span class='ocrx_word' id='word_1_155' title='bbox 657 1368 736 1404; x_wconf 87' lang='lat' dir='ltr'>etc.‚</span> <span class='ocrx_word' id='word_1_156' title='bbox 753 1365 789 1396; x_wconf 88' lang='lat' dir='ltr'>in</span> <span class='ocrx_word' id='word_1_157' title='bbox 805 1365 976 1406; x_wconf 74' lang='lat' dir='ltr'>presencia</span> <span class='ocrx_word' id='word_1_158' title='bbox 991 1375 1051 1396; x_wconf 87' lang='lat' dir='ltr'>sua</span> <span class='ocrx_word' id='word_1_159' title='bbox 1067 1365 1120 1396; x_wconf 89' lang='lat' dir='ltr'>vel</span> <span class='ocrx_word' id='word_1_160' title='bbox 1144 1365 1257 1396; x_wconf 84' lang='lat' dir='ltr'>uxoris</span> <span class='ocrx_word' id='word_1_161' title='bbox 1281 1364 1368 1406; x_wconf 87' lang='lat' dir='ltr'>[sue]</span> <span class='ocrx_word' id='word_1_162' title='bbox 1391 1365 1427 1397; x_wconf 90' lang='lat' dir='ltr'>in</span> <span class='ocrx_word' id='word_1_163' title='bbox 1451 1365 1597 1406; x_wconf 88' lang='lat' dir='ltr'>Capellis</span> <span class='ocrx_word' id='word_1_164' title='bbox 1619 1366 1709 1398; x_wconf 82' lang='lat' dir='ltr'>infra</span> <span class='ocrx_word' id='word_1_165' title='bbox 1733 1367 1882 1399; x_wconf 81' lang='lat' dir='ltr'>Maneria</span> 
     </span>
     <span class='ocr_line' id='line_1_25' title="bbox 488 1407 1881 1451; baseline 0.002 -11"><span class='ocrx_word' id='word_1_166' title='bbox 488 1420 549 1440; x_wconf 86' lang='lat' dir='ltr'>sua</span> <span class='ocrx_word' id='word_1_167' title='bbox 564 1409 606 1440; x_wconf 87' lang='lat' dir='ltr'>de</span> <span class='ocrx_word' id='word_1_168' title='bbox 622 1409 846 1440; x_wconf 87' lang='lat' dir='ltr'>Trewrennen</span> <span class='ocrx_word' id='word_1_169' title='bbox 863 1408 915 1448; x_wconf 81' lang='lat' dir='ltr'>[in</span> <span class='ocrx_word' id='word_1_170' title='bbox 931 1409 977 1440; x_wconf 84' lang='lat' dir='ltr'>St.</span> <span class='ocrx_word' id='word_1_171' title='bbox 998 1408 1158 1448; x_wconf 83' lang='lat' dir='ltr'>Madron]</span> <span class='ocrx_word' id='word_1_172' title='bbox 1175 1411 1211 1440; x_wconf 90' lang='lat' dir='ltr'>et</span> <span class='ocrx_word' id='word_1_173' title='bbox 1231 1408 1390 1450; x_wconf 84' lang='lat' dir='ltr'>Kerthyn</span> <span class='ocrx_word' id='word_1_174' title='bbox 1414 1407 1468 1451; x_wconf 76' lang='lat' dir='ltr'>[in</span> <span class='ocrx_word' id='word_1_175' title='bbox 1484 1409 1530 1441; x_wconf 71' lang='lat' dir='ltr'>Se.</span> <span class='ocrx_word' id='word_1_176' title='bbox 1547 1409 1698 1450; x_wconf 65' lang='lat' dir='ltr'>‹lv-oman]</span> <span class='ocrx_word' id='word_1_177' title='bbox 1719 1410 1856 1443; x_wconf 83' lang='lat' dir='ltr'>situatis</span> <span class='ocrx_word' id='word_1_178' title='bbox 1871 1421 1881 1451; x_wconf 83' lang='lat'><em>3</em></span> 
     </span>
     <span class='ocr_line' id='line_1_26' title="bbox 487 1452 1220 1494; baseline 0.001 -11"><span class='ocrx_word' id='word_1_179' title='bbox 487 1452 650 1494; x_wconf 82' lang='lat' dir='ltr'><strong>quamdiu</strong></span> <span class='ocrx_word' id='word_1_180' title='bbox 668 1452 812 1483; x_wconf 86' lang='lat' dir='ltr'>Domino</span> <span class='ocrx_word' id='word_1_181' title='bbox 828 1452 993 1493; x_wconf 76' lang='lat' dir='ltr'>placuerit</span> <span class='ocrx_word' id='word_1_182' title='bbox 1009 1452 1220 1484; x_wconf 77' lang='lat' dir='ltr'>duraturam.</span> 
     </span>
    </p>

    <p class='ocr_par' dir='ltr' id='par_1_18' title="bbox 445 1494 1882 1659">
     <span class='ocr_line' id='line_1_27' title="bbox 445 1494 1880 1537; baseline 0.001 -8"><span class='ocrx_word' id='word_1_183' title='bbox 445 1497 547 1535; x_wconf 89' lang='lat' dir='ltr'>Item,</span> <span class='ocrx_word' id='word_1_184' title='bbox 576 1496 714 1534; x_wconf 89' lang='lat' dir='ltr'>ibidem,</span> <span class='ocrx_word' id='word_1_185' title='bbox 745 1496 804 1537; x_wconf 84' lang='lat' dir='ltr'>xiij</span> <span class='ocrx_word' id='word_1_186' title='bbox 832 1496 887 1527; x_wconf 89' lang='lat' dir='ltr'>die</span> <span class='ocrx_word' id='word_1_187' title='bbox 919 1496 1042 1527; x_wconf 79' lang='lat' dir='ltr'>mensis</span> <span class='ocrx_word' id='word_1_188' title='bbox 1073 1496 1268 1536; x_wconf 78' lang='lat' dir='ltr'>supradicti,</span> <span class='ocrx_word' id='word_1_189' title='bbox 1301 1494 1468 1528; x_wconf 87' lang='lat' dir='ltr'>Dominus</span> <span class='ocrx_word' id='word_1_190' title='bbox 1497 1496 1661 1529; x_wconf 88' lang='lat' dir='ltr'>concessit</span> <span class='ocrx_word' id='word_1_191' title='bbox 1690 1497 1880 1530; x_wconf 76' lang='lat' dir='ltr'>Liceneiam</span> 
     </span>
     <span class='ocr_line' id='line_1_28' title="bbox 489 1538 1882 1581; baseline 0.001 -10"><span class='ocrx_word' id='word_1_192' title='bbox 489 1540 658 1572; x_wconf 89' lang='lat' dir='ltr'>Willelmo</span> <span class='ocrx_word' id='word_1_193' title='bbox 684 1538 841 1571; x_wconf 84' lang='lat' dir='ltr'>Walrant</span> <span class='ocrx_word' id='word_1_194' title='bbox 863 1539 1018 1578; x_wconf 82' lang='lat' dir='ltr'>faciendi,</span> <span class='ocrx_word' id='word_1_195' title='bbox 1042 1543 1117 1578; x_wconf 81' lang='lat' dir='ltr'>etc,</span> <span class='ocrx_word' id='word_1_196' title='bbox 1141 1539 1175 1571; x_wconf 90' lang='lat' dir='ltr'>in</span> <span class='ocrx_word' id='word_1_197' title='bbox 1199 1539 1370 1580; x_wconf 77' lang='lat' dir='ltr'>presencia</span> <span class='ocrx_word' id='word_1_198' title='bbox 1396 1550 1458 1571; x_wconf 86' lang='lat' dir='ltr'>sua</span> <span class='ocrx_word' id='word_1_199' title='bbox 1480 1540 1533 1571; x_wconf 80' lang='lat' dir='ltr'>vel</span> <span class='ocrx_word' id='word_1_200' title='bbox 1557 1541 1672 1572; x_wconf 87' lang='lat' dir='ltr'>uxoris</span> <span class='ocrx_word' id='word_1_201' title='bbox 1698 1551 1767 1581; x_wconf 89' lang='lat' dir='ltr'>sue,</span> <span class='ocrx_word' id='word_1_202' title='bbox 1790 1541 1882 1573; x_wconf 77' lang='lat' dir='ltr'>iufra</span> 
     </span>
     <span class='ocr_line' id='line_1_29' title="bbox 491 1582 1882 1626; baseline 0.002 -11"><span class='ocrx_word' id='word_1_203' title='bbox 491 1584 681 1615; x_wconf 83' lang='lat' dir='ltr'>Manerium</span> <span class='ocrx_word' id='word_1_204' title='bbox 697 1594 797 1614; x_wconf 93' lang='lat' dir='ltr'>suum</span> <span class='ocrx_word' id='word_1_205' title='bbox 814 1583 856 1614; x_wconf 92' lang='lat' dir='ltr'>de</span> <span class='ocrx_word' id='word_1_206' title='bbox 872 1583 1072 1614; x_wconf 85' lang='lat' dir='ltr'>Bradefelde</span> <span class='ocrx_word' id='word_1_207' title='bbox 1088 1582 1139 1624; x_wconf 80' lang='lat' dir='ltr'>[in</span> <span class='ocrx_word' id='word_1_208' title='bbox 1161 1582 1326 1624; x_wconf 65' lang='lat' dir='ltr'>Lsffculme]</span> <span class='ocrx_word' id='word_1_209' title='bbox 1343 1593 1352 1622; x_wconf 83' lang='lat'><em>3</em></span> <span class='ocrx_word' id='word_1_210' title='bbox 1374 1584 1538 1625; x_wconf 81' lang='lat' dir='ltr'>quamdiu</span> <span class='ocrx_word' id='word_1_211' title='bbox 1555 1584 1701 1616; x_wconf 90' lang='lat' dir='ltr'>Domino</span> <span class='ocrx_word' id='word_1_212' title='bbox 1715 1585 1882 1626; x_wconf 72' lang='lat' dir='ltr'>placuerit</span> 
     </span>
     <span class='ocr_line' id='line_1_30' title="bbox 488 1627 700 1659; baseline -0.005 0"><span class='ocrx_word' id='word_1_213' title='bbox 488 1627 700 1659; x_wconf 78' lang='lat' dir='ltr'>duraturam.</span> 
     </span>
    </p>
   </div>
   <div class='ocr_carea' id='block_1_18' title="bbox 446 1681 1882 1733">
    <p class='ocr_par' dir='ltr' id='par_1_19' title="bbox 446 1681 1882 1733">
     <span class='ocr_line' id='line_1_31' title="bbox 446 1681 1882 1733; baseline 0.001 -12"><span class='ocrx_word' id='word_1_214' title='bbox 446 1683 505 1722; x_wconf 83' lang='lat' dir='ltr'>St.</span> <span class='ocrx_word' id='word_1_215' title='bbox 542 1681 1001 1733; x_wconf 83' lang='lat' dir='ltr'>Stephen&#39;s-by-Saltash</span> <span class='ocrx_word' id='word_1_216' title='bbox 1015 1695 1025 1730; x_wconf 94' lang='lat'><em>3</em></span> <span class='ocrx_word' id='word_1_217' title='bbox 1062 1682 1340 1732; x_wconf 75' lang='lat' dir='ltr'>Acquietancz&#39;a</span> <span class='ocrx_word' id='word_1_218' title='bbox 1370 1683 1416 1720; x_wconf 87' lang='lat' dir='ltr'>de</span> <span class='ocrx_word' id='word_1_219' title='bbox 1436 1683 1619 1732; x_wconf 76' lang='lat' dir='ltr'>pensione</span> <span class='ocrx_word' id='word_1_220' title='bbox 1646 1684 1809 1723; x_wconf 72' lang='lat' dir='ltr'>Ecclesia</span> <span class='ocrx_word' id='word_1_221' title='bbox 1835 1684 1882 1723; x_wconf 80' lang='lat' dir='ltr'>de</span> 
     </span>
    </p>
   </div>
   <div class='ocr_carea' id='block_1_19' title="bbox 446 1737 1881 1963">
    <p class='ocr_par' dir='ltr' id='par_1_20' title="bbox 501 1737 785 1783">
     <span class='ocr_line' id='line_1_32' title="bbox 501 1737 785 1783; baseline -0.004 -8"><span class='ocrx_word' id='word_1_222' title='bbox 501 1737 785 1783; x_wconf 67' lang='lat' dir='ltr'>Salias-ecke,—</span> 
     </span>
    </p>

    <p class='ocr_par' dir='ltr' id='par_1_21' title="bbox 446 1790 1881 1963">
     <span class='ocr_line' id='line_1_33' title="bbox 446 1790 1880 1833; baseline 0.002 -11"><span class='ocrx_word' id='word_1_223' title='bbox 446 1792 545 1827; x_wconf 79' lang='lat' dir='ltr'>Item,</span> <span class='ocrx_word' id='word_1_224' title='bbox 563 1791 699 1830; x_wconf 85' lang='lat' dir='ltr'>ibidem,</span> <span class='ocrx_word' id='word_1_225' title='bbox 716 1790 787 1832; x_wconf 82' lang='lat' dir='ltr'>xiiij</span> <span class='ocrx_word' id='word_1_226' title='bbox 806 1790 860 1822; x_wconf 87' lang='lat' dir='ltr'>die</span> <span class='ocrx_word' id='word_1_227' title='bbox 884 1790 1008 1822; x_wconf 86' lang='lat' dir='ltr'>mensis</span> <span class='ocrx_word' id='word_1_228' title='bbox 1031 1790 1184 1832; x_wconf 85' lang='lat' dir='ltr'>predicti,</span> <span class='ocrx_word' id='word_1_229' title='bbox 1214 1791 1380 1822; x_wconf 87' lang='lat' dir='ltr'>Dominus</span> <span class='ocrx_word' id='word_1_230' title='bbox 1404 1791 1670 1832; x_wconf 85' lang='lat' dir='ltr'>acquietanciam</span> <span class='ocrx_word' id='word_1_231' title='bbox 1693 1792 1765 1824; x_wconf 84' lang='lat' dir='ltr'>fieri</span> <span class='ocrx_word' id='word_1_232' title='bbox 1787 1793 1880 1833; x_wconf 83' lang='lat' dir='ltr'>fecit,</span> 
     </span>
     <span class='ocr_line' id='line_1_34' title="bbox 490 1834 1880 1878; baseline 0.003 -13"><span class='ocrx_word' id='word_1_233' title='bbox 490 1835 554 1866; x_wconf 88' lang='lat' dir='ltr'>sub</span> <span class='ocrx_word' id='word_1_234' title='bbox 584 1835 647 1866; x_wconf 86' lang='lat' dir='ltr'>hac</span> <span class='ocrx_word' id='word_1_235' title='bbox 676 1835 785 1866; x_wconf 83' lang='lat' dir='ltr'>forma</span> <span class='ocrx_word' id='word_1_236' title='bbox 814 1834 1176 1873; x_wconf 85' lang='lat' dir='ltr'>verborum,—Pateat</span> <span class='ocrx_word' id='word_1_237' title='bbox 1207 1834 1372 1866; x_wconf 86' lang='lat' dir='ltr'>universis</span> <span class='ocrx_word' id='word_1_238' title='bbox 1402 1835 1492 1876; x_wconf 93' lang='lat' dir='ltr'>quod</span> <span class='ocrx_word' id='word_1_239' title='bbox 1520 1846 1590 1874; x_wconf 87' lang='lat' dir='ltr'>nos,</span> <span class='ocrx_word' id='word_1_240' title='bbox 1621 1836 1776 1874; x_wconf 82' lang='lat' dir='ltr'>Thomas,</span> <span class='ocrx_word' id='word_1_241' title='bbox 1805 1840 1880 1878; x_wconf 61' lang='lat' dir='ltr'>ete,</span> 
     </span>
     <span class='ocr_line' id='line_1_35' title="bbox 488 1878 1879 1921; baseline 0.001 -11"><span class='ocrx_word' id='word_1_242' title='bbox 488 1878 675 1919; x_wconf 88' lang='lat' dir='ltr'>recepimus</span> <span class='ocrx_word' id='word_1_243' title='bbox 698 1882 734 1909; x_wconf 91' lang='lat' dir='ltr'>et</span> <span class='ocrx_word' id='word_1_244' title='bbox 756 1878 948 1916; x_wconf 86' lang='lat' dir='ltr'>habuimus,</span> <span class='ocrx_word' id='word_1_245' title='bbox 965 1878 1019 1909; x_wconf 89' lang='lat' dir='ltr'>die</span> <span class='ocrx_word' id='word_1_246' title='bbox 1042 1878 1262 1909; x_wconf 84' lang='lat' dir='ltr'>confeccionis</span> <span class='ocrx_word' id='word_1_247' title='bbox 1287 1878 1513 1918; x_wconf 85' lang='lat' dir='ltr'>Presencium,</span> <span class='ocrx_word' id='word_1_248' title='bbox 1530 1889 1549 1910; x_wconf 84' lang='lat' dir='ltr'>a</span> <span class='ocrx_word' id='word_1_249' title='bbox 1573 1879 1787 1920; x_wconf 86' lang='lat' dir='ltr'>Reverendis‚</span> <span class='ocrx_word' id='word_1_250' title='bbox 1803 1883 1879 1921; x_wconf 69' lang='lat' dir='ltr'>etc„</span> 
     </span>
     <span class='ocr_line' id='line_1_36' title="bbox 488 1920 1881 1963; baseline 0.002 -10"><span class='ocrx_word' id='word_1_251' title='bbox 488 1922 623 1954; x_wconf 88' lang='lat' dir='ltr'>Decano</span> <span class='ocrx_word' id='word_1_252' title='bbox 660 1925 697 1953; x_wconf 90' lang='lat' dir='ltr'>et</span> <span class='ocrx_word' id='word_1_253' title='bbox 735 1920 939 1962; x_wconf 86' lang='lat' dir='ltr'>[Canonicis]</span> <span class='ocrx_word' id='word_1_254' title='bbox 971 1921 1119 1953; x_wconf 87' lang='lat' dir='ltr'>Ecclesie</span> <span class='ocrx_word' id='word_1_255' title='bbox 1158 1921 1342 1962; x_wconf 84' lang='lat' dir='ltr'>Collegiate</span> <span class='ocrx_word' id='word_1_256' title='bbox 1376 1922 1418 1953; x_wconf 89' lang='lat' dir='ltr'>de</span> <span class='ocrx_word' id='word_1_257' title='bbox 1449 1922 1667 1963; x_wconf 89' lang='lat' dir='ltr'>Wyndesore,</span> <span class='ocrx_word' id='word_1_258' title='bbox 1697 1923 1881 1956; x_wconf 81' lang='lat' dir='ltr'>Ecclesiam</span> 
     </span>
    </p>
   </div>
   <div class='ocr_carea' id='block_1_20' title="bbox 489 1964 1892 2006">
    <p class='ocr_par' dir='ltr' id='par_1_22' title="bbox 489 1964 1892 2006">
     <span class='ocr_line' id='line_1_37' title="bbox 489 1964 1892 2006; baseline 0.003 -10"><span class='ocrx_word' id='word_1_259' title='bbox 489 1965 716 1996; x_wconf 85' lang='lat' dir='ltr'>Parochialem</span> <span class='ocrx_word' id='word_1_260' title='bbox 748 1965 791 1996; x_wconf 90' lang='lat' dir='ltr'>de</span> <span class='ocrx_word' id='word_1_261' title='bbox 821 1964 993 1997; x_wconf 87' lang='lat' dir='ltr'>Saltasshe</span> <span class='ocrx_word' id='word_1_262' title='bbox 1024 1965 1059 1996; x_wconf 90' lang='lat' dir='ltr'>in</span> <span class='ocrx_word' id='word_1_263' title='bbox 1091 1965 1242 2005; x_wconf 87' lang='lat' dir='ltr'>proprios</span> <span class='ocrx_word' id='word_1_264' title='bbox 1268 1976 1349 1996; x_wconf 89' lang='lat' dir='ltr'>usus</span> <span class='ocrx_word' id='word_1_265' title='bbox 1376 1965 1621 2006; x_wconf 83' lang='lat' dir='ltr'>optinent-ibus,</span> <span class='ocrx_word' id='word_1_266' title='bbox 1647 1969 1724 1999; x_wconf 91' lang='lat' dir='ltr'>octo</span> <span class='ocrx_word' id='word_1_267' title='bbox 1753 1977 1892 1999; x_wconf 79' lang='lat' dir='ltr'>marcas-</span> 
     </span>
    </p>
   </div>
   <div class='ocr_carea' id='block_1_21' title="bbox 485 2008 1883 2311">
    <p class='ocr_par' dir='ltr' id='par_1_23' title="bbox 485 2008 1883 2311">
     <span class='ocr_line' id='line_1_38' title="bbox 488 2008 1881 2050; baseline 0.004 -11"><span class='ocrx_word' id='word_1_268' title='bbox 488 2009 604 2050; x_wconf 84' lang='lat' dir='ltr'>legalis</span> <span class='ocrx_word' id='word_1_269' title='bbox 630 2012 775 2047; x_wconf 90' lang='lat' dir='ltr'>monete,</span> <span class='ocrx_word' id='word_1_270' title='bbox 805 2018 866 2048; x_wconf 89' lang='lat' dir='ltr'>per</span> <span class='ocrx_word' id='word_1_271' title='bbox 891 2018 1013 2039; x_wconf 84' lang='lat' dir='ltr'>manus</span> <span class='ocrx_word' id='word_1_272' title='bbox 1040 2008 1177 2039; x_wconf 91' lang='lat' dir='ltr'>Domini</span> <span class='ocrx_word' id='word_1_273' title='bbox 1208 2008 1349 2040; x_wconf 81' lang='lat' dir='ltr'>Roberti</span> <span class='ocrx_word' id='word_1_274' title='bbox 1375 2009 1634 2050; x_wconf 80' lang='lat' dir='ltr'>Vaggeseombe.</span> <span class='ocrx_word' id='word_1_275' title='bbox 1662 2010 1822 2043; x_wconf 84' lang='lat' dir='ltr'>Canonici</span> <span class='ocrx_word' id='word_1_276' title='bbox 1845 2011 1881 2044; x_wconf 85' lang='lat' dir='ltr'>in</span> 
     </span>
     <span class='ocr_line' id='line_1_39' title="bbox 485 2050 1883 2093; baseline 0.002 -9"><span class='ocrx_word' id='word_1_277' title='bbox 485 2058 599 2084; x_wconf 80' lang='lat' dir='ltr'>nostra</span> <span class='ocrx_word' id='word_1_278' title='bbox 631 2052 827 2084; x_wconf 81' lang='lat' dir='ltr'>Cathedrali</span> <span class='ocrx_word' id='word_1_279' title='bbox 856 2050 1006 2083; x_wconf 86' lang='lat' dir='ltr'>Ecclesia</span> <span class='ocrx_word' id='word_1_280' title='bbox 1038 2051 1180 2091; x_wconf 88' lang='lat' dir='ltr'>Exonie,</span> <span class='ocrx_word' id='word_1_281' title='bbox 1210 2055 1247 2083; x_wconf 91' lang='lat' dir='ltr'>et</span> <span class='ocrx_word' id='word_1_282' title='bbox 1276 2052 1430 2093; x_wconf 80' lang='lat' dir='ltr'>ejusdem</span> <span class='ocrx_word' id='word_1_283' title='bbox 1462 2053 1608 2085; x_wconf 88' lang='lat' dir='ltr'>Ecclesie</span> <span class='ocrx_word' id='word_1_284' title='bbox 1638 2053 1680 2085; x_wconf 87' lang='lat' dir='ltr'>de</span> <span class='ocrx_word' id='word_1_285' title='bbox 1710 2054 1883 2087; x_wconf 81' lang='lat' dir='ltr'>Saltasshe</span> 
     </span>
     <span class='ocr_line' id='line_1_40' title="bbox 487 2095 1882 2137; baseline 0.003 -10"><span class='ocrx_word' id='word_1_286' title='bbox 487 2095 636 2135; x_wconf 88' lang='lat' dir='ltr'>firmarii,</span> <span class='ocrx_word' id='word_1_287' title='bbox 654 2106 714 2135; x_wconf 83' lang='lat' dir='ltr'>pro</span> <span class='ocrx_word' id='word_1_288' title='bbox 729 2095 888 2136; x_wconf 87' lang='lat' dir='ltr'>pensione</span> <span class='ocrx_word' id='word_1_289' title='bbox 903 2095 994 2127; x_wconf 84' lang='lat' dir='ltr'>dicte</span> <span class='ocrx_word' id='word_1_290' title='bbox 1011 2095 1157 2126; x_wconf 89' lang='lat' dir='ltr'>Ecclesie</span> <span class='ocrx_word' id='word_1_291' title='bbox 1179 2095 1222 2126; x_wconf 89' lang='lat' dir='ltr'>de</span> <span class='ocrx_word' id='word_1_292' title='bbox 1245 2095 1328 2136; x_wconf 78' lang='lat' dir='ltr'>iiij01&#39;</span> <span class='ocrx_word' id='word_1_293' title='bbox 1342 2095 1439 2127; x_wconf 85' lang='lat' dir='ltr'>annis</span> <span class='ocrx_word' id='word_1_294' title='bbox 1461 2097 1616 2137; x_wconf 87' lang='lat' dir='ltr'>proximo</span> <span class='ocrx_word' id='word_1_295' title='bbox 1637 2100 1674 2130; x_wconf 89' lang='lat' dir='ltr'>et</span> <span class='ocrx_word' id='word_1_296' title='bbox 1696 2097 1882 2131; x_wconf 70' lang='lat' dir='ltr'>inmediate</span> 
     </span>
     <span class='ocr_line' id='line_1_41' title="bbox 487 2138 1882 2182; baseline 0.002 -11"><span class='ocrx_word' id='word_1_297' title='bbox 487 2142 639 2171; x_wconf 88' lang='lat' dir='ltr'>nostram</span> <span class='ocrx_word' id='word_1_298' title='bbox 656 2139 951 2172; x_wconf 78' lang='lat' dir='ltr'>consecracionem</span> <span class='ocrx_word' id='word_1_299' title='bbox 967 2138 1198 2180; x_wconf 86' lang='lat' dir='ltr'>sequentibus,</span> <span class='ocrx_word' id='word_1_300' title='bbox 1211 2139 1308 2171; x_wconf 85' lang='lat' dir='ltr'>nobis</span> <span class='ocrx_word' id='word_1_301' title='bbox 1323 2139 1455 2171; x_wconf 87' lang='lat' dir='ltr'>debitas</span> <span class='ocrx_word' id='word_1_302' title='bbox 1465 2140 1509 2170; x_wconf 88' lang='lat' dir='ltr'>ab</span> <span class='ocrx_word' id='word_1_303' title='bbox 1519 2140 1647 2172; x_wconf 87' lang='lat' dir='ltr'>eisdem</span> <span class='ocrx_word' id='word_1_304' title='bbox 1665 2151 1673 2180; x_wconf 83' lang='lat'><em>3</em></span> <span class='ocrx_word' id='word_1_305' title='bbox 1688 2141 1732 2173; x_wconf 91' lang='lat' dir='ltr'>de</span> <span class='ocrx_word' id='word_1_306' title='bbox 1747 2141 1882 2182; x_wconf 82' lang='lat' dir='ltr'>quibus,</span> 
     </span>
     <span class='ocr_line' id='line_1_42' title="bbox 489 2182 1882 2226; baseline 0.002 -12"><span class='ocrx_word' id='word_1_307' title='bbox 489 2183 638 2224; x_wconf 91' lang='lat' dir='ltr'>quidem,</span> <span class='ocrx_word' id='word_1_308' title='bbox 669 2186 746 2214; x_wconf 90' lang='lat' dir='ltr'>octo</span> <span class='ocrx_word' id='word_1_309' title='bbox 776 2182 906 2222; x_wconf 86' lang='lat' dir='ltr'>marcis,</span> <span class='ocrx_word' id='word_1_310' title='bbox 937 2182 1108 2214; x_wconf 84' lang='lat' dir='ltr'>occasione</span> <span class='ocrx_word' id='word_1_311' title='bbox 1137 2182 1300 2223; x_wconf 83' lang='lat' dir='ltr'>premissa</span> <span class='ocrx_word' id='word_1_312' title='bbox 1329 2182 1426 2214; x_wconf 89' lang='lat' dir='ltr'>nobis</span> <span class='ocrx_word' id='word_1_313' title='bbox 1456 2183 1586 2222; x_wconf 88' lang='lat' dir='ltr'>solutis,</span> <span class='ocrx_word' id='word_1_314' title='bbox 1617 2194 1679 2216; x_wconf 89' lang='lat' dir='ltr'>nos</span> <span class='ocrx_word' id='word_1_315' title='bbox 1709 2184 1882 2226; x_wconf 77' lang='lat' dir='ltr'>prefatum</span> 
     </span>
     <span class='ocr_line' id='line_1_43' title="bbox 486 2224 1880 2270; baseline 0.003 -13"><span class='ocrx_word' id='word_1_316' title='bbox 486 2226 661 2258; x_wconf 87' lang='lat' dir='ltr'>Decanum</span> <span class='ocrx_word' id='word_1_317' title='bbox 677 2229 713 2258; x_wconf 90' lang='lat' dir='ltr'>et</span> <span class='ocrx_word' id='word_1_318' title='bbox 730 2224 985 2258; x_wconf 85' lang='lat' dir='ltr'>Colleccionem1</span> <span class='ocrx_word' id='word_1_319' title='bbox 1010 2236 1068 2266; x_wconf 87' lang='lat' dir='ltr'>pro</span> <span class='ocrx_word' id='word_1_320' title='bbox 1091 2226 1188 2257; x_wconf 81' lang='lat' dir='ltr'>annis</span> <span class='ocrx_word' id='word_1_321' title='bbox 1210 2226 1371 2267; x_wconf 84' lang='lat' dir='ltr'>predictis</span> <span class='ocrx_word' id='word_1_322' title='bbox 1394 2226 1529 2268; x_wconf 88' lang='lat' dir='ltr'>quietos</span> <span class='ocrx_word' id='word_1_323' title='bbox 1551 2227 1696 2260; x_wconf 84' lang='lat' dir='ltr'>facimus</span> <span class='ocrx_word' id='word_1_324' title='bbox 1719 2238 1780 2270; x_wconf 87' lang='lat' dir='ltr'>per</span> <span class='ocrx_word' id='word_1_325' title='bbox 1802 2229 1880 2261; x_wconf 84' lang='lat' dir='ltr'>Pre-</span> 
     </span>
     <span class='ocr_line' id='line_1_44' title="bbox 486 2269 1671 2311; baseline -0.001 -9"><span class='ocrx_word' id='word_1_326' title='bbox 486 2270 767 2302; x_wconf 82' lang='lat' dir='ltr'>sentes.—Dated</span> <span class='ocrx_word' id='word_1_327' title='bbox 782 2273 820 2302; x_wconf 87' lang='lat' dir='ltr'>at</span> <span class='ocrx_word' id='word_1_328' title='bbox 838 2269 945 2311; x_wconf 88' lang='lat' dir='ltr'>Clyst,</span> <span class='ocrx_word' id='word_1_329' title='bbox 967 2271 1007 2301; x_wconf 88' lang='grc'>14</span> <span class='ocrx_word' id='word_1_330' title='bbox 1025 2269 1182 2301; x_wconf 88' lang='lat' dir='ltr'>October.</span> <span class='ocrx_word' id='word_1_331' title='bbox 1665 2286 1671 2293; x_wconf 84' lang='lat'><strong>·</strong></span> 
     </span>
    </p>
   </div>
   <div class='ocr_carea' id='block_1_22' title="bbox 415 2323 1179 2372">
    <p class='ocr_par' dir='ltr' id='par_1_24' title="bbox 415 2323 1179 2372">
     <span class='ocr_line' id='line_1_45' title="bbox 415 2323 1179 2372; baseline -0.003 -9"><span class='ocrx_word' id='word_1_332' title='bbox 415 2323 418 2326; x_wconf 52' lang='lat'><strong>⁴</strong></span> <span class='ocrx_word' id='word_1_333' title='bbox 444 2325 643 2363; x_wconf 86' lang='lat' dir='ltr'>Oratories</span> <span class='ocrx_word' id='word_1_334' title='bbox 659 2338 670 2372; x_wconf 86' lang='lat'><em>3</em></span> <span class='ocrx_word' id='word_1_335' title='bbox 701 2324 854 2362; x_wconf 82' lang='lat' dir='ltr'>Licence</span> <span class='ocrx_word' id='word_1_336' title='bbox 874 2331 911 2362; x_wconf 82' lang='lat' dir='ltr'>to</span> <span class='ocrx_word' id='word_1_337' title='bbox 931 2324 1179 2370; x_wconf 76' lang='lat' dir='ltr'>celebrate,—</span> 
     </span>
    </p>
   </div>
   <div class='ocr_carea' id='block_1_23' title="bbox 443 2377 1882 2899">
    <p class='ocr_par' dir='ltr' id='par_1_25' title="bbox 443 2377 1882 2637">
     <span class='ocr_line' id='line_1_46' title="bbox 443 2377 1882 2419; baseline 0.001 -8"><span class='ocrx_word' id='word_1_338' title='bbox 443 2379 544 2418; x_wconf 89' lang='lat' dir='ltr'>Item,</span> <span class='ocrx_word' id='word_1_339' title='bbox 566 2378 702 2418; x_wconf 80' lang='lat' dir='ltr'>ibidem,</span> <span class='ocrx_word' id='word_1_340' title='bbox 726 2378 783 2419; x_wconf 85' lang='lat' dir='ltr'>xvj</span> <span class='ocrx_word' id='word_1_341' title='bbox 808 2378 863 2409; x_wconf 85' lang='lat' dir='ltr'>die</span> <span class='ocrx_word' id='word_1_342' title='bbox 885 2377 969 2410; x_wconf 86' lang='lat' dir='ltr'>dicti</span> <span class='ocrx_word' id='word_1_343' title='bbox 992 2378 1127 2418; x_wconf 77' lang='lat' dir='ltr'>mensis,</span> <span class='ocrx_word' id='word_1_344' title='bbox 1143 2378 1310 2410; x_wconf 87' lang='lat' dir='ltr'>Dominus</span> <span class='ocrx_word' id='word_1_345' title='bbox 1334 2377 1499 2410; x_wconf 88' lang='lat' dir='ltr'>concessit</span> <span class='ocrx_word' id='word_1_346' title='bbox 1521 2378 1710 2412; x_wconf 86' lang='lat' dir='ltr'>Licenciam</span> <span class='ocrx_word' id='word_1_347' title='bbox 1732 2379 1882 2413; x_wconf 66' lang='lat' dir='ltr'>«Iohanni</span> 
     </span>
     <span class='ocr_line' id='line_1_47' title="bbox 486 2421 1882 2463; baseline 0.002 -10"><span class='ocrx_word' id='word_1_348' title='bbox 486 2422 658 2454; x_wconf 83' lang='lat' dir='ltr'>Girleston</span> <span class='ocrx_word' id='word_1_349' title='bbox 689 2422 813 2453; x_wconf 86' lang='lat' dir='ltr'>Divina</span> <span class='ocrx_word' id='word_1_350' title='bbox 842 2422 952 2453; x_wconf 80' lang='lat' dir='ltr'>facere</span> <span class='ocrx_word' id='word_1_351' title='bbox 977 2421 1139 2453; x_wconf 87' lang='lat' dir='ltr'>celebrari</span> <span class='ocrx_word' id='word_1_352' title='bbox 1161 2421 1196 2453; x_wconf 89' lang='lat' dir='ltr'>in</span> <span class='ocrx_word' id='word_1_353' title='bbox 1220 2421 1357 2462; x_wconf 85' lang='lat' dir='ltr'>Capella</span> <span class='ocrx_word' id='word_1_354' title='bbox 1378 2432 1440 2454; x_wconf 89' lang='lat' dir='ltr'>sua</span> <span class='ocrx_word' id='word_1_355' title='bbox 1463 2422 1580 2454; x_wconf 86' lang='lat' dir='ltr'>Sancti</span> <span class='ocrx_word' id='word_1_356' title='bbox 1603 2423 1766 2463; x_wconf 81' lang='lat' dir='ltr'>Nicholai,</span> <span class='ocrx_word' id='word_1_357' title='bbox 1790 2423 1882 2456; x_wconf 79' lang='lat' dir='ltr'>infra</span> 
     </span>
     <span class='ocr_line' id='line_1_48' title="bbox 487 2465 1881 2509; baseline 0.001 -12"><span class='ocrx_word' id='word_1_358' title='bbox 487 2465 735 2497; x_wconf 83' lang='lat' dir='ltr'>habitacionem</span> <span class='ocrx_word' id='word_1_359' title='bbox 751 2476 848 2497; x_wconf 87' lang='lat' dir='ltr'>suam</span> <span class='ocrx_word' id='word_1_360' title='bbox 863 2465 955 2506; x_wconf 84' lang='lat' dir='ltr'>apud</span> <span class='ocrx_word' id='word_1_361' title='bbox 971 2465 1142 2497; x_wconf 88' lang='lat' dir='ltr'>Girleston</span> <span class='ocrx_word' id='word_1_362' title='bbox 1166 2465 1364 2506; x_wconf 85' lang='lat' dir='ltr'>predictam,</span> <span class='ocrx_word' id='word_1_363' title='bbox 1379 2465 1415 2497; x_wconf 89' lang='lat' dir='ltr'>in</span> <span class='ocrx_word' id='word_1_364' title='bbox 1440 2466 1600 2498; x_wconf 83' lang='lat' dir='ltr'>Parochia</span> <span class='ocrx_word' id='word_1_365' title='bbox 1621 2466 1664 2498; x_wconf 89' lang='lat' dir='ltr'>de</span> <span class='ocrx_word' id='word_1_366' title='bbox 1686 2467 1719 2499; x_wconf 89' lang='lat' dir='ltr'>N</span> <span class='ocrx_word' id='word_1_367' title='bbox 1719 2470 1881 2509; x_wconf 79' lang='lat' dir='ltr'>ymetonc</span> 
     </span>
     <span class='ocr_line' id='line_1_49' title="bbox 489 2508 1881 2550; baseline 0.002 -10"><span class='ocrx_word' id='word_1_368' title='bbox 489 2509 687 2549; x_wconf 63' lang='lat' dir='ltr'>[Gi-illector»,</span> <span class='ocrx_word' id='word_1_369' title='bbox 707 2512 742 2540; x_wconf 74' lang='lat' dir='ltr'>in</span> <span class='ocrx_word' id='word_1_370' title='bbox 759 2508 1068 2550; x_wconf 57' lang='lat' dir='ltr'>Bishopsnympton]</span> <span class='ocrx_word' id='word_1_371' title='bbox 1091 2509 1224 2540; x_wconf 87' lang='lat' dir='ltr'>notorie</span> <span class='ocrx_word' id='word_1_372' title='bbox 1247 2508 1384 2549; x_wconf 87' lang='lat' dir='ltr'>situata,</span> <span class='ocrx_word' id='word_1_373' title='bbox 1401 2509 1437 2540; x_wconf 88' lang='lat' dir='ltr'>in</span> <span class='ocrx_word' id='word_1_374' title='bbox 1461 2509 1562 2541; x_wconf 86' lang='lat' dir='ltr'>Festo</span> <span class='ocrx_word' id='word_1_375' title='bbox 1585 2509 1702 2542; x_wconf 86' lang='lat' dir='ltr'>Sancti</span> <span class='ocrx_word' id='word_1_376' title='bbox 1725 2510 1881 2543; x_wconf 70' lang='lat' dir='ltr'>nicholai</span> 
     </span>
     <span class='ocr_line' id='line_1_50' title="bbox 487 2552 1880 2594; baseline 0.002 -10"><span class='ocrx_word' id='word_1_377' title='bbox 487 2552 641 2594; x_wconf 85' lang='lat' dir='ltr'>proximo</span> <span class='ocrx_word' id='word_1_378' title='bbox 655 2553 726 2594; x_wconf 87' lang='lat' dir='ltr'>jam</span> <span class='ocrx_word' id='word_1_379' title='bbox 742 2552 872 2592; x_wconf 77' lang='lat' dir='ltr'>futuro,</span> <span class='ocrx_word' id='word_1_380' title='bbox 889 2555 925 2585; x_wconf 91' lang='lat' dir='ltr'>et</span> <span class='ocrx_word' id='word_1_381' title='bbox 940 2552 1081 2593; x_wconf 87' lang='lat' dir='ltr'>singulis</span> <span class='ocrx_word' id='word_1_382' title='bbox 1095 2552 1193 2584; x_wconf 83' lang='lat' dir='ltr'>aunis</span> <span class='ocrx_word' id='word_1_383' title='bbox 1215 2552 1295 2584; x_wconf 89' lang='lat' dir='ltr'>inde</span> <span class='ocrx_word' id='word_1_384' title='bbox 1317 2552 1549 2594; x_wconf 86' lang='lat' dir='ltr'>sequentibus,</span> <span class='ocrx_word' id='word_1_385' title='bbox 1566 2552 1681 2585; x_wconf 83' lang='lat' dir='ltr'>debite</span> <span class='ocrx_word' id='word_1_386' title='bbox 1703 2553 1880 2594; x_wconf 80' lang='lat' dir='ltr'>facienda3</span> 
     </span>
     <span class='ocr_line' id='line_1_51' title="bbox 486 2595 1327 2637; baseline 0 -9"><span class='ocrx_word' id='word_1_387' title='bbox 486 2596 650 2637; x_wconf 85' lang='lat' dir='ltr'>quamdiu</span> <span class='ocrx_word' id='word_1_388' title='bbox 666 2597 758 2628; x_wconf 88' lang='lat' dir='ltr'>dicto</span> <span class='ocrx_word' id='word_1_389' title='bbox 775 2596 920 2627; x_wconf 92' lang='lat' dir='ltr'>Domino</span> <span class='ocrx_word' id='word_1_390' title='bbox 935 2595 1101 2636; x_wconf 79' lang='lat' dir='ltr'>placuerit</span> <span class='ocrx_word' id='word_1_391' title='bbox 1116 2595 1327 2628; x_wconf 83' lang='lat' dir='ltr'>duraturam.</span> 
     </span>
    </p>

    <p class='ocr_par' dir='ltr' id='par_1_26' title="bbox 444 2639 1877 2811">
     <span class='ocr_line' id='line_1_52' title="bbox 444 2639 1877 2680; baseline 0.001 -9"><span class='ocrx_word' id='word_1_392' title='bbox 444 2639 544 2678; x_wconf 89' lang='lat' dir='ltr'>Item,</span> <span class='ocrx_word' id='word_1_393' title='bbox 568 2639 659 2680; x_wconf 82' lang='lat' dir='ltr'>apud</span> <span class='ocrx_word' id='word_1_394' title='bbox 683 2639 779 2678; x_wconf 90' lang='lat' dir='ltr'>Clist,</span> <span class='ocrx_word' id='word_1_395' title='bbox 806 2643 898 2671; x_wconf 77' lang='lat' dir='ltr'>xxm0</span> <span class='ocrx_word' id='word_1_396' title='bbox 920 2639 975 2671; x_wconf 87' lang='lat' dir='ltr'>die</span> <span class='ocrx_word' id='word_1_397' title='bbox 998 2639 1122 2671; x_wconf 88' lang='lat' dir='ltr'>mensis</span> <span class='ocrx_word' id='word_1_398' title='bbox 1144 2642 1181 2671; x_wconf 87' lang='lat' dir='ltr'>et</span> <span class='ocrx_word' id='word_1_399' title='bbox 1201 2639 1282 2671; x_wconf 88' lang='lat' dir='ltr'>anni</span> <span class='ocrx_word' id='word_1_400' title='bbox 1304 2639 1587 2680; x_wconf 80' lang='lat' dir='ltr'>supradictorum,</span> <span class='ocrx_word' id='word_1_401' title='bbox 1614 2640 1780 2673; x_wconf 83' lang='lat' dir='ltr'>Dominus</span> <span class='ocrx_word' id='word_1_402' title='bbox 1801 2650 1877 2673; x_wconf 84' lang='lat' dir='ltr'>oon-</span> 
     </span>
     <span class='ocr_line' id='line_1_53' title="bbox 487 2682 1874 2724; baseline 0.001 -10"><span class='ocrx_word' id='word_1_403' title='bbox 487 2683 588 2715; x_wconf 88' lang='lat' dir='ltr'>cessit</span> <span class='ocrx_word' id='word_1_404' title='bbox 610 2683 739 2715; x_wconf 82' lang='lat' dir='ltr'>Thome</span> <span class='ocrx_word' id='word_1_405' title='bbox 762 2683 944 2722; x_wconf 84' lang='lat' dir='ltr'>Peverelle,</span> <span class='ocrx_word' id='word_1_406' title='bbox 961 2682 1005 2714; x_wconf 91' lang='lat' dir='ltr'>de</span> <span class='ocrx_word' id='word_1_407' title='bbox 1028 2682 1209 2721; x_wconf 85' lang='lat' dir='ltr'>Cornubia‚</span> <span class='ocrx_word' id='word_1_408' title='bbox 1225 2685 1262 2714; x_wconf 90' lang='lat' dir='ltr'>et</span> <span class='ocrx_word' id='word_1_409' title='bbox 1283 2682 1359 2724; x_wconf 86' lang='lat' dir='ltr'>ejus</span> <span class='ocrx_word' id='word_1_410' title='bbox 1381 2683 1489 2723; x_wconf 81' lang='lat' dir='ltr'>uxori,</span> <span class='ocrx_word' id='word_1_411' title='bbox 1506 2683 1695 2716; x_wconf 76' lang='lat' dir='ltr'>Licenciam</span> <span class='ocrx_word' id='word_1_412' title='bbox 1717 2683 1874 2724; x_wconf 76' lang='lat' dir='ltr'>faciendi,</span> 
     </span>
     <span class='ocr_line' id='line_1_54' title="bbox 487 2725 1877 2767; baseline 0.001 -9"><span class='ocrx_word' id='word_1_413' title='bbox 487 2729 562 2764; x_wconf 69' lang='lat' dir='ltr'>etc„</span> <span class='ocrx_word' id='word_1_414' title='bbox 585 2726 620 2758; x_wconf 92' lang='lat' dir='ltr'>in</span> <span class='ocrx_word' id='word_1_415' title='bbox 643 2726 815 2767; x_wconf 88' lang='lat' dir='ltr'>presencia</span> <span class='ocrx_word' id='word_1_416' title='bbox 836 2737 897 2758; x_wconf 84' lang='lat' dir='ltr'>sua</span> <span class='ocrx_word' id='word_1_417' title='bbox 926 2736 986 2758; x_wconf 87' lang='lat' dir='ltr'>seu</span> <span class='ocrx_word' id='word_1_418' title='bbox 1009 2725 1159 2767; x_wconf 85' lang='lat' dir='ltr'>ipsorum</span> <span class='ocrx_word' id='word_1_419' title='bbox 1182 2725 1332 2766; x_wconf 84' lang='lat' dir='ltr'>alterius,</span> <span class='ocrx_word' id='word_1_420' title='bbox 1356 2726 1392 2757; x_wconf 89' lang='lat' dir='ltr'>in</span> <span class='ocrx_word' id='word_1_421' title='bbox 1417 2726 1554 2767; x_wconf 84' lang='lat' dir='ltr'>Capella</span> <span class='ocrx_word' id='word_1_422' title='bbox 1578 2727 1684 2760; x_wconf 81' lang='lat' dir='ltr'>Beate</span> <span class='ocrx_word' id='word_1_423' title='bbox 1706 2727 1812 2760; x_wconf 77' lang='lat' dir='ltr'>Mario</span> <span class='ocrx_word' id='word_1_424' title='bbox 1833 2727 1877 2760; x_wconf 85' lang='lat' dir='ltr'>de</span> 
     </span>
     <span class='ocr_line' id='line_1_55' title="bbox 489 2768 1604 2811; baseline 0.001 -10"><span class='ocrx_word' id='word_1_425' title='bbox 489 2770 735 2802; x_wconf 87' lang='lat' dir='ltr'>Wolmerstone</span> <span class='ocrx_word' id='word_1_426' title='bbox 751 2770 802 2810; x_wconf 79' lang='lat' dir='ltr'>[in</span> <span class='ocrx_word' id='word_1_427' title='bbox 819 2768 1014 2809; x_wconf 70' lang='lat' dir='ltr'>Golabrooke]</span> <span class='ocrx_word' id='word_1_428' title='bbox 1031 2780 1039 2807; x_wconf 80' lang='lat'><em>3</em></span> <span class='ocrx_word' id='word_1_429' title='bbox 1062 2769 1227 2811; x_wconf 90' lang='lat' dir='ltr'>quamdiu</span> <span class='ocrx_word' id='word_1_430' title='bbox 1250 2769 1395 2801; x_wconf 88' lang='lat' dir='ltr'>Domino</span> <span class='ocrx_word' id='word_1_431' title='bbox 1410 2769 1584 2811; x_wconf 78' lang='lat' dir='ltr'>placuerit.</span> <span class='ocrx_word' id='word_1_432' title='bbox 1602 2792 1604 2794; x_wconf 35' lang='lat' dir='ltr'>v</span> 
     </span>
    </p>

    <p class='ocr_par' dir='ltr' id='par_1_27' title="bbox 444 2811 1877 2899">
     <span class='ocr_line' id='line_1_56' title="bbox 444 2811 1877 2854; baseline 0.001 -9"><span class='ocrx_word' id='word_1_433' title='bbox 444 2813 545 2852; x_wconf 89' lang='lat' dir='ltr'>Item,</span> <span class='ocrx_word' id='word_1_434' title='bbox 564 2813 700 2852; x_wconf 86' lang='lat' dir='ltr'>ibidem,</span> <span class='ocrx_word' id='word_1_435' title='bbox 717 2811 845 2854; x_wconf 74' lang='lat' dir='ltr'>xxiiijto</span> <span class='ocrx_word' id='word_1_436' title='bbox 859 2813 915 2845; x_wconf 87' lang='lat' dir='ltr'>die</span> <span class='ocrx_word' id='word_1_437' title='bbox 931 2813 1056 2845; x_wconf 86' lang='lat' dir='ltr'>mensis</span> <span class='ocrx_word' id='word_1_438' title='bbox 1071 2817 1104 2844; x_wconf 84' lang='lat' dir='ltr'>et</span> <span class='ocrx_word' id='word_1_439' title='bbox 1120 2812 1201 2844; x_wconf 85' lang='lat' dir='ltr'>anni</span> <span class='ocrx_word' id='word_1_440' title='bbox 1223 2813 1507 2854; x_wconf 80' lang='lat' dir='ltr'>supradictorum,</span> <span class='ocrx_word' id='word_1_441' title='bbox 1524 2813 1691 2846; x_wconf 84' lang='lat' dir='ltr'>Dominus</span> <span class='ocrx_word' id='word_1_442' title='bbox 1713 2813 1877 2847; x_wconf 80' lang='lat' dir='ltr'>concessit</span> 
     </span>
     <span class='ocr_line' id='line_1_57' title="bbox 487 2856 1877 2899; baseline 0.001 -11"><span class='ocrx_word' id='word_1_443' title='bbox 487 2856 672 2898; x_wconf 83' lang='lat' dir='ltr'>Reginaldo</span> <span class='ocrx_word' id='word_1_444' title='bbox 690 2857 873 2898; x_wconf 85' lang='lat' dir='ltr'>Helygane,</span> <span class='ocrx_word' id='word_1_445' title='bbox 889 2860 926 2888; x_wconf 84' lang='lat' dir='ltr'>et</span> <span class='ocrx_word' id='word_1_446' title='bbox 941 2856 1016 2898; x_wconf 84' lang='lat' dir='ltr'>ejus</span> <span class='ocrx_word' id='word_1_447' title='bbox 1032 2856 1140 2896; x_wconf 82' lang='lat' dir='ltr'>uxori,</span> <span class='ocrx_word' id='word_1_448' title='bbox 1156 2856 1364 2888; x_wconf 85' lang='lat' dir='ltr'>consimilem</span> <span class='ocrx_word' id='word_1_449' title='bbox 1380 2856 1580 2897; x_wconf 77' lang='lat' dir='ltr'>Licenciam,</span> <span class='ocrx_word' id='word_1_450' title='bbox 1595 2860 1672 2896; x_wconf 66' lang='lat' dir='ltr'>etc„</span> <span class='ocrx_word' id='word_1_451' title='bbox 1687 2857 1723 2889; x_wconf 86' lang='lat' dir='ltr'>iu</span> <span class='ocrx_word' id='word_1_452' title='bbox 1741 2857 1877 2899; x_wconf 79' lang='lat' dir='ltr'>Capella</span> 
     </span>
    </p>
   </div>
   <div class='ocr_carea' id='block_1_24' title="bbox 332 2952 1876 3040">
    <p class='ocr_par' dir='ltr' id='par_1_28' title="bbox 332 2952 1876 3040">
     <span class='ocr_line' id='line_1_58' title="bbox 332 2952 1876 2999; baseline 0.001 -12"><span class='ocrx_word' id='word_1_453' title='bbox 332 2952 344 2974; x_wconf 78' lang='lat'>¹</span> <span class='ocrx_word' id='word_1_454' title='bbox 361 2953 965 2987; x_wconf 64' lang='lat' dir='ltr'>Collectio=convcntus—D’Arm&#39;a</span> <span class='ocrx_word' id='word_1_455' title='bbox 1028 2953 1108 2995; x_wconf 85' lang='lat' dir='ltr'>But,</span> <span class='ocrx_word' id='word_1_456' title='bbox 1219 2965 1314 2987; x_wconf 84' lang='lat' dir='ltr'>error</span> <span class='ocrx_word' id='word_1_457' title='bbox 1323 2955 1376 2987; x_wconf 88' lang='lat' dir='ltr'>for</span> <span class='ocrx_word' id='word_1_458' title='bbox 1392 2955 1412 2971; x_wconf 93' lang='lat'>“</span> <span class='ocrx_word' id='word_1_459' title='bbox 1425 2954 1644 2997; x_wconf 86' lang='lat' dir='ltr'>Collegium,’&#39;</span> <span class='ocrx_word' id='word_1_460' title='bbox 1659 2967 1707 2997; x_wconf 88' lang='lat' dir='ltr'>or,</span> <span class='ocrx_word' id='word_1_461' title='bbox 1721 2956 1876 2999; x_wconf 75' lang='lat' dir='ltr'>perhaps,</span> 
     </span>
     <span class='ocr_line' id='line_1_59' title="bbox 375 2997 1579 3040; baseline 0.002 -10"><span class='ocrx_word' id='word_1_462' title='bbox 375 2998 549 3040; x_wconf 85' lang='lat' dir='ltr'>probably,</span> <span class='ocrx_word' id='word_1_463' title='bbox 568 2997 859 3030; x_wconf 87' lang='lat' dir='ltr'>“colleccionem”</span> <span class='ocrx_word' id='word_1_464' title='bbox 883 2998 912 3030; x_wconf 90' lang='lat' dir='ltr'>is</span> <span class='ocrx_word' id='word_1_465' title='bbox 933 3007 953 3030; x_wconf 85' lang='lat' dir='ltr'>a</span> <span class='ocrx_word' id='word_1_466' title='bbox 976 2998 1108 3030; x_wconf 83' lang='lat' dir='ltr'>clerical</span> <span class='ocrx_word' id='word_1_467' title='bbox 1222 2999 1276 3031; x_wconf 79' lang='lat' dir='ltr'>for</span> <span class='ocrx_word' id='word_1_468' title='bbox 1292 2999 1311 3015; x_wconf 79' lang='lat'>‘⁶</span> <span class='ocrx_word' id='word_1_469' title='bbox 1324 2998 1579 3032; x_wconf 52' lang='lat' dir='ltr'>collectorem?</span> 
     </span>
    </p>
   </div>
   <div class='ocr_carea' id='block_1_25' title="bbox 1983 2034 1988 2146">
    <p class='ocr_par' dir='ltr' id='par_1_29' title="bbox 1983 2034 1988 2146">
     <span class='ocr_line' id='line_1_60' title="bbox 1983 2034 1988 2051; baseline 0 -2"><span class='ocrx_word' id='word_1_470' title='bbox 1983 2034 1988 2051; x_wconf 68' lang='grc'><strong>1</strong></span> 
     </span>
     <span class='ocr_line' id='line_1_61' title="bbox 1985 2125 1988 2132; baseline 0 -1"><span class='ocrx_word' id='word_1_471' title='bbox 1985 2125 1988 2132; x_wconf 88' lang='grc'>.</span> 
     </span>
     <span class='ocr_line' id='line_1_62' title="bbox 1983 2138 1988 2146; baseline 0 0"><span class='ocrx_word' id='word_1_472' title='bbox 1983 2138 1988 2146; x_wconf 68' lang='grc' dir='ltr'><strong><em>ι</em></strong></span> 
     </span>
    </p>
   </div>
  </div>
 </body>
</html>
