1988 3256
336 345 431 392 506

337 461 370 487 Α.

336 496 369 521 13

338 529 370 553 V(

378 461 412 488 s).

370 496 414 555 813-

373 539 380 554 ,
417 497 442 556 ‘f
491 511 684 550 citandum,
701 522 763 543 seu
780 511 882 542 citari
898 511 1112 551 faciendum,
1138 511 1326 544 Osbertum
1352 513 1540 554 Hamelyn,
1565 513 1657 554 quod
1680 514 1884 554 compareat

549 359 650 392 THE
684 357 927 394 REGISTER
963 357 1024 393 OF
1060 357 1238 394 BISHOP
1273 357 1675 395 BRANTYNGHAM.

490 466 577 496 Eval
608 466 678 497 and
702 467 749 499 St.
779 464 962 507 Wimww}
986 476 1028 498 ac
1052 467 1203 499 Domino
1226 467 1381 499 Johanni
1406 468 1583 510 Kyttowe,
1607 468 1814 510 presbitero,
1837 467 1884 500 ad

491 565 610 586 coram
627 556 775 587 Officiali
792 556 933 587 Domini
950 556 1151 596 Principali,
1170 567 1241 596 seu,
1257 557 1334 597 ipso
1353 557 1510 597 absente,
1535 567 1653 589 coram
1677 557 1883 589 Presidente

493 599 700 631 Consistorii
718 601 926 632 Exoniensis
942 611 1171 642 quocumque,
1194 602 1231 632 in
1256 602 1414 633 Ecclesia
1439 602 1641 633 Cathedrali
1666 601 1809 642 Exom'e,
1825 601 1883 633 die

492 645 657 676 Mercurii
680 647 761 685 post
782 645 925 676 Festum
944 645 1072 676 Sancte
1091 646 1242 685 Agathe,
1259 646 1428 686 Virginis,
1445 647 1605 687 proximo
1619 646 1694 688 jam
1709 645 1883 686 futurum,

491 690 632 720 Decano
649 692 684 720 et
702 689 865 730 Capitulo
881 690 974 720 dicte
992 689 1147 721 Ecclesie
1164 691 1201 721 in
1218 700 1324 722 causa
1340 691 1557 722 decimarum
1572 700 1815 732 responsurus.

444 762 501 799 St.
524 761 662 811 Issey3
692 759 905 798 Relaoeacio
926 760 1125 810 Sequestri
1153 760 1379 810 interpositi
1408 761 1455 799 in
1474 761 1684 811 fructibus
1711 760 1881 799 Ecoleaie

498 814 752 853 Parochialis
772 816 1010 877 Sanctorum
1028 814 1100 853 Ide
1119 821 1154 852 et
1175 815 1299 865 Lydy,
1321 816 1367 854 de
1387 815 1670 865 Effe-servm,—

491 915 676 955 Perpetuis
707 915 858 946 Vicariis
890 915 1128 946 Ecclesiarum
1160 915 1418 947 Parochialium
1451 916 1661 947 Sanctorum
1692 915 1814 947 Uvelis
1844 917 1882 947 et

491 960 662 999 Winnoci,
679 970 720 990 ac
737 960 887 990 Domino
905 959 1060 990 «Iohanni
1085 960 1262 1000 Kyttowe,
1279 960 1485 1000 presbitero,
1503 960 1664 999 salutem,
1679 959 1884 991 etc.—Cum

490 1015 554 1035 nos
570 1014 683 1044 nuper
698 1004 734 1034 in
751 1004 881 1035 nostris
899 1003 1051 1034 Civitate
1065 1006 1101 1035 et
1114 1005 1262 1043 Diocesi,
1275 1005 1354 1045 jure
1365 1005 1552 1044 ordinario,
1563 1015 1626 1045 per
1635 1015 1700 1036 nos
1715 1006 1751 1035 et
1767 1005 1882 1036 certos

491 1051 630 1080 nostros
655 1049 931 1088 commissarios,
949 1048 994 1079 ad
1018 1048 1083 1079 hoc
1099 1049 1257 1089 legitime
1281 1049 1468 1090 deputatos
1490 1059 1511 1080 a
1526 1049 1638 1088 nobis,
1655 1047 1884 1080 visitacionis

492 1093 653 1124 Officium
670 1093 787 1124 debite
803 1095 1037 1132 exoeroentes,
1054 1093 1147 1124 inter
1163 1096 1281 1124 cetera
1291 1094 1478 1125 nonnullos
1488 1093 1649 1125 defectus
1664 1093 1702 1124 in
1719 1092 1883 1124 Canoello

492 1138 647 1169 Ecclesie
672 1138 887 1168 Parochialis
913 1137 1123 1168 Sanctorum
1148 1138 1210 1169 Ide
1235 1140 1270 1169 et
1287 1138 1388 1178 Lydy
1404 1138 1446 1169 de
1465 1137 1669 1178 Eglescruk,
1687 1138 1829 1169 Deoano
1845 1139 1883 1168 et

492 1182 655 1222 Capitulo
673 1182 827 1213 Ecclesie
844 1184 963 1212 nostre
981 1181 1202 1213 Cathedralis
1220 1182 1351 1213 Exonie
1368 1183 1467 1213 unite
1483 1185 1519 1213 et
1535 1182 1770 1223 appropriate,
1782 1183 1882 1213 noto—

491 1227 542 1257 rie
553 1227 790 1265 imminentes,
801 1236 842 1257 ac
853 1226 1078 1266 reparacione
1095 1229 1131 1257 et
1147 1226 1344 1258 refeccione
1354 1226 1563 1258 necessariis
1579 1226 1780 1267 indigentes
1789 1236 1883 1257 com·

491 1271 647 1311 perimus
663 1270 868 1308 manifeste;
890 1280 1038 1311 quorum
1061 1270 1264 1302 defectuum
1285 1271 1467 1302 occasione
1485 1271 1634 1310 fructus,
1653 1270 1823 1310 redditus,
1844 1271 1883 1302 et

490 1318 682 1355 proventus
697 1315 835 1355 prefate
853 1315 1007 1346 Ecclesie
1023 1325 1132 1355 usque
1150 1316 1194 1346 ad
1206 1326 1381 1346 summam
1394 1315 1522 1356 viginti
1530 1315 1702 1346 librarum
1718 1314 1880 1355 sterling-

491 1370 591 1390 orum
607 1360 643 1390 in
657 1370 741 1391 usus
753 1359 990 1399 reparacionis
1006 1362 1042 1390 et
1054 1360 1262 1391 refeccionis
1275 1359 1478 1391 defectuum
1490 1359 1728 1400 predictorum
1737 1368 1880 1390 conver-

491 1405 688 1443 tendarum,
703 1404 906 1435 duxerimus
931 1405 1201 1444 sequestrandos
1218 1419 1225 1442 ;
1254 1414 1387 1443 verum,
1405 1404 1487 1445 quia
1508 1414 1572 1444 pro
1587 1406 1688 1444 parte
1704 1403 1880 1435 dictorum

490 1449 622 1480 Decani
639 1452 674 1480 et
692 1449 846 1489 Capituli
867 1448 969 1479 nobis
989 1448 1203 1479 sufficienter
1222 1449 1341 1479 extitit
1356 1449 1454 1479 facta
1469 1449 1556 1480 fides
1572 1448 1614 1479 de
1630 1448 1786 1489 parendo
1807 1447 1879 1489 juri

490 1498 526 1524 et
544 1494 586 1524 de
603 1493 729 1525 stando
751 1495 870 1524 nostre
893 1493 1119 1523 Ordinacioni
1138 1503 1201 1533 pro
1222 1493 1387 1533 porcione
1410 1493 1504 1533 ipsos
1528 1493 1755 1533 contingente
1770 1492 1808 1523 in
1824 1502 1880 1524 ea·

491 1538 581 1577 dem,
592 1548 659 1578 quo
672 1538 717 1569 ad
727 1538 959 1568 refeccionem
971 1537 1044 1568 sive
1054 1538 1317 1577 reparacionem
1329 1537 1483 1569 Cancelli
1495 1537 1644 1578 predicti
1654 1552 1662 1575 ;
1677 1537 1757 1568 ideo
1765 1535 1881 1577 prefa-

490 1585 567 1613 tum
586 1582 823 1622 Seqnestrum,
845 1582 933 1612 alias
949 1582 986 1612 in
1002 1581 1187 1621 fructibus,
1204 1582 1410 1621 redditibus,
1427 1584 1463 1613 et
1479 1581 1709 1622 proventibus
1725 1580 1881 1612 Ecclesia

490 1630 683 1658 memorate
698 1637 762 1667 per
777 1637 841 1657 nos
854 1626 1113 1666 interpositum,
1125 1628 1298 1666 quatenus
1309 1626 1402 1666 ipsos
1414 1628 1455 1657 ut
1468 1626 1635 1658 Rectores
1646 1625 1806 1667 ejusdem
1816 1625 1880 1656 Ec-

490 1671 593 1702 clesie
610 1671 799 1710 concernit,
811 1671 974 1701 duximus
990 1671 1229 1709 relaxandum,
1245 1673 1350 1711 prout
1366 1681 1408 1701 ex
1422 1670 1645 1701 habundanti
1660 1673 1782 1701 tenore
1798 1669 1880 1701 Pre—

489 1716 646 1747 sencium
658 1716 865 1746 relaxamus.
891 1715 1072 1754 Volumus,
1081 1717 1211 1754 tamen,
1219 1715 1368 1754 fructus,
1376 1717 1454 1754 etc.,
1462 1715 1601 1746 Vicarie
1611 1714 1704 1746 dicte
1715 1713 1880 1754 Ecclesia,

489 1771 598 1800 usque
615 1760 659 1791 ad
681 1762 814 1791 certam
832 1769 1006 1790 summam
1023 1769 1129 1799 quam
1145 1770 1208 1799 pro
1226 1760 1392 1790 Porcione
1409 1759 1539 1790 Vicarii
1556 1759 1648 1790 dicte
1666 1758 1820 1790 Ecclesie
1835 1757 1882 1790 ad

488 1805 749 1844 reparacionem
773 1804 975 1844 hujusmodi
999 1803 1212 1843 defectuum,
1235 1804 1428 1835 secundum
1451 1803 1716 1835 estimacionem
1740 1805 1777 1834 et
1800 1812 1880 1834 oon-
1908 1832 1922 1843 ,

489 1849 658 1880 sciencias
683 1851 830 1887 vestras,
851 1848 1008 1879 sufficere
1029 1849 1290 1888 reputaveritis,
1313 1848 1377 1879 sub
1404 1848 1591 1888 Sequestro
1613 1850 1735 1879 nostro
1758 1846 1879 1888 hujus-

333 1891 378 1918 s0¹=
395 1893 452 1918 113.
490 1894 584 1925 modi
609 1903 802 1924 remanere.
848 1892 967 1931 Vobis,
984 1893 1103 1932 igitur,
1121 1893 1356 1924 communiter
1378 1895 1415 1923 et
1439 1892 1589 1931 divisim,
1613 1891 1879 1931 committimus,

488 1940 565 1977 etc.,
577 1938 743 1978 quatinus
759 1937 1014 1968 relaxacionem
1030 1937 1233 1978 hujusmodi
1251 1937 1429 1977 Sequestri
1445 1937 1557 1968 nostri
1573 1936 1682 1968 fuisse
1698 1938 1735 1967 et
1750 1945 1827 1967 esse
1842 1935 1880 1967 in

487 1982 673 2021 fructibus,
699 1984 776 2021 etc.,
803 1981 895 2012 dicte
922 1981 1076 2012 Ecclesie
1102 1982 1306 2012 Porcionem
1330 1981 1487 2021 ipsorum
1510 1981 1642 2012 Decani
1664 1983 1701 2012 et
1725 1979 1880 2021 Capituli

488 2026 790 2065 concernentibus,
803 2036 866 2066 per
877 2036 941 2056 nos
951 2025 1095 2064 factam,
1108 2028 1148 2056 ut
1159 2025 1347 2065 prefertur,
1358 2035 1494 2056 necnon
1505 2025 1639 2056 dictum
1653 2025 1880 2066 Sequestrum

488 2073 649 2102 nostrum
676 2071 713 2101 in
738 2070 913 2100 fructibus
938 2070 1097 2110 ejusdem
1126 2070 1279 2101 Ecclesie
1301 2070 1506 2100 Porcionem
1534 2069 1619 2100 dicti
1642 2069 1775 2100 Vicarii
1799 2078 1880 2101 con-

488 2115 724 2153 cernentibus,
736 2115 800 2145 sub
814 2114 1010 2154 Sequestro,
1029 2116 1068 2144 ut
1083 2114 1313 2154 premittitur,
1329 2124 1521 2152 remanere,
1534 2113 1672 2154 publice
1681 2115 1718 2144 et
1730 2113 1878 2154 solemp-

487 2160 581 2190 niter
597 2159 782 2197 nuncietis,
799 2161 836 2189 et
858 2169 921 2198 per
944 2158 1030 2189 alios
1054 2158 1194 2189 faciatis
1217 2158 1320 2189 modo
1337 2158 1442 2189 simili
1465 2158 1637 2189 nunciari.
1683 2157 1879 2197 Monentes,

486 2204 639 2244 insuper,
657 2206 693 2234 et
709 2203 826 2234 debite
843 2202 977 2233 moneri
1001 2202 1172 2233 facientes
1196 2213 1317 2234 omnes
1340 2204 1377 2233 et
1401 2202 1557 2242 singulos
1579 2211 1879 2243 quarumcumque

486 2249 716 2288 pecuniarum
733 2257 950 2278 summarum
974 2257 1037 2286 pro
1060 2247 1204 2278 decimis
1229 2247 1321 2278 dicte
1347 2247 1500 2278 Ecclesie
1523 2247 1656 2278 eisdem
1680 2247 1821 2278 Decano
1843 2247 1881 2278 et

488 2293 650 2333 Capitulo
660 2292 859 2323 debitarum
871 2291 1012 2322 illicitos
1025 2291 1235 2330 detentores,
1249 2291 1317 2331 qui,
1334 2293 1498 2342 pretextu
1508 2293 1544 2322 et
1557 2291 1621 2322 sub
1633 2291 1748 2322 colore
1756 2290 1879 2322 fucato

486 2340 606 2368 nostre
621 2336 918 2377 Sequestracionis
933 2335 1100 2375 predicte,
1117 2335 1211 2375 ipsas
1227 2336 1454 2375 pecuniarum
1472 2345 1628 2367 summas
1639 2335 1878 2374 detinuerunt,

486 2384 523 2412 et
533 2382 647 2412 adhuc
660 2380 843 2412 detinent
833 2391 870 2410 1n
882 2379 1048 2420 presenti,
1062 2380 1098 2410 in
1109 2380 1282 2411 dictorum
1295 2380 1424 2411 Decani
1435 2382 1471 2410 et
1482 2379 1635 2420 Capituli
1643 2378 1878 2420 prejudicium

486 2437 557 2457 non
570 2426 745 2457 modicum
762 2427 798 2456 et
814 2434 1015 2464 gravamen,
1033 2424 1098 2454 ut
1088 2435 1125 2454 1n
1141 2424 1302 2455 terminis
1318 2424 1368 2454 eis
1384 2424 1546 2455 limitatis
1559 2424 1623 2455 de
1614 2423 1699 2464 ipsis
1714 2422 1878 2464 pecunia·
1916 2431 1921 2434 ·

486 2480 565 2501 rum
577 2470 724 2501 summis
739 2469 936 2500 Senescallo
949 2468 1123 2499 dictorum
1140 2468 1271 2499 Decani
1288 2470 1323 2499 et
1341 2468 1506 2508 Capituli,
1520 2478 1582 2499 seu
1593 2466 1879 2508 procuratoribus

486 2515 641 2555 ipsorum
658 2514 695 2544 in
712 2513 877 2544 Partibus
899 2512 1072 2544 Cornubie
1095 2512 1282 2553 deputatis,
1307 2512 1528 2543 satisfaciant
1544 2514 1795 2552 competenter,
1812 2510 1878 2544 sub

485 2569 576 2599 pena
594 2557 977 2589 Excommunicacionis
1000 2556 1154 2597 Majoris,
1171 2557 1207 2587 in
1227 2557 1375 2587 rebelles
1397 2558 1434 2587 et
1458 2555 1740 2588 contradicentes
1754 2555 1878 2587 illicite

487 2603 662 2634 Canonice
678 2601 918 2639 fulminande3
944 2601 988 2632 ad
1005 2611 1070 2641 que
1087 2600 1250 2632 facienda
1265 2601 1373 2639 vobis,
1390 2603 1426 2632 et
1442 2600 1585 2631 cuilibet
1601 2602 1768 2639 vestrum,
1784 2610 1876 2631 com-
1915 2618 1918 2619 ν

486 2647 660 2678 mittimus
677 2647 770 2678 vices
786 2648 936 2676 nostras,
983 2645 1118 2684 Citetis,
1135 2645 1255 2683 eciam,
1273 2655 1335 2676 seu
1351 2644 1451 2676 citari
1466 2644 1616 2683 faciatis,
1632 2643 1879 2685 peremptorie,

487 2691 621 2722 dictum
637 2691 816 2722 Vicarium
833 2690 925 2730 quod
942 2691 1144 2729 compareat
1159 2699 1277 2720 coram
1294 2688 1440 2720 Officiali
1457 2691 1577 2720 nostro
1593 2688 1793 2729 Principali,
1803 2696 1876 2728 seu,
1902 2703 1906 2707 ·

485 2736 561 2776 ipso
573 2735 728 2774 absente,
739 2744 857 2766 coram
870 2733 981 2765 nostri
996 2733 1202 2764 Consistorii
1215 2733 1421 2764 Exoniensis
1435 2733 1639 2764 Presidente
1649 2741 1878 2774 quocumque,

485 2780 521 2810 in
550 2779 706 2811 Ecclesia
732 2781 855 2809 nostra
883 2777 1085 2809 Cathedrali
1115 2777 1312 2816 Exoniensi,
1341 2777 1396 2808 die
1423 2777 1587 2808 Mercurii
1613 2777 1772 2818 proximo
1797 2777 1879 2817 post

487 2825 631 2855 Festum
649 2823 775 2854 Sancte
793 2822 932 2862 Agathe
949 2832 1042 2852 nunc
1065 2821 1236 2859 futurum,
1253 2831 1394 2852 causam
1420 2831 1481 2852 seu
1504 2830 1637 2861 causas,
1654 2820 1683 2852 si
1699 2830 1805 2862 quam
1820 2819 1877 2852 vel

484 2878 570 2908 quas
581 2878 643 2908 pro
654 2878 690 2898 se
703 2867 831 2898 habeat
841 2866 1088 2897 racionabilem
1105 2875 1166 2896 seu
1182 2865 1421 2904 racionabiles‚
1437 2875 1544 2905 quare
1561 2865 1605 2896 ad
1621 2874 1775 2896 onerare

485 2912 595 2944 cionis
614 2914 650 2943 et
671 2910 878 2942 refeccionis
900 2909 1101 2951 hujusmodi
1125 2909 1278 2941 Cancelli
1299 2909 1435 2949 integre
1457 2909 1697 2950 supportanda
1714 2906 1877 2950 compelli
1898 2910 1900 2915 '

485 2967 555 2988 non
572 2956 698 2987 debeat
715 2955 889 2987 Canonice
905 2956 941 2985 et
957 2954 1078 2994 artari,
1093 2953 1130 2984 in
1153 2953 1294 2985 forma
1282 2954 1371 2995 juris
1391 2953 1644 2994 propositurus,
1660 2953 1877 2995 ulteriusque
1899 2968 1902 2970 v

1976 563 1988 650 ᾗ
