1988 3256
269 340 365 388 230
469 351 570 387 THE
604 352 847 388 REGISTER
881 351 942 386 OF
976 351 1155 386 BISHOP
1189 352 1589 388 BRANTYNGHAM.

267 460 303 487 Α·
310 460 344 487 D·
422 464 580 493 cutorum
595 460 795 494 sufficiencia
811 462 1041 502 pervenerant,
1055 462 1096 492 ut
1111 459 1279 500 asseritur,
1296 461 1540 494 Executoribus
1551 462 1638 494 bone
1651 461 1812 494 memorie

268 494 344 555 {73ng
350 528 375 555 1
423 505 669 537 Predecessoris
701 504 806 536 nostri
838 504 977 545 predicti
1008 504 1184 545 hucusque
1215 504 1342 536 solvere
1374 505 1592 546 distulerunt,
1617 509 1652 537 et
1681 506 1715 537 in
1740 506 1812 537 dies

423 549 585 581 differunt
608 549 720 581 minus
741 548 843 590 juste,
867 547 989 589 prefati
1019 547 1172 579 defuncti
1205 548 1423 580 Voluntatem
1455 550 1620 582 Ultimam
1652 560 1719 581 non
1750 549 1811 581 im-

424 593 560 634 plendo,
577 593 612 624 in
628 593 817 624 animarum
834 601 971 622 suarum
986 601 1086 632 grave
1101 591 1287 632 periculum
1304 595 1340 624 et
1357 594 1621 634 prescriptorum
1637 593 1810 634 querelan-

269 637 322 665 fol.
422 636 512 668 cium
528 636 563 668 in
580 637 641 668 hac
658 639 752 677 parte
767 634 993 676 prejudicium
1009 645 1076 666 nou
1093 635 1262 666 modicum
1279 639 1314 668 et
1328 646 1517 677 gravamen.
1566 637 1678 675 Vobis,
1696 636 1812 677 igitur,

270 671 315 699 ⁵5·
423 680 632 721 conjunctim
649 683 684 711 et
699 679 843 716 divisim,
860 678 1106 710 committimus
1129 681 1166 710 et
1189 679 1397 719 mandamus,
1415 680 1557 712 firmiter
1579 680 1810 721 injungentes,

423 724 592 765 quatinus·
609 723 793 755 Dominum
811 722 1018 754 Willelmum
1041 725 1077 753 et
1099 722 1299 762 Johannem,
1321 724 1522 755 Executmes
1546 724 1724 765 predictos,
1745 734 1813 755 mo-

425 767 542 806 neatis,
567 770 602 798 et
624 766 801 798 efficaciter
816 765 995 804 inducatis,
1018 769 1058 797 ut
1074 766 1116 797 de
1131 766 1230 798 dictis
1253 767 1476 808 quadraginta
1499 767 1602 807 libris,
1620 770 1661 798 ut
1677 767 1813 808 premit-

425 811 512 842 titur
529 810 656 852 legatis,
676 809 922 842 Executoribus
939 809 1182 841 Predecessoris
1201 811 1306 841 nostri
1328 811 1523 851 supradicti,
1540 815 1602 842 aut
1620 811 1677 842 uni
1693 821 1812 842 eorun-

425 855 514 895 dem,
531 865 590 886 seu
606 864 723 886 eorum
738 856 830 885 certo
846 856 1028 892 attornato,
1044 853 1131 884 infra
1147 853 1339 895 quindecim
1355 855 1487 886 dierum
1503 854 1663 896 spacium,
1687 866 1706 886 a
1729 857 1813 887 tem-

427 909 506 940 pore
531 897 726 930 Monicionis
750 900 859 928 vestre
883 896 1081 947 hujusmodi
1111 897 1159 928 eis
1189 897 1339 929 faciende
1370 898 1528 930 continue
1553 899 1812 938 numerandum,

426 952 581 983 quorum,
605 941 754 992 quidem,
771 940 902 972 dierum
927 940 1077 982 quinque
1101 951 1160 982 pro
1183 942 1291 982 primo
1307 945 1342 973 et
1358 941 1508 983 quinque
1526 953 1584 983 pro
1599 942 1758 981 secundo,
1776 953 1814 974 ac

424 985 570 1027 reliquos
585 985 736 1027 quinque
759 995 820 1034 pro
843 984 947 1015 tercio
969 995 1007 1015 ac
1030 985 1254 1025 peremptorio
1279 986 1422 1016 termino
1445 996 1483 1017 ac
1509 985 1691 1017 Monicione
1708 985 1814 1017 Cano-

425 1030 499 1060 nica
520 1029 625 1070 ipsius
648 1028 808 1069 assignari
831 1027 996 1067 volumus,
1021 1028 1085 1059 sub
1109 1038 1194 1068 pena
1229 1029 1592 1060 Excommunicacionis
1594 1039 1760 1070 ,—-quam,
1784 1029 1814 1061 si

428 1072 672 1104 Monicionibus
688 1072 807 1103 vestris
822 1071 1020 1112 hujusmodi
1037 1082 1103 1103 non
1127 1072 1301 1113 paruerint
1316 1083 1392 1103 cum
1416 1072 1546 1112 effectu,
1563 1076 1725 1113 poterunt
1740 1079 1814 1104 non

425 1116 546 1148 merito
562 1116 750 1154 formidare,
753 1115 1003 1146 —satisfaciant
1025 1119 1265 1156 competenter,
1288 1116 1340 1147 vel
1363 1126 1496 1148 causam
1519 1117 1690 1154 assignent
1711 1117 1813 1148 racio-

425 1160 571 1191 nabilem
587 1170 689 1201 quare
705 1139 750 1190 ad
763 1159 966 1190 solucionem
982 1159 1204 1200 quadraginta
1220 1159 1383 1191 librarum
1400 1159 1597 1201 hujusmodi
1613 1170 1680 1191 non
1697 1162 1813 1192 tenen-

425 1206 508 1243 tur3
531 1214 645 1244 quam,
664 1203 812 1244 quidem,
830 1212 973 1241 causam,
990 1202 1018 1233 si
1033 1212 1100 1243 que
1115 1203 1282 1243 assignata
1298 1203 1410 1240 fuerit,
1427 1203 1462 1234 in
1480 1203 1813 1245 Scriptisredactam,

427 1258 494 1278 una
509 1258 587 1278 cum
603 1247 821 1278 Testamento
847 1245 984 1277 Domini
1007 1246 1134 1277 'rhome
1158 1247 1250 1286 Sage,
1275 1246 1446 1278 testatoris
1469 1247 1664 1288 supradicti,
1681 1258 1740 1279 seu
1764 1248 1813 1289 ip-

425 1291 494 1322 sius
511 1301 589 1322 vera
611 1290 714 1331 copia,
731 1290 887 1329 volumus
910 1289 1005 1320 nobis
1029 1289 1131 1321 mitti.
1180 1290 1224 1321 Et
1247 1290 1330 1331 quid
1354 1290 1512 1326 feceritis,
1528 1294 1563 1321 et
1581 1291 1723 1331 predicti
1749 1291 1813 1322 Do-

425 1334 537 1366 minus
547 1334 736 1366 Willelmus
753 1337 787 1365 et
803 1334 823 1364 J
827 1333 974 1364 ohannes
990 1333 1024 1364 in
1041 1333 1210 1374 premissis
1226 1333 1387 1365 duxerint
1403 1334 1605 1372 faciendum,
1622 1334 1813 1367 certificetis

423 1389 493 1418 nos,
518 1378 678 1409 distincte
702 1381 737 1408 et
759 1380 882 1417 aperte,
907 1387 965 1417 per
989 1376 1117 1408 Literas
1150 1381 1275 1408 vestras
1303 1381 1466 1418 patentes,
1492 1378 1543 1409 vel
1566 1378 1731 1410 certificet
1754 1378 1811 1410 ille

425 1426 577 1453 vestrum
594 1432 652 1462 per
667 1431 756 1460 suas,
771 1421 890 1452 harum
908 1420 1027 1451 seriem
1044 1421 1264 1458 continentes,
1282 1421 1389 1462 sigillo
1405 1421 1576 1453 autentico
1592 1422 1814 1463 consignatas,

424 1466 483 1507 qui
497 1475 631 1506 presens
642 1465 842 1496 Mandatum
853 1463 956 1495 fuerit
966 1467 1136 1503 executus,
1144 1475 1232 1503 cum,
1246 1475 1305 1505 per
1317 1467 1445 1506 partem
1458 1466 1684 1497 Executorum
1697 1466 1812 1497 Prede-

425 1509 563 1540 cessoris
580 1508 686 1548 nostri
704 1507 888 1549 prescripti,
913 1507 1046 1539 fueritis
1069 1518 1170 1549 super
1192 1508 1254 1539 boe
1271 1519 1416 1549 congrue
1432 1509 1594 1550 requisiti
1599 1510 1755 1541 -Dated
1777 1512 1815 1541 at

426 1553 617 1593 Faringdon
637 1550 784 1592 (Hants),
804 1552 843 1583 18
864 1551 947 1592 Aug.

268 1607 349 1638 [SEP-
375 1608 501 1646 Truro
525 1607 708 1660 [Trureu,
730 1603 857 1658 MS.];
887 1605 951 1644 Sir
970 1606 1142 1644 Thomas
1165 1606 1306 1657 Wylle,
1327 1607 1564 1653 subdeacou,
1589 1609 1650 1655 R,
1655 1631 1708 1637 -—

268 1649 352 1706 ζΞΚΜ]
378 1663 515 1694 Licence
531 1662 567 1693 of
583 1672 662 1693 non-
652 1661 835 1692 -residence
851 1660 903 1692 for
919 1660 1014 1691 three
1030 1671 1135 1702 years,
1151 1663 1188 1692 to
1203 1661 1307 1701 study
1324 1665 1360 1693 at
1377 1661 1506 1694 Oxford
1524 1661 1578 1702 (21
1598 1662 1691 1704 Sept
1696 1662 1716 1701 ).

268 1708 335 1774 ἕῗῙ·
382 1718 501 1755 Tithe
520 1718 561 1755 of
580 1717 698 1762 Tin,
689 1729 729 1753 m
751 1716 916 1763 Devon3
947 1715 1221 1764 Aequietancia
1240 1716 1382 1754 decime
1400 1717 1447 1754 de
1465 1718 1684 1766 διαφωνία,
1692 1741 1743 1747 -

383 1772 549 1804 Noverint
566 1771 713 1802 universi
728 1780 789 1801 nos
805 1770 978 1808 Thomam,
996 1773 1070 1808 etc„
1086 1770 1258 1811 recepisse,
1275 1770 1329 1802 die
1347 1771 1566 1803 confeecionis
1584 1772 1810 1811 Presencium,

427 1816 469 1847 de
487 1814 664 1855 Radulpho
687 1813 919 1853 Trenewythe,
939 1814 1119 1853 Receptore
1143 1813 1178 1844 in
1202 1814 1372 1845 Cornubia
1396 1815 1675 1847 Excellentissimi
1691 1815 1814 1847 Princi-

424 1859 484 1899 pis,
503 1858 719 1896 Primogeniti
736 1857 874 1888 Domini
889 1856 996 1887 nostri
1015 1857 1121 1897 Regis,
1139 1857 1209 1896 xli„
1228 1857 1355 1889 seilicet
1370 1858 1504 1889 nomine
1516 1859 1645 1890 decime
1661 1859 1703 1890 de
1715 1859 1813 1900 Stay·

423 1903 517 1933 naria
531 1902 567 1932 in
584 1901 741 1933 Partibus
758 1900 906 1932 Devonie
923 1900 1157 1941 provenientis,
1176 1901 1270 1932 nobis
1286 1905 1322 1932 et
1340 1901 1483 1933 Ecclesie
1506 1906 1620 1933 nostre
1643 1913 1703 1943 pro
1725 1913 1813 1934 anno

426 1946 577 1987 proximo
594 1945 753 1986 preterito
769 1944 892 1975 debite.
942 1944 992 1975 De
1008 1943 1141 1984 quibus,
1159 1945 1306 1985 quidem,
1325 1955 1346 1976 x
1361 1943 1466 1984 libris,
1483 1945 1580 1977 nobis
1601 1946 1730 1986 solutis,
1753 1948 1811 1978 Re-

423 1994 591 2030 ceptorem
608 1988 796 2029 predictum
811 1987 952 2028 ejusque
979 1987 1190 2026 Exeoutores,
1207 1990 1242 2019 et
1257 1989 1337 2019 alios
1361 1999 1504 2030 quorum
1528 1989 1671 2021 interest
1693 1989 1727 2020 in
1751 1989 1814 2022 hac

428 2037 533 2074 parte,
550 2032 779 2073 acquietamus
795 2042 852 2071 per
869 2031 1210 2062 Presentes.—Dated
1229 2032 1377 2071 London,
1396 2033 1436 2063 30
1454 2032 1658 2073 September.
1666 2034 1810 2072 —Item‚

423 2077 487 2108 sub
503 2076 619 2108 eadem
631 2076 710 2106 data
726 2074 895 2106 emanavit
910 2074 1089 2105 consimilis
1114 2075 1351 2116 Aequietanoia
1367 2075 1408 2107 de
1432 2085 1454 2106 x
1478 2077 1596 2107 marcis
1620 2087 1678 2117 pro
1705 2077 1810 2109 Parti-

425 2120 490 2151 bus
507 2119 684 2153 Oornubie.
724 2118 870 2158 [There'
861 2129 889 2149 is
899 2129 918 2148 a
928 2117 1091 2158 marginal
1103 2121 1183 2149 note
1195 2121 1230 2149 to
1241 2118 1298 2150 the
1313 2119 1386 2150 first
1398 2119 1433 2149 of
1448 2119 1544 2151 these
1558 2120 1810 2161 Acquittances,

422 2164 524 2195 much
540 2163 575 2194 of
598 2162 706 2194 which
730 2162 789 2193 has
813 2162 896 2192 been
920 2161 1101 2202 destroyed
1126 2161 1169 2202 by
1193 2162 1305 2203 damp,
1312 2181 1347 2185 —
1355 2162 1456 2194 “Ista
1480 2164 1719 2205 Acquietancia
1743 2175 1810 2196 non

425 2204 636 2248 [emanavitJ.
675 2207 735 2237 Set
750 2205 814 2236 alia
829 2205 918 2236 facta
933 2204 1013 2244 [est]
1041 2227 1227 2237 ......
1246 2206 1465 2246 Septembris,
1481 2206 1581 2238 Auno
1594 2207 1731 2239 Domini
1749 2208 1809 2240 ΜΟ.

425 2251 510 2283 CCC
513 2273 654 2282 .....
680 2249 795 2281 Sancti
807 2248 988 2287 Michaelis,
1004 2249 1100 2279 Anno
1114 2248 1250 2280 Domini
1263 2249 1324 2281 Μο
1341 2249 1426 2282 CCC
1442 2273 1586 2282 .....
1605 2251 1785 2292 preterito!
1789 2251 1812 2292 ¹]

269 2304 537 2352 locro-Exoter,
561 2305 619 2343 St.
640 2303 781 2350 Paul's,
805 2304 849 2341 R.
869 2316 879 2350 ;
910 2302 1142 2342 commenda
1163 2303 1324 2341 Ecclesie
1352 2303 1490 2343 Sancti
1518 2305 1643 2343 Pauli
1665 2306 1812 2344 Exonie

270 2339 352 2399 ffis]
422 2360 460 2397 J.
481 2359 674 2405 Garbonel,
689 2370 878 2408 quousque
893 2357 991 2394 dicte
1004 2357 1168 2394 Ecclesia
1177 2358 1512 2407 provisumfuerit
1527 2360 1573 2397 de
1592 2361 1754 2406 Hectore,
1758 2383 1812 2390 —-

269 2405 314 2432 5¹³·
388 2414 428 2446 In
445 2414 505 2445 the
522 2423 676 2445 common
693 2413 789 2451 form,
808 2411 891 2443 with
908 2411 978 2442 this
994 2411 1178 2442 additional
1204 2412 1326 2451 clause,
1332 2413 1385 2435 —‘
1392 2413 1550 2444 ‘Proviso
1567 2415 1658 2454 quod
1673 2414 1811 2454 edificia,

422 2458 451 2489 si
472 2467 540 2499 que
562 2457 631 2488 sint
654 2456 782 2497 prefate
811 2455 952 2486 Ecclesie
975 2455 1189 2495 pertinencia,
1212 2455 1312 2496 juxta
1336 2456 1514 2488 facultates
1537 2456 1642 2498 ipsius
1665 2458 1812 2499 reparari

426 2501 527 2532 facias
550 2499 801 2541 competenter!
805 2499 969 2530 ’—Dated
987 2498 1137 2538 London‚
1155 2501 1175 2529 2
1192 2499 1263 2530 Oct.
1267 2499 1409 2539 —It-em,
1426 2500 1542 2531 eodem
1566 2501 1629 2540 die,
1651 2502 1812 2533 Dominus

421 2544 590 2576 commisit
613 2544 700 2575 vices
722 2553 799 2574 suas
824 2542 984 2584 Magistro
1004 2542 1042 2573 H.
1062 2523 1162 2582 Pyk'e,
1182 2543 1346 2574 canonico
1373 2524 1561 2583 E'xoniensi,
1579 2545 1621 2575 ad
1638 2545 1704 2576 abs
1707 2545 1810 2576 ›lvon-

422 2589 503 2620 dum
523 2588 705 2619 Dominum
722 2586 911 2619 ,Iohannem
929 2585 1092 2617 carbonel
1119 2585 1306 2626 predictum
1331 2597 1389 2627 pro
1414 2587 1559 2619 violenta
1574 2598 1739 2620 manuum
1761 2589 1811 2620 in-

420 2631 567 2673 jeccione
582 2631 618 2662 in
633 2631 654 2663 J
658 2630 824 2662 ohannem
844 2630 993 2670 Laporte,
1011 2628 1244 2669 presbiterum,
1264 2629 1388 2671 absque
1405 2631 1516 2672 aliqua
1531 2632 1660 2664 enormi
1676 2632 1808 2665 lesione.

375 2686 529 2733 Exeter,
551 2685 616 2724 All
639 2683 1113 2729 Hallows—on-the-Walls,
1139 2683 1181 2721 R.
1202 2697 1212 2731 3
1236 2683 1538 2731 commenda,—

374 2741 472 2780 Item,
491 2741 609 2772 eodem
632 2740 696 2779 die,
720 2739 890 2770 emanavit
911 2737 1092 2770 consimilis
1121 2738 1228 2769 Litera
1253 2738 1397 2770 Domino
1417 2739 1580 2771 Willelm)
1597 2740 1690 2779 Wyt,
1711 2751 1797 2781 pres—

417 2784 534 2822 bitero,
555 2794 614 2825 pro
630 2783 777 2814 Ecclesia
794 2782 955 2814 Omnium
973 2782 1175 2813 Sanctorum
1191 2791 1292 2822 super
1309 2792 1422 2813 muros
1439 2782 1597 2815 Civitatis
1620 2783 1757 2816 Exouie.

265 2837 352 2864 ἴοι-ὓ·
374 2839 570 2889 Paignton
590 2852 598 2885 ;
628 2837 827 2888 Chapelry
851 2837 893 2875 of
921 2836 1174 2882 Marldon‚—

369 2894 468 2931 Item,
495 2890 546 2923 vi*o
570 2892 684 2924 Nonas
709 2891 862 2924 Octobris
890 2891 923 2931 [3
949 2890 1052 2930 Oct.],
1079 2890 1278 2921 mandatum
1305 2890 1374 2922 fuit
1402 2891 1561 2931 Magistro
1588 2892 1737 2924 Waltero
1764 2892 1807 2924 de

415 2937 591 2967 Bauntene
619 2936 662 2967 ad
693 2934 963 2976 compellendum
993 2934 1140 2975 aliquem
1178 2933 1398 2974 capellanum
1429 2935 1602 2976 ydoneum
1638 2935 1809 2968 deservire

414 2979 547 3021 Capelle
563 2979 605 3011 de
622 2978 822 3018 Merledoue,
839 2978 881 3010 ab
900 2977 1044 3009 Ecclesia
1059 2977 1101 3009 de
1119 2977 1292 3019 Peyntone
1308 2977 1524 3019 dependenti.
