1988 3256
316 370 412 418 546
529 385 629 419 'ms
667 385 909 420 REGISTER.
942 387 1004 420 or
1034 386 1215 421 msflor
1248 386 1654 421 BRANTYNGHAM.

313 490 390 518 Α-Β·
472 493 572 525 Locis
588 494 738 535 publicis
760 497 962 526 nostrarum
987 494 1151 526 Civitatis
1173 496 1210 526 et
1233 494 1390 526 Diocesis
1404 494 1465 526 ubi
1480 494 1594 536 magis
1607 494 1787 527 videbitur
1801 503 1858 526 ex-

314 526 389 585 }3‘34·
399 558 412 584 1
470 539 600 579 pedire,
618 539 668 570 sic
683 540 1005 571 excommunicatos
1021 539 1131 570 fuisse
1147 541 1184 571 et
1199 548 1274 570 esse
1297 539 1436 579 publice
1451 541 1488 570 et
1504 539 1732 580 solempniter
1746 539 1785 570 in
1799 548 1858 580 ge-

369 578 376 586 '
415 579 422 586 ’
469 593 553 614 nere
568 584 755 623 nuncietis,
771 593 813 615 ac
828 594 892 624 per
906 584 993 615 alios
1009 583 1150 614 faciatis
1165 583 1269 615 modo
1293 582 1399 614 simili
1421 584 1582 615 nnnciari
1595 598 1604 623 3
1627 593 1714 625 quos
1728 593 1794 615 nos
1809 583 1860 615 sic

469 628 790 659 excommunicatos
812 628 922 660 fuisse
938 631 975 660 et
990 638 1077 667 esse,
1101 630 1224 659 tenore
1247 627 1483 667 Presencium,
1506 628 1544 659 in
1567 638 1695 668 genere
1715 628 1859 660 nuncia·

470 682 568 710 mus;
592 673 636 703 ab
660 672 862 714 hujusmodi
886 673 1159 704 denunciacione
1180 682 1251 703 non
1275 674 1453 703 cessantes
1476 672 1587 704 donec
1602 683 1624 704 a
1638 672 1740 704 nobis
1762 672 1860 704 aliud

470 716 665 748 habueritis
681 717 718 747 in
734 717 920 749 mandatis.
967 716 1248 756 Absolucionem,
1264 726 1358 755 vero,
1374 716 1531 748 omnium
1543 719 1580 749 et
1592 716 1811 758 singulorum
1823 716 1862 748 in

469 761 651 801 premissis
665 763 728 792 aut
743 772 864 793 eorum
881 762 996 802 aliquo
1020 761 1302 802 delinquencium
1317 761 1418 792 nobis
1434 771 1596 803 expresse
1611 763 1648 793 et
1663 761 1863 802 specialiter

469 815 711 844 reservamus3
734 806 935 837 inhibentes
950 805 1068 846 palam
1091 807 1127 837 et
1150 815 1312 846 expresse
1334 815 1380 837 ne
1395 805 1474 846 quis
1489 815 1634 846 presens
1650 805 1858 837 Mandatum

469 851 630 880 nostrum
646 860 667 881 a
683 860 900 891 quocumque
916 850 992 882 loco
1007 850 1044 880 in
1061 860 1128 890 quo
1143 850 1231 881 illud
1247 850 1342 890 affigi
1358 850 1556 890 contigerit,
1569 850 1720 889 auferre,
1732 850 1859 890 delere,

469 894 671 933 dilacerare,
688 897 750 926 aut
774 895 842 926 alio
865 895 969 926 modo
991 894 1154 935 nequit-er
1176 895 1395 926 contrectare
1417 896 1610 935 presumat,
1626 894 1692 926 sub
1715 894 1861 936 Maioris

470 938 856 970 Excommunicacionis
878 949 979 980 pena,
995 941 1100 980 quam
1116 939 1153 969 in
1170 939 1486 978 contravenientes,
1503 948 1625 971 omnes
1640 941 1677 970 et
1693 939 1859 980 singulos,

469 993 578 1022 mora,
602 984 714 1024 culpa,
731 986 768 1015 et
783 984 918 1015 offensa
939 993 1059 1015 eorum
1082 983 1362 1024 precedentibus,
1378 983 1526 1014 ferimus
1548 984 1586 1014 in
1609 983 1678 1015 hiis
1702 983 1861 1024 Scriptis.

470 1026 703 1068 Inquirentes,
730 1028 989 1067 nichilominus,
1014 1028 1057 1059 de
1080 1027 1281 1059 nominibus
1303 1030 1341 1059 et
1363 1027 1629 1068 cognominibus
1658 1027 1861 1069 hujusmodi

469 1071 738 1103 malefactorum
753 1086 760 1111 ;
785 1074 821 1103 et
836 1082 922 1113 quos
938 1082 979 1103 00
995 1074 1080 1113 quot
1102 1082 1167 1112 per
1189 1071 1463 1112 Inquisicionem
1486 1071 1689 1113 hujusmodi
1705 1071 1858 1113 culpabi—

469 1116 520 1147 les
536 1117 762 1157 reppereritis
779 1117 816 1147 in
832 1117 899 1148 hac
914 1119 1025 1157 parte,
1043 1116 1160 1148 citetis
1183 1116 1335 1156 eosdem,
1351 1116 1596 1157 peremptorie,
1612 1116 1705 1157 quod
1720 1126 1858 1157 compa-

469 1163 571 1191 reant
588 1171 705 1192 coram
722 1161 833 1200 nobis,
850 1164 912 1192 aut
928 1161 1069 1192 Vicario
1086 1170 1148 1191 seu
1165 1160 1413 1191 Commissario
1428 1162 1550 1192 nostro
1571 1160 1744 1201 Generali,
1766 1161 1858 1192 vice-

469 1205 558 1236 simo
575 1205 630 1237 die
646 1206 668 1236 J
670 1205 899 1246 uridico‘post
917 1205 1135 1237 Citacionem
1150 1207 1307 1236 vestram
1323 1205 1366 1236 de
1382 1205 1433 1236 eis
1448 1205 1582 1237 factam
1598 1205 1791 1237 inmediate
1806 1214 1858 1236 se-

469 1252 617 1290 quente;
641 1252 778 1281 certum
801 1250 916 1281 locum
940 1251 1199 1290 competentem
1222 1249 1274 1281 eis
1296 1249 1462 1290 primitus
1484 1249 1727 1290 assignantem
1754 1259 1860 1291 super

468 1294 648 1334 premissis
663 1296 699 1325 et
716 1304 758 1325 ea
773 1294 1071 1334 contingentibus,
1087 1294 1220 1325 eisdem
1242 1295 1329 1325 tunc
1344 1293 1579 1325 communiter
1593 1295 1630 1325 et
1645 1293 1796 1333 divisim,
1813 1293 1859 1326 ad

469 1339 725 1370 correccionem
741 1339 939 1370 animarum
964 1348 1118 1377 suarum,
1141 1348 1205 1378 per
1227 1348 1301 1378 nos,
1326 1347 1389 1370 8011
1411 1338 1547 1370 dictum
1570 1338 1858 1370 Commissarium

467 1382 524 1413 vel
540 1383 732 1423 Vicarium,
757 1393 799 1414 ex
823 1383 944 1414 Officio
959 1385 1081 1414 nostro
1104 1383 1297 1414 obiciendis
1319 1385 1356 1414 et
1378 1383 1603 1423 exponendis,
1627 1383 1860 1423 personaliter

468 1427 585 1458 debite
601 1427 814 1468 responsuri,
830 1430 867 1459 et
883 1427 926 1459 de
942 1428 1092 1458 veritate
1110 1427 1267 1467 dicenda,
1284 1427 1314 1458 si
1330 1429 1501 1468 oporteat,
1516 1427 1750 1468 personaliter
1763 1427 1858 1469 jura*-

467 1471 549 1511 turi,
566 1471 783 1513 ulteriusque
806 1471 937 1503 facturi
953 1474 989 1503 et
1005 1471 1181 1512 recepturi
1204 1471 1297 1512 quod
1319 1471 1464 1513 justicia
1485 1471 1658 1503 suadebit.
1705 1471 1752 1503 Et
1773 1471 1859 1513 qnid

467 1515 623 1547 feceritis
654 1516 691 1547 in
714 1516 905 1557 premissis,
930 1526 1003 1555 nos,
1027 1518 1090 1547 aut
1113 1516 1248 1547 dictum
1271 1515 1453 1547 Vicarium
1478 1516 1535 1547 vel
1566 1515 1857 1548 Commissarium

466 1562 638 1599 nostrum,
662 1561 751 1592 citra
776 1561 919 1592 Festum
943 1560 1153 1591 Nativitatis
1177 1560 1297 1591 Sancti
1320 1560 1492 1592 Johannis
1516 1560 1677 1601 Baptiste
1698 1560 1859 1601 proximo

466 1603 639 1644 futurum,
655 1605 692 1636 in
717 1605 874 1636 Ecclesia
895 1607 1018 1636 nostra
1037 1604 1226 1636 Exoniensi
1248 1605 1410 1645 predicta
1432 1604 1549 1636 debite
1573 1604 1775 1637 certificetis
1795 1614 1860 1646 per

466 1651 613 1688 vestras,
631 1659 694 1681 seu
709 1649 880 1680 certificet
895 1649 954 1680 ille
970 1651 1128 1680 vestrum
1145 1649 1204 1689 qui
1219 1659 1365 1689 presens
1381 1649 1589 1680 Mandatum
1609 1648 1720 1681 fuerit
1735 1659 1857 1681 execu-

467 1695 526 1725 tus
541 1703 605 1734 per
621 1703 703 1725 suas
714 1696 879 1734 patentes
895 1694 1043 1733 Literas,
1060 1693 1187 1724 harum
1204 1693 1331 1725 seriem
1348 1693 1580 1733 continentes,
1597 1693 1713 1734 sigillo
1735 1695 1858 1726 auten·

467 1737 538 1769 tico
554 1738 966 1778 consignatas—Datum
982 1738 1077 1778 apud
1093 1738 1345 1776 Normantone,
1362 1737 1397 1768 ix
1418 1737 1474 1769 die
1495 1738 1627 1769 mensis
1643 1737 1738 1778 Maii,
1754 1737 1859 1770 Anno

467 1781 610 1813 Domini
627 1782 689 1813 M0.
709 1782 841 1814 GCCm0
856 1781 1032 1823 lxxxiiijw,
1049 1784 1085 1813 et
1102 1782 1389 1813 Consecracionis
1404 1783 1524 1813 nostre
1541 1782 1858 1822 quartodecimo.—

469 1826 578 1865 Quod,
602 1826 753 1867 quidem,
781 1827 988 1858 Mandatum
1005 1829 1161 1857 vestrum
1177 1826 1408 1858 reverendum
1429 1826 1552 1867 exequi
1575 1836 1646 1858 non
1668 1826 1859 1867 potuimus,

468 1873 613 1911 propter
623 1871 831 1902 Mandatum
843 1871 1073 1902 Inhibicionis
1082 1870 1304 1902 Venerabilis
1320 1870 1447 1910 Patris,
1458 1871 1600 1902 Domini
1607 1871 1782 1911 willelmi,
1793 1870 1859 1903 Dei

468 1915 588 1954 gracia
603 1915 866 1956 Archiepiscopi
883 1915 1159 1954 Cantuariensis,
1175 1914 1277 1946 nobis
1299 1914 1337 1945 in
1357 1914 1424 1946 hac
1438 1917 1539 1955 parte
1555 1915 1729 1947 directum
1744 1918 1782 1947 et
1795 1925 1860 1956 per

316 1958 436 1985 Manda-
468 1969 533 1990 nos
545 1961 743 2000 receptum3
768 1960 869 2000 cujus
878 1961 982 1990 tenor
992 1959 1159 2000 sequitur,
1170 1959 1207 1990 in
1222 1959 1287 1990 hec
1298 1959 1666 1999 verba‚—Willelmus,
1681 1962 1760 1999 etc.,
1777 1959 1858 1992 Pre-

313 1998 376 2052 31]ξὲ
388 1993 601 2052 Α’ἰξζΟ-οωιὺοῑὶ
618 2006 654 2035 et
671 2003 833 2044 Capitulo
850 2004 1005 2035 Ecclesie
1023 2003 1240 2043 Exoniensis,
1256 2013 1394 2034 necnon
1408 2003 1675 2036 Archidiacom's
1685 2003 1859 2044 Tottonie,

314 2059 342 2093 pi
355 2035 443 2086 dii-ec-
470 2048 747 2088 Barnastapolie‚
772 2048 915 2087 Exonie,
939 2050 976 2079 et
1000 2047 1185 2086 Cornubie,
1211 2047 1372 2086 salutem,
1389 2048 1556 2087 graciam,
1580 2050 1617 2079 et
1640 2048 1857 2080 benediccio-

315 2099 374 2120 tum
390 2094 453 2132 Pfe-
471 2102 599 2123 nem.—
610 2092 740 2132 Nuper,
757 2093 794 2122 in
810 2092 1024 2123 Visitacione
1047 2094 1171 2123 nostra
1195 2091 1464 2132 Metropolitica,
1487 2102 1551 2132 per
1572 2101 1637 2123 nos
1651 2092 1689 2123 in
1705 2092 1859 2124 Civitate

288 2149 291 2152 ·
314 2132 508 2187 ἓξὲῑῧῖιξῑπ
524 2137 662 2168 Diocesi
679 2137 821 2176 Exonie,
837 2139 957 2167 nostre
982 2136 1246 2167 Cantuariensis
1269 2136 1461 2175 Provincie,
1477 2136 1664 2168 actualiter
1684 2137 1860 2177 inchoata,

317 2170 437 2224 Exgnie.
471 2181 711 2212 verisimiliter
725 2183 970 2221 presumentes
986 2180 1078 2221 quod
1094 2180 1247 2221 quidam,
1265 2190 1326 2212 sue
1343 2180 1467 2211 salutis
1484 2180 1720 2220 immemores,
1735 2181 1774 2212 in
1789 2181 1860 2213 dic-

315 2234 344 2267 et·
357 2228 455 2267 Archi·
473 2227 508 2256 te
519 2227 644 2263 nostre
660 2225 887 2256 Visitacionis
903 2227 939 2256 et
954 2225 1220 2256 Jurisdiccionis
1243 2225 1288 2256 ad
1310 2234 1385 2263 nos,
1402 2224 1524 2256 eadem
1540 2225 1755 2257 Visitacione
1777 2235 1860 2267 pen-

316 2262 443 2301 maeonis
473 2270 588 2309 dente,
598 2270 734 2301 notorie
745 2269 956 2310 pertinentis
968 2269 1211 2310 prejudicium,
1226 2278 1247 2298 *t
1268 2278 1310 2300 ac
1321 2269 1343 2300 J
1344 2270 1471 2308 urium,
1480 2269 1709 2309 Libertatum,
1718 2270 1862 2303 Privile·

317 2295 443 2363 ζξξάῗέῐζ,
473 2314 620 2354 giorum,
639 2314 952 2353 Consuetudinum,
976 2315 1013 2345 et
1036 2313 1262 2354 Prerogative
1286 2313 1440 2345 Ecclesie
1463 2316 1583 2345 nostre
1599 2313 1864 2347 Cantuariensis

318 2350 402 2402 qeins
416 2363 462 2390 Vi·
476 2358 741 2398 derogacionem
765 2360 802 2389 et
824 2358 1100 2396 enervacionem,
1123 2360 1368 2398 presumerent
1390 2359 1614 2398 attemptare,
1638 2368 1703 2399 per
1724 2362 1864 2392 nostras

317 2403 453 2436 sitam-one
478 2403 565 2434 certi
582 2403 715 2434 tenoris
731 2403 868 2433 Literas
883 2402 1110 2440 inhibuimus,
1127 2404 1163 2434 et
1178 2401 1329 2433 inhiberi
1344 2401 1494 2433 fecimus
1510 2402 1796 2444 quibuscumque,
1818 2414 1864 2436 ne

318 2430 433 2497 Λὶέξξξζ
477 2447 555 2487 (11118
571 2457 692 2478 eorum
709 2447 802 2478 circa
817 2447 988 2487 premissa
1003 2447 1059 2478 vel
1074 2446 1215 2487 aliquod
1230 2446 1479 2486 premissorum
1495 2446 1694 2488 aliqualiter
1707 2447 1864 2481 indebite

317 2473 371 2531 i'psi
384 2484 452 2524 seu’·
480 2493 720 2531 attemptaret,
738 2491 802 2522 sub
817 2501 909 2531 pena
932 2490 1316 2522 Excommunicacionis
1340 2490 1493 2532 Majofis,
1510 2500 1614 2531 quam
1630 2491 1668 2522 in
1683 2494 1864 2525 contrave-

319 2531 444 2565 ipsorum
478 2536 627 2574 nientes,
643 2545 765 2567 omnes
781 2538 818 2567 et
834 2535 1001 2576 singulos,
1017 2535 1129 2566 eciam
1145 2535 1175 2566 si
1190 2545 1312 2566 eorum
1327 2534 1453 2575 aliquis
1469 2535 1667 2566 Pontificali
1682 2535 1866 2577 nignitate

319 2564 455 2625 {223}st
479 2579 643 2630 fulgeret,
666 2580 878 2620 protulimus
890 2580 926 2610 in
943 2579 1062 2610 debita
1084 2579 1200 2610 forma
1221 2579 1322 2620 juris,
1345 2581 1450 2619 prout
1465 2579 1502 2610 in
1517 2579 1622 2611 dictis
1637 2579 1765 2612 Litoris
1787 2591 1865 2614 nos-

319 2631 463 2667 Episeopo
478 2625 555 2664 trie,
571 2625 646 2655 tam
660 2624 698 2654 in
715 2623 872 2655 Ecclesia
887 2623 1076 2655 Exoniensi
1090 2623 1250 2664 predicta
1271 2633 1376 2663 quam
1392 2623 1430 2654 in
1445 2623 1550 2655 dict-is
1564 2623 1866 2657 Archidiaconati-
1929 2642 1933 2670 j

318 2667 542 2699 [inalnterbug
557 2668 756 2708 publicatis,
772 2670 808 2699 et
823 2668 860 2698 in
876 2668 987 2699 valvis
1002 2667 1157 2699 Ecclesie
1174 2667 1381 2699 Exoniensis
1402 2667 1560 2708 predicte
1575 2670 1612 2699 et
1627 2668 1776 2700 aliarum
1799 2669 1864 2702 Ec·
1919 2691 1931 2703 -,

321 2701 426 2758 lum—AL
477 2712 662 2743 clesiarum
687 2712 780 2743 dicte
805 2712 1013 2743 Exoniensis
1035 2711 1193 2743 Diocesis
1215 2713 1380 2752 patenter
1401 2711 1524 2751 affixis,
1546 2711 1684 2752 plenius
1707 2714 1862 2746 contine·

322 2777 384 2805 *soh
478 2759 547 2788 tur.
610 2756 708 2796 Quia,
732 2759 863 2795 tamen,
887 2756 979 2787 sicut
1001 2755 1100 2787 fama
1121 2755 1262 2796 publica
1276 2755 1452 2788 referente
1475 2758 1512 2788 et
1534 2756 1621 2788 facti
1650 2757 1863 2790 notorietate

322 2811 398 2839 129b.
478 2801 686 2841 recepimus,
709 2801 850 2841 quidam
876 2800 1038 2839 Thomas,
1063 2799 1270 2832 Exoniensis
1293 2799 1496 2841 Episcopus,
1519 2802 1641 2832 noster
1655 2803 1692 2832 et
1707 2801 1863 2835 Ecclesia
1916 2805 1918 2809 “

477 2847 597 2876 nostre
619 2845 777 2886 predicte
802 2844 1061 2884 Suffraganeus,
1086 2846 1209 2876 contra
1229 2853 1295 2875 1108
1316 2845 1354 2876 et
1375 2844 1523 2876 eandem
1554 2844 1758 2885 Ecclesiam,
1789 2846 1869 2883 Mae,

477 2891 569 2920 trem
586 2889 810 2928 suam‚velud
825 2888 978 2929 degener
993 2890 1029 2920 et
1045 2889 1206 2929 ingratus
1222 2888 1315 2920 filius
1327 2889 1498 2920 cervicem
1508 2889 1657 2930 erigens,
1670 2889 1863 2931 11181118Μο-
1916 2913 1926 2922 2

477 2933 542 2964 tris
557 2933 666 2965 ubera
681 2933 906 2974 impudenter
921 2933 1111 2964 dilacerare
1126 2942 1197 2964 non
1212 2932 1356 2971 veritus,
1372 2933 1474 2974 cujus
1488 2933 1510 2965 J
1511 2943 1586 2973 ura,
1602 2933 1810 2975 Libertates,
1825 2935 1863 2968 et

477 2977 664 3018 Privilegia
687 2987 757 3018 pro
780 2986 882 3018 posse
905 2976 1094 3009 defendere
1117 2979 1154 3008 et
1177 2977 1392 3009 immutilata
1415 2987 1554 3009 servare
1577 2978 1748 3018 corporali
1769 2978 1865 3021 jurn-
1922 3003 1929 3025 .3
