1988 3256
93 474 117 566 frti»

116 474 168 567 20-‘5510

178 541 188 566 -

422 374 706 408 κκρῐεΤΒυΜ
755 372 1210 408 COMMUNE-——ANNO
1251 364 1343 407 14⁰.
1553 363 1647 406 529

256 477 342 508 dicti
366 477 524 508 defuncti
549 478 735 518 quominus
758 477 924 519 procedat
949 477 984 507 in
1009 477 1077 508 hiis
1101 487 1167 518 que
1184 477 1320 517 dejure
1336 479 1372 508 et
1395 477 1648 508 consuetudine

194 561 200 567 ¹
257 522 365 562 legari
382 525 529 562 possunt
546 522 815 562 impediverunt,
832 525 867 552 et
885 522 1048 552 nituntur
1058 521 1220 562 nequiter
1230 521 1410 561 impedire,
1423 521 1646 552 Sentenciam

258 566 402 606 Maioris
420 566 804 597 Excommunicacionis
828 566 1054 598 antedictam.
1070 576 1110 596 ac
1134 566 1220 596 alias
1238 565 1382 606 Majoris
1400 565 1644 596 Excommuni-

255 611 407 641 cacionis
425 611 629 642 Sentencias
646 611 680 641 in
700 610 846 641 diversis
865 610 1073 641 Sanctorum
1099 610 1244 640 Patrum
1262 609 1585 641 Constitucionibus
1608 610 1646 639 in

256 655 320 686 hac
336 661 436 695 parte
460 655 604 696 provide
627 655 728 693 latas,
753 655 1004 695 premissorum
1028 654 1221 692 occasione,
1238 654 1512 695 dampnabiliter
1530 654 1644 684 incur-

255 699 385 737 rend03
409 710 477 740 qua
501 699 672 730 hactenus
700 702 883 730 remanent
909 699 1079 737 innodati,
1102 699 1140 729 in
1166 699 1283 729 anime
1311 708 1372 730 sue
1397 699 1531 738 grande
1555 698 1644 739 peri-

255 744 372 774 culum
401 748 437 774 et
464 744 613 774 aliorum
640 744 875 784 perniciosum
903 743 1112 783 exemplum.
1175 743 1345 782 Quocirca
1371 743 1478 780 vobis,
1510 743 1546 773 in
1578 743 1645 773 vir-

259 791 335 818 tuto
375 788 585 819 Obcdiencie
624 788 774 818 firmiter
811 788 1028 828 injungendo
1069 787 1324 818 committimus
1362 791 1397 818 et
1437 787 1646 818 mandamus

259 833 424 873 quatinus
456 834 613 873 prefatos
638 833 896 870 malefactores,
921 842 1043 862 omnes
1067 834 1103 862 et
1131 831 1298 870 singulos,
1326 832 1647 863 excommunicatos

259 878 369 918 fuisse
396 881 431 908 et
458 887 543 914 esse,
570 877 606 907 in
635 877 791 907 Ecclesia
817 876 1011 907 Parochiali
1043 876 1086 907 de
1113 874 1288 907 Toustoke
1314 876 1474 916 predicta
1498 886 1539 906 ac
1570 876 1648 906 aliis

262 922 427 952 Ecclesiis
443 922 713 961 circumquaque
729 921 864 958 vicinis,
880 922 916 951 in
940 930 1078 960 genere,
1094 921 1233 961 publice
1256 923 1292 951 et
1316 921 1545 960 solempniter
1560 930 1647 950 nun-

262 966 372 1003 cietis,
389 971 424 996 et
441 966 580 996 faciatis
597 976 660 1006 per
674 966 762 996 alios
778 965 881 996 modo
905 965 1009 995 simili
1035 965 1206 996 nunciari.
1252 964 1485 1005 Inquirentes,
1503 965 1647 995 nichilo-

263 1011 390 1047 minus,
403 1010 445 1041 de
458 1010 658 1040 nominibus
668 1014 703 1040 ct
714 1010 980 1049 cognominibus
990 1009 1192 1050 hujusmodi
1204 1009 1472 1040 malefactorum
1486 1024 1494 1047 ς
1510 1011 1545 1040 et
1562 1018 1649 1049 quos

263 1065 304 1085 ac
313 1059 397 1095 quot
408 1054 598 1095 culpabiles
609 1064 671 1085 seu
684 1064 860 1094 respersos
873 1054 1019 1085 infamia
1035 1053 1261 1094 reppereritis
1273 1053 1308 1083 in
1326 1053 1392 1084 hac
1408 1056 1508 1093 parte
1521 1053 1648 1090 citetis,

264 1109 325 1129 seu
347 1099 448 1130 citari
464 1099 605 1130 faciatis
620 1099 771 1136 eosdem,
788 1098 1033 1139 peremptorie,
1057 1098 1148 1138 quod
1165 1101 1392 1138 compareant
1408 1108 1526 1128 coram
1550 1097 1651 1128 nobis

265 1144 301 1173 in
319 1143 475 1174 Manerio
490 1146 611 1174 nostro
627 1143 670 1173 de
687 1143 796 1184 Clyst,
814 1146 913 1174 sexto
929 1143 985 1173 die
1000 1143 1158 1173 Juridico
1170 1146 1250 1183 post
1261 1142 1478 1173 Citacionem
1494 1144 1650 1173 vestram

265 1188 308 1218 de.
323 1188 410 1228 ipsis
424 1188 557 1219 factam
574 1187 778 1218 immediate
794 1193 972 1227 sequente,
989 1197 1093 1227 super
1108 1186 1288 1227 premissis
1303 1188 1340 1217 et
1356 1196 1397 1217 ea
1413 1186 1651 1226 tangentibus,

267 1243 309 1263 ex
334 1232 455 1263 Officio
477 1235 599 1263 nostro
621 1232 753 1262 eisdem
778 1234 862 1262 tunc
890 1231 1125 1262 communiter
1147 1241 1208 1262 seu
1233 1231 1374 1261 divisim
1399 1231 1591 1262 obiciendis
1616 1233 1652 1261 et

266 1277 490 1317 exponendis,
501 1277 618 1307 debite
634 1276 846 1316 responsuri,
862 1286 903 1306 ac
919 1276 962 1306 de
978 1276 1127 1306 veritate
1140 1275 1298 1313 dicenda,
1315 1276 1344 1306 si
1361 1278 1531 1315 oporteat,
1549 1284 1654 1315 super

268 1321 334 1352 hiis
347 1321 580 1361 personaliter
588 1321 752 1361 juraturi,
764 1320 981 1360 ulteriusque
990 1320 1120 1351 facturi
1131 1322 1167 1351 et
1179 1320 1354 1359 recepturi
1370 1320 1461 1360 quod
1479 1319 1653 1350 Canonice

268 1366 304 1396 in
322 1366 386 1396 hac
402 1367 502 1405 parte
518 1365 728 1396 dictaverint
745 1365 958 1403 sancciones,
973 1364 1202 1395 etc.-Dated
1213 1367 1250 1395 at
1268 1364 1377 1405 Clyst,
1396 1365 1437 1394 12
1453 1364 1563 1404 April.

224 1410 468 1440 —-M‹mdatum
496 1420 537 1440 oie
564 1410 691 1447 aliquis
722 1410 925 1439 admittatur
949 1409 993 1438 ad
1019 1408 1199 1439 Ecclesiam
1234 1408 1463 1439 Parochialem
1497 1408 1538 1439 cle
1570 1409 1652 1438 Tou-

267 1454 411 1493 stoke,—

226 1498 387 1536 Thomas,
404 1501 482 1536 etc.‚
499 1498 610 1528 Priori
627 1498 670 1528 de
687 1498 835 1538 Pyltone
851 1508 892 1528 ae
908 1498 1048 1529 Decano
1065 1497 1341 1537 Barnastapolie,
1359 1497 1566 1537 Rectorique
1591 1497 1654 1527 Ec-

271 1542 375 1573 clesie
392 1542 606 1573 Paroc-hialis
621 1542 664 1572 de
680 1542 960 1583 Atheryngtone,
976 1545 1012 1573 et
1029 1542 1214 1582 Perpetuis
1229 1541 1378 1572 Vicariis
1392 1541 1656 1581 Barnastapolie

271 1590 307 1618 et
330 1586 373 1617 de
397 1586 554 1617 Tantone
579 1584 802 1627 [Episcopi];
826 1596 972 1624 necnon,
995 1586 1145 1617 Domino
1168 1585 1320 1617 Johanni
1346 1586 1449 1626 Boys,
1466 1586 1656 1626 capellano,

274 1634 392 1662 nostre
423 1630 588 1669 Diocesis,
620 1631 781 1669 salutem,
811 1630 1015 1662 etc.—Cum
1042 1640 1277 1670 quoscumque
1312 1630 1466 1667 clericos,
1503 1632 1569 1661 etc.
1605 1628 1659 1669 (ut

273 1686 388 1714 supra,
415 1686 453 1706 us
470 1676 529 1714 sar
556 1685 594 1705 as
617 1675 846 1713 fulminande,
872 1675 1012 1705 mutatis
1038 1672 1250 1714 mutandis);
1281 1684 1425 1714 presens
1452 1674 1658 1705 Mandatum

272 1720 309 1750 in
329 1719 486 1750 Ecclesia
509 1719 703 1750 Parochiali
726 1720 769 1750 de
793 1719 968 1750 Toustoke
990 1719 1160 1759 predicta,
1184 1729 1224 1749 ac
1247 1719 1330 1749 alibi
1354 1719 1414 1749 ubi
1436 1719 1550 1759 magis
1565 1718 1658 1749 vide-

274 1764 370 1794 bitur
391 1764 564 1804 expeffire,
590 1764 721 1794 Diebus
745 1764 938 1794 Dominicis
960 1766 997 1794 et
1021 1763 1170 1794 Festivis
1187 1763 1415 1803 solempniter
1429 1763 1659 1803 publicantes

273 1812 309 1839 et
328 1811 542 1849 exponentes
563 1808 673 1839 eciam
697 1808 734 1838 in
757 1808 904 1847 vulgari.
951 1807 997 1838 Et
1013 1808 1096 1848 quid
1111 1807 1268 1838 feceritis
1283 1808 1321 1837 in
1336 1807 1517 1847 premissis
1534 1807 1659 1838 certifi-

274 1853 362 1883 cetis
378 1862 441 1883 nos
456 1853 494 1883 in
511 1852 668 1883 Manerio
691 1856 812 1883 nostro
827 1853 870 1883 de
887 1852 997 1892 Clyst,
1014 1852 1248 1882 communiter
1264 1852 1319 1882 vel
1335 1851 1485 1889 divisim,
1502 1851 1539 1881 in
1557 1851 1661 1882 Festo

275 1897 395 1927 Sancti
420 1897 539 1935 Marci,
565 1897 799 1935 Evangeliste,
824 1897 982 1937 proximo
1006 1906 1098 1927 nunc
1120 1896 1251 1934 futuro,
1275 1906 1338 1936 per
1363 1896 1499 1927 Literas
1526 1898 1662 1927 vestras

274 1944 443 2016 patente}
458 1941 585 2016 Rarulm
612 1941 737 1972 seriem
764 1941 995 1978 continentes,
1019 1940 1199 1972 autentico
1223 1940 1288 1971 sub
1313 1940 1598 1979 sigilla—Dated
1625 1943 1661 1970 at-

291 1986 299 1998 *
314 1989 383 2026 yst,
490 1986 544 2026 pri
562 2010 568 2016 .

231 2030 435 2060 —Probacio
452 2030 653 2060 Testamenti
667 2030 815 2060 Rectoris
831 2030 871 2060 de
889 2029 1101 2068 Tou-stoke,—

231 2074 375 2105 Deeimo
384 2075 507 2115 quinto
515 2074 571 2105 die
581 2074 713 2105 mensis
720 2074 862 2114 Aprilis,
869 2074 907 2104 in
915 2074 1058 2114 Capella
1066 2073 1212 2104 Manerii
1222 2073 1426 2111 Reverendi,
1435 2077 1512 2111 etc.,
1522 2072 1663 2104 Domini

125 2558 174 2586 sol.
188 2559 244 2584 123.

276 2118 417 2157 Thome‚
435 2119 499 2150 Dei
515 2119 635 2158 gracia
651 2118 858 2149 Exoniensis
877 2118 1050 2158 Episcopi,
1066 2118 1109 2149 de
1132 2118 1241 2158 Clyst,
1256 2117 1443 2158 probatum
1458 2117 1528 2148 fuit
1545 2117 1662 2148 Testa-

276 2166 434 2193 mentum
451 2163 591 2193 Domini
608 2163 772 2193 Willelmi
786 2162 996 2200 Wolastone,
1011 2162 1169 2193 Rectoris
1184 2162 1269 2192 dum
1284 2162 1371 2192 vixit
1389 2162 1542 2192 Ecclesie
1559 2161 1663 2192 Paro-

277 2207 399 2237 chialis
409 2207 451 2238 de
462 2207 648 2245 Toustoke,
657 2217 774 2238 eoram
787 2207 909 2238 eodem
922 2206 1126 2238 Reverendo
1137 2207 1252 2244 Patre,
1260 2208 1296 2237 et
1308 2216 1371 2246 per
1380 2206 1529 2237 eundem
1541 2215 1663 2246 appro—

276 2250 398 2281 batum
412 2266 420 2288 ;
443 2261 484 2281 ac
508 2251 679 2282 Dominus
700 2251 907 2282 Exoniensis
931 2251 1124 2291 Episcopus
1147 2250 1306 2291 prefatus
1331 2251 1470 2291 prefixit
1495 2250 1665 2290 Magistro

275 2295 297 2325 J
299 2294 428 2325 ohanni
453 2295 603 2334 Lugans,
621 2295 759 2326 Rectori
785 2295 939 2326 Ecclesia
963 2295 1177 2326 Parochialis
1198 2295 1240 2326 de
1264 2294 1514 2333 Petrokstowe,
1537 2294 1598 2325 uni
1622 2294 1664 2325 de

279 2339 532 2370 Executoribus
559 2339 595 2369 in
623 2339 848 2370 Testamento
873 2339 958 2370 dicti
987 2339 1144 2370 defuncti
1170 2339 1370 2375 nominatis,
1399 2339 1492 2369 diem
1521 2338 1665 2369 Sabbati

280 2383 438 2423 proximo
453 2386 538 2414 tunc
554 2386 757 2423 sequentem
774 2384 819 2414 ad
835 2384 1107 2424 comparendum
1121 2393 1239 2414 coram
1256 2383 1350 2413 dicto
1367 2383 1526 2421 Domino,
1539 2383 1664 2413 Exoni-

279 2427 354 2458 ensi
372 2427 554 2468 Episcopo,
567 2431 628 2458 aut
643 2427 721 2467 ejus
738 2427 995 2465 Commissario,
1009 2427 1045 2458 in
1063 2427 1205 2467 Capella
1220 2427 1387 2467 predicta,
1404 2427 1448 2457 ad
1464 2427 1664 2467 jurandum,

281 2482 350 2502 una
365 2482 444 2502 cum
463 2471 758 2502 Coexecutori'bus
774 2472 846 2502 suis
862 2471 1076 2510 memoratis,
1092 2472 1135 2502 de
1151 2471 1366 2502 conficiendo
1383 2471 1484 2502 fidele
1502 2472 1665 2502 Inventa-

281 2516 372 2546 riurn
384 2516 426 2546 de
437 2515 600 2546 omnibus
610 2518 646 2546 et
656 2516 803 2555 singulis
813 2516 913 2546 bonis
924 2516 1110 2546 mobilibus
1121 2516 1206 2546 dicti
1219 2515 1388 2553 defuncti,
1396 2526 1462 2556 que
1473 2516 1557 2546 dum
1568 2516 1666 2551 vixit,

283 2563 319 2590 et
336 2560 460 2590 mortis
477 2569 538 2591 sue
555 2563 723 2600 tempore,
734 2560 771 2590 in
782 2560 934 2591 Civitate
944 2564 979 2591 et
994 2560 1131 2591 Diocesi
1145 2560 1277 2590 Exonie
1290 2560 1443 2600 optinuit
1453 2563 1489 2590 et
1500 2560 1666 2600 possedit.

283 2604 368 2643 Qu0,
393 2604 545 2644 quidem,
571 2604 628 2635 die
654 2604 808 2642 Sabbati,
833 2604 997 2635 videlicet
1020 2604 1156 2635 decimo
1178 2606 1276 2635 sexto
1300 2604 1356 2634 die
1381 2604 1512 2634 mensis
1536 2604 1668 2644 Aprilis

283 2648 442 2688 predicti,
450 2652 722 2688 comparuerunt
732 2658 850 2679 coram
862 2648 957 2679 dicto
966 2649 1170 2680 Reverendo
1178 2648 1292 2686 Patre,
1304 2648 1340 2678 in
1350 2647 1491 2688 Capella
1498 2649 1667 2688 predicta,

282 2692 375 2723 idem
404 2692 574 2732 Magister
596 2693 616 2723 J
619 2692 774 2723 ohannes
802 2693 942 2732 Lugaus
965 2694 1001 2723 et
1025 2693 1196 2724 Dominus
1222 2693 1401 2723 Johannes
1425 2692 1668 2730 Wasshborne‚

284 2736 411 2767 Rector
419 2736 573 2767 Ecclesia
581 2736 795 2767 Parochialis
805 2737 848 2768 de
857 2737 1108 2777 Roweburghe,
1118 2737 1330 2768 Executores
1340 2736 1522 2774 nominati,
1531 2739 1566 2767 et
1576 2737 1669 2777 jura-
1717 2757 1721 2760 -

282 2783 365 2811 runt
378 2781 421 2812 de
433 2780 595 2812 faciendo
604 2781 706 2812 fidele
719 2781 961 2812 Inventarium
978 2781 1021 2812 de
1037 2781 1138 2812 bonis
1153 2781 1330 2821 predictis.
1372 2781 1418 2811 Et
1433 2780 1565 2812 habent
1577 2781 1670 2812 diem

281 2824 327 2855 ad
341 2824 577 2856 exhibendum
592 2824 794 2866 hujusmodi
810 2825 1054 2856 Inventarium
1070 2825 1159 2856 citra
1173 2825 1315 2856 Festum
1329 2824 1538 2856 Nativitatis
1551 2824 1671 2856 Sancti

281 2868 303 2899 J
305 2867 453 2900 ohannis
467 2869 625 2909 Baptista
641 2869 800 2910 proximo
810 2869 1132 2908 futurum.-—Item‚
1142 2869 1309 2900 vicesimo
1320 2868 1434 2909 primo
1444 2869 1500 2900 die
1512 2869 1671 2910 ejusdem

282 2913 425 2951 mensis,
446 2913 540 2954 apud
563 2912 674 2954 Clyst,
696 2913 894 2954 comparuit
916 2913 1149 2954 personaliter
1171 2913 1343 2945 Dominus
1364 2912 1544 2944 ,Iohannes
1568 2912 1672 2954 Boys,

283 2957 435 2992 unuade
451 2956 705 2989 Executoribus
723 2957 809 2989 dicti
825 2957 984 2990 Rectoris
1006 2956 1176 2997 defuncti,
1192 2959 1229 2989 et
1251 2956 1384 2999 juravit
1399 2956 1444 2989 de
1458 2956 1674 2989 conficiendo

263 3005 339 3050 21„
