<?xml version="1.0" encoding="UTF-8"?>
<!DOCTYPE html PUBLIC "-//W3C//DTD XHTML 1.0 Transitional//EN"
    "http://www.w3.org/TR/xhtml1/DTD/xhtml1-transitional.dtd">
<html xmlns="http://www.w3.org/1999/xhtml" xml:lang="en" lang="en">
 <head>
  <title>
</title>
<meta http-equiv="Content-Type" content="text/html;charset=utf-8" />
  <meta name='ocr-system' content='tesseract 3.04.00' />
  <meta name='ocr-capabilities' content='ocr_page ocr_carea ocr_par ocr_line ocrx_word'/>
</head>
<body>
  <div class='ocr_page' id='page_1' title='image "./registerofthomas01hinguoft_0554.png"; bbox 0 0 1988 3256; ppageno 0'>
   <div class='ocr_carea' id='block_1_1' title="bbox 324 305 419 349">
    <p class='ocr_par' dir='ltr' id='par_1_1' title="bbox 324 305 419 349">
     <span class='ocr_line' id='line_1_1' title="bbox 324 305 419 349; baseline 0 0"><span class='ocrx_word' id='word_1_1' title='bbox 324 305 419 349; x_wconf 88' lang='grc'><strong>536</strong></span> 
     </span>
    </p>
   </div>
   <div class='ocr_carea' id='block_1_2' title="bbox 323 417 421 511">
    <p class='ocr_par' dir='ltr' id='par_1_2' title="bbox 323 417 411 510">
     <span class='ocr_line' id='line_1_2' title="bbox 323 417 400 443; baseline 0 0"><span class='ocrx_word' id='word_1_2' title='bbox 323 417 358 443; x_wconf 78' lang='grc' dir='ltr'><strong>Α.</strong></span> <span class='ocrx_word' id='word_1_3' title='bbox 362 417 400 443; x_wconf 91' lang='lat' dir='ltr'><strong>D.</strong></span> 
     </span>
     <span class='ocr_line' id='line_1_3' title="bbox 323 451 398 477; baseline 0 0"><span class='ocrx_word' id='word_1_4' title='bbox 323 451 398 477; x_wconf 86' lang='lat'>1384.</span> 
     </span>
     <span class='ocr_line' id='line_1_4' title="bbox 325 484 421 511; baseline 0 -1"><span class='ocrx_word' id='word_1_5' title='bbox 325 484 385 511; x_wconf 87' lang='lat' dir='ltr'><strong>Vol.</strong></span> <span class='ocrx_word' id='word_1_6' title='bbox 398 485 421 511; x_wconf 81' lang='lat'><strong>1.</strong></span> 
     </span>
    </p>
   </div>
   <div class='ocr_carea' id='block_1_3' title="bbox 540 314 1659 353">
    <p class='ocr_par' dir='ltr' id='par_1_3' title="bbox 540 314 1659 353">
     <span class='ocr_line' id='line_1_5' title="bbox 540 314 1659 353; baseline 0.004 -5"><span class='ocrx_word' id='word_1_7' title='bbox 540 315 640 349; x_wconf 78' lang='lat' dir='ltr'><strong>THE</strong></span> <span class='ocrx_word' id='word_1_8' title='bbox 674 314 914 350; x_wconf 75' lang='lat' dir='ltr'>REGISTER</span> <span class='ocrx_word' id='word_1_9' title='bbox 947 314 1008 349; x_wconf 81' lang='lat' dir='ltr'><strong>OF</strong></span> <span class='ocrx_word' id='word_1_10' title='bbox 1042 315 1222 350; x_wconf 81' lang='lat' dir='ltr'>BISHOP</span> <span class='ocrx_word' id='word_1_11' title='bbox 1255 316 1659 353; x_wconf 75' lang='lat' dir='ltr'><strong>BRANTYNGHAM.</strong></span> 
     </span>
    </p>
   </div>
   <div class='ocr_carea' id='block_1_4' title="bbox 476 419 1883 1871">
    <p class='ocr_par' dir='ltr' id='par_1_4' title="bbox 476 419 1883 1871">
     <span class='ocr_line' id='line_1_6' title="bbox 482 419 1866 463; baseline 0.003 -13"><span class='ocrx_word' id='word_1_12' title='bbox 482 419 681 451; x_wconf 88' lang='lat' dir='ltr'><strong>volentibus</strong></span> <span class='ocrx_word' id='word_1_13' title='bbox 690 419 938 451; x_wconf 81' lang='lat' dir='ltr'><strong>auctoritatem</strong></span> <span class='ocrx_word' id='word_1_14' title='bbox 949 422 1117 460; x_wconf 75' lang='lat' dir='ltr'>prestare,</span> <span class='ocrx_word' id='word_1_15' title='bbox 1128 423 1164 452; x_wconf 88' lang='lat' dir='ltr'><strong>et</strong></span> <span class='ocrx_word' id='word_1_16' title='bbox 1177 421 1463 453; x_wconf 86' lang='lat' dir='ltr'><strong>Permutaciones</strong></span> <span class='ocrx_word' id='word_1_17' title='bbox 1477 421 1681 463; x_wconf 83' lang='lat' dir='ltr'><strong>hujusmodi</strong></span> <span class='ocrx_word' id='word_1_18' title='bbox 1695 431 1738 454; x_wconf 85' lang='lat' dir='ltr'><strong>ex</strong></span> <span class='ocrx_word' id='word_1_19' title='bbox 1750 420 1866 453; x_wconf 73' lang='lat' dir='ltr'><strong>causis</strong></span> 
     </span>
     <span class='ocr_line' id='line_1_7' title="bbox 480 463 1863 507; baseline 0.003 -13"><span class='ocrx_word' id='word_1_20' title='bbox 480 463 650 504; x_wconf 77' lang='lat' dir='ltr'>legitimis</span> <span class='ocrx_word' id='word_1_21' title='bbox 684 463 869 504; x_wconf 80' lang='lat' dir='ltr'><strong>expedire3</strong></span> <span class='ocrx_word' id='word_1_22' title='bbox 896 474 1043 504; x_wconf 87' lang='lat' dir='ltr'><strong>necnon,</strong></span> <span class='ocrx_word' id='word_1_23' title='bbox 1060 464 1097 496; x_wconf 92' lang='lat' dir='ltr'><strong>in</strong></span> <span class='ocrx_word' id='word_1_24' title='bbox 1120 465 1396 506; x_wconf 89' lang='lat' dir='ltr'><strong>quibuscumque</strong></span> <span class='ocrx_word' id='word_1_25' title='bbox 1419 466 1534 497; x_wconf 82' lang='lat' dir='ltr'><strong>causis</strong></span> <span class='ocrx_word' id='word_1_26' title='bbox 1556 469 1592 498; x_wconf 90' lang='lat' dir='ltr'><strong>et</strong></span> <span class='ocrx_word' id='word_1_27' title='bbox 1614 465 1771 507; x_wconf 76' lang='lat' dir='ltr'><strong>negociis</strong></span> <span class='ocrx_word' id='word_1_28' title='bbox 1792 465 1863 497; x_wconf 83' lang='lat' dir='ltr'><strong>dio-</strong></span> 
     </span>
     <span class='ocr_line' id='line_1_8' title="bbox 480 507 1864 551; baseline 0.002 -12"><span class='ocrx_word' id='word_1_29' title='bbox 480 510 598 539; x_wconf 80' lang='lat' dir='ltr'><strong>tarum</strong></span> <span class='ocrx_word' id='word_1_30' title='bbox 626 508 789 539; x_wconf 81' lang='lat' dir='ltr'><strong>Civitatis</strong></span> <span class='ocrx_word' id='word_1_31' title='bbox 815 511 851 539; x_wconf 84' lang='lat' dir='ltr'><strong>et</strong></span> <span class='ocrx_word' id='word_1_32' title='bbox 878 508 1054 548; x_wconf 55' lang='lat' dir='ltr'><strong>Diocesis,</strong></span> <span class='ocrx_word' id='word_1_33' title='bbox 1069 509 1114 540; x_wconf 85' lang='lat' dir='ltr'><strong>ad</strong></span> <span class='ocrx_word' id='word_1_34' title='bbox 1139 507 1268 541; x_wconf 83' lang='lat' dir='ltr'><strong>Foru&#39;m</strong></span> <span class='ocrx_word' id='word_1_35' title='bbox 1300 509 1584 542; x_wconf 79' lang='lat' dir='ltr'><strong>Ecclesiasticum</strong></span> <span class='ocrx_word' id='word_1_36' title='bbox 1612 508 1864 551; x_wconf 74' lang='lat' dir='ltr'><strong>spectantibus,</strong></span> 
     </span>
     <span class='ocr_line' id='line_1_9' title="bbox 481 552 1864 595; baseline 0.002 -12"><span class='ocrx_word' id='word_1_37' title='bbox 481 562 598 584; x_wconf 85' lang='lat' dir='ltr'><strong>coram</strong></span> <span class='ocrx_word' id='word_1_38' title='bbox 621 553 744 584; x_wconf 89' lang='lat' dir='ltr'><strong>eodem</strong></span> <span class='ocrx_word' id='word_1_39' title='bbox 767 552 968 584; x_wconf 81' lang='lat' dir='ltr'><strong>Venerabili</strong></span> <span class='ocrx_word' id='word_1_40' title='bbox 993 552 1107 592; x_wconf 87' lang='lat' dir='ltr'><strong>Patre,</strong></span> <span class='ocrx_word' id='word_1_41' title='bbox 1131 556 1193 584; x_wconf 85' lang='lat' dir='ltr'><strong>aut</strong></span> <span class='ocrx_word' id='word_1_42' title='bbox 1217 554 1289 585; x_wconf 90' lang='lat' dir='ltr'><strong>suis</strong></span> <span class='ocrx_word' id='word_1_43' title='bbox 1311 554 1348 585; x_wconf 90' lang='lat' dir='ltr'><strong>in</strong></span> <span class='ocrx_word' id='word_1_44' title='bbox 1382 554 1448 586; x_wconf 84' lang='lat' dir='ltr'><strong>hac</strong></span> <span class='ocrx_word' id='word_1_45' title='bbox 1478 557 1578 595; x_wconf 79' lang='lat' dir='ltr'><strong>parte</strong></span> <span class='ocrx_word' id='word_1_46' title='bbox 1606 553 1864 586; x_wconf 84' lang='lat' dir='ltr'><strong>Commissariis</strong></span> 
     </span>
     <span class='ocr_line' id='line_1_10' title="bbox 479 597 1864 639; baseline 0.002 -12"><span class='ocrx_word' id='word_1_47' title='bbox 479 597 637 637; x_wconf 78' lang='lat' dir='ltr'><strong>legitime</strong></span> <span class='ocrx_word' id='word_1_48' title='bbox 652 597 873 635; x_wconf 77' lang='lat' dir='ltr'><strong>introductis,</strong></span> <span class='ocrx_word' id='word_1_49' title='bbox 890 597 944 628; x_wconf 89' lang='lat' dir='ltr'><strong>vel</strong></span> <span class='ocrx_word' id='word_1_50' title='bbox 960 598 1072 628; x_wconf 80' lang='lat' dir='ltr'><strong>eciam</strong></span> <span class='ocrx_word' id='word_1_51' title='bbox 1087 598 1361 637; x_wconf 77' lang='lat' dir='ltr'><strong>introducendis,</strong></span> <span class='ocrx_word' id='word_1_52' title='bbox 1373 609 1436 639; x_wconf 90' lang='lat' dir='ltr'><strong>per</strong></span> <span class='ocrx_word' id='word_1_53' title='bbox 1450 599 1601 630; x_wconf 88' lang='lat' dir='ltr'><strong>eundem</strong></span> <span class='ocrx_word' id='word_1_54' title='bbox 1618 598 1864 630; x_wconf 79' lang='lat' dir='ltr'><strong>Venembilem</strong></span> 
     </span>
     <span class='ocr_line' id='line_1_11' title="bbox 481 641 1864 684; baseline 0.002 -13"><span class='ocrx_word' id='word_1_55' title='bbox 481 641 622 672; x_wconf 86' lang='lat' dir='ltr'><strong>Patrem</strong></span> <span class='ocrx_word' id='word_1_56' title='bbox 639 651 787 682; x_wconf 88' lang='lat' dir='ltr'><strong>suosque</strong></span> <span class='ocrx_word' id='word_1_57' title='bbox 804 641 978 672; x_wconf 82' lang='lat' dir='ltr'><strong>Officiales</strong></span> <span class='ocrx_word' id='word_1_58' title='bbox 993 644 1029 673; x_wconf 87' lang='lat' dir='ltr'><strong>et</strong></span> <span class='ocrx_word' id='word_1_59' title='bbox 1046 641 1313 674; x_wconf 87' lang='lat' dir='ltr'><strong>Commissarios</strong></span> <span class='ocrx_word' id='word_1_60' title='bbox 1335 653 1570 684; x_wconf 88' lang='lat' dir='ltr'><strong>quoscumque</strong></span> <span class='ocrx_word' id='word_1_61' title='bbox 1593 652 1803 684; x_wconf 71' lang='lat' dir='ltr'><strong>cognoscem</strong></span> <span class='ocrx_word' id='word_1_62' title='bbox 1826 645 1864 674; x_wconf 87' lang='lat' dir='ltr'><strong>et</strong></span> 
     </span>
     <span class='ocr_line' id='line_1_12' title="bbox 479 685 1864 728; baseline 0.002 -12"><span class='ocrx_word' id='word_1_63' title='bbox 479 685 677 726; x_wconf 83' lang='lat' dir='ltr'><strong>procedere,</strong></span> <span class='ocrx_word' id='word_1_64' title='bbox 694 686 855 726; x_wconf 82' lang='lat' dir='ltr'><strong>ipsasque</strong></span> <span class='ocrx_word' id='word_1_65' title='bbox 871 688 907 717; x_wconf 87' lang='lat' dir='ltr'><strong>et</strong></span> <span class='ocrx_word' id='word_1_66' title='bbox 923 696 965 717; x_wconf 88' lang='lat' dir='ltr'><strong>ea</strong></span> <span class='ocrx_word' id='word_1_67' title='bbox 980 687 1048 717; x_wconf 88' lang='lat' dir='ltr'><strong>fine</strong></span> <span class='ocrx_word' id='word_1_68' title='bbox 1065 686 1184 717; x_wconf 91' lang='lat' dir='ltr'><strong>debito</strong></span> <span class='ocrx_word' id='word_1_69' title='bbox 1195 687 1402 725; x_wconf 84' lang='lat' dir='ltr'><strong>terminare3</strong></span> <span class='ocrx_word' id='word_1_70' title='bbox 1419 698 1460 719; x_wconf 82' lang='lat' dir='ltr'><strong>ac</strong></span> <span class='ocrx_word' id='word_1_71' title='bbox 1474 697 1773 728; x_wconf 84' lang='lat' dir='ltr'><strong>quorumcumque</strong></span> <span class='ocrx_word' id='word_1_72' title='bbox 1785 686 1864 719; x_wconf 84' lang='lat' dir='ltr'><strong>sub-</strong></span> 
     </span>
     <span class='ocr_line' id='line_1_13' title="bbox 480 730 1862 773; baseline 0.002 -13"><span class='ocrx_word' id='word_1_73' title='bbox 480 730 634 761; x_wconf 87' lang='lat' dir='ltr'><strong>ditorum</strong></span> <span class='ocrx_word' id='word_1_74' title='bbox 658 740 800 761; x_wconf 90' lang='lat' dir='ltr'><strong>suorum</strong></span> <span class='ocrx_word' id='word_1_75' title='bbox 824 730 982 769; x_wconf 87' lang='lat' dir='ltr'><strong>crimina,</strong></span> <span class='ocrx_word' id='word_1_76' title='bbox 1006 730 1176 770; x_wconf 85' lang='lat' dir='ltr'><strong>defectus,</strong></span> <span class='ocrx_word' id='word_1_77' title='bbox 1193 734 1229 762; x_wconf 91' lang='lat' dir='ltr'><strong>et</strong></span> <span class='ocrx_word' id='word_1_78' title='bbox 1252 741 1424 770; x_wconf 85' lang='lat' dir='ltr'><strong>excessus,</strong></span> <span class='ocrx_word' id='word_1_79' title='bbox 1445 734 1630 773; x_wconf 85' lang='lat' dir='ltr'><strong>postquam</strong></span> <span class='ocrx_word' id='word_1_80' title='bbox 1654 731 1722 763; x_wconf 83' lang='lat' dir='ltr'><strong>sibi</strong></span> <span class='ocrx_word' id='word_1_81' title='bbox 1745 730 1862 763; x_wconf 75' lang='lat' dir='ltr'><strong>debite</strong></span> 
     </span>
     <span class='ocr_line' id='line_1_14' title="bbox 480 774 1862 816; baseline 0.001 -10"><span class='ocrx_word' id='word_1_82' title='bbox 480 775 523 806; x_wconf 89' lang='lat' dir='ltr'><strong>de</strong></span> <span class='ocrx_word' id='word_1_83' title='bbox 553 774 734 815; x_wconf 79' lang='lat' dir='ltr'><strong>premissis</strong></span> <span class='ocrx_word' id='word_1_84' title='bbox 764 774 973 814; x_wconf 85' lang='lat' dir='ltr'><strong>constiterit,</strong></span> <span class='ocrx_word' id='word_1_85' title='bbox 1001 775 1186 815; x_wconf 77' lang='lat' dir='ltr'><strong>corrigere,</strong></span> <span class='ocrx_word' id='word_1_86' title='bbox 1214 776 1406 807; x_wconf 80' lang='lat' dir='ltr'><strong>reformare</strong></span> <span class='ocrx_word' id='word_1_87' title='bbox 1439 776 1623 815; x_wconf 86' lang='lat' dir='ltr'><strong>Canonice,</strong></span> <span class='ocrx_word' id='word_1_88' title='bbox 1651 778 1688 808; x_wconf 88' lang='lat' dir='ltr'><strong>et</strong></span> <span class='ocrx_word' id='word_1_89' title='bbox 1717 775 1862 816; x_wconf 53' lang='lat' dir='ltr'><strong>punirem</strong></span> 
     </span>
     <span class='ocr_line' id='line_1_15' title="bbox 479 819 1864 861; baseline 0.002 -12"><span class='ocrx_word' id='word_1_90' title='bbox 479 819 626 850; x_wconf 88' lang='lat' dir='ltr'><strong>notoriis</strong></span> <span class='ocrx_word' id='word_1_91' title='bbox 641 819 847 850; x_wconf 83' lang='lat' dir='ltr'><strong>criminibus</strong></span> <span class='ocrx_word' id='word_1_92' title='bbox 862 822 898 849; x_wconf 89' lang='lat' dir='ltr'><strong>et</strong></span> <span class='ocrx_word' id='word_1_93' title='bbox 913 819 1113 850; x_wconf 85' lang='lat' dir='ltr'><strong>excessibus</strong></span> <span class='ocrx_word' id='word_1_94' title='bbox 1128 820 1165 850; x_wconf 91' lang='lat' dir='ltr'><strong>in</strong></span> <span class='ocrx_word' id='word_1_95' title='bbox 1178 820 1391 851; x_wconf 85' lang='lat' dir='ltr'><strong>Visitacione</strong></span> <span class='ocrx_word' id='word_1_96' title='bbox 1404 820 1660 861; x_wconf 86' lang='lat' dir='ltr'><strong>Metropolitiea</strong></span> <span class='ocrx_word' id='word_1_97' title='bbox 1674 819 1864 860; x_wconf 83' lang='lat' dir='ltr'><strong>compertis</strong></span> 
     </span>
     <span class='ocr_line' id='line_1_16' title="bbox 480 863 1864 906; baseline 0.002 -13"><span class='ocrx_word' id='word_1_98' title='bbox 480 863 663 894; x_wconf 79' lang='lat' dir='ltr'><strong>dumtaxat</strong></span> <span class='ocrx_word' id='word_1_99' title='bbox 678 863 833 903; x_wconf 89' lang='lat' dir='ltr'><strong>exceptis</strong></span> <span class='ocrx_word' id='word_1_100' title='bbox 847 878 854 901; x_wconf 80' lang='lat'><em>3</em></span> <span class='ocrx_word' id='word_1_101' title='bbox 872 863 1089 904; x_wconf 86' lang='lat' dir='ltr'><strong>Ordinesque</strong></span> <span class='ocrx_word' id='word_1_102' title='bbox 1103 864 1255 895; x_wconf 83' lang='lat' dir='ltr'><strong>Minores</strong></span> <span class='ocrx_word' id='word_1_103' title='bbox 1271 867 1307 895; x_wconf 88' lang='lat' dir='ltr'><strong>et</strong></span> <span class='ocrx_word' id='word_1_104' title='bbox 1323 875 1558 905; x_wconf 87' lang='lat' dir='ltr'><strong>quoscumque</strong></span> <span class='ocrx_word' id='word_1_105' title='bbox 1573 865 1696 896; x_wconf 68' lang='lat' dir='ltr'><strong>Sacros</strong></span> <span class='ocrx_word' id='word_1_106' title='bbox 1712 864 1864 906; x_wconf 74' lang='lat' dir='ltr'><strong>Maiores</strong></span> 
     </span>
     <span class='ocr_line' id='line_1_17' title="bbox 479 907 1862 950; baseline 0.001 -12"><span class='ocrx_word' id='word_1_107' title='bbox 479 908 754 948; x_wconf 90' lang='lat' dir='ltr'><strong>quibuscumque</strong></span> <span class='ocrx_word' id='word_1_108' title='bbox 779 907 929 939; x_wconf 86' lang='lat' dir='ltr'><strong>subditis</strong></span> <span class='ocrx_word' id='word_1_109' title='bbox 953 908 1035 947; x_wconf 82' lang='lat' dir='ltr'><strong>suis,</strong></span> <span class='ocrx_word' id='word_1_110' title='bbox 1060 908 1097 938; x_wconf 90' lang='lat' dir='ltr'><strong>in</strong></span> <span class='ocrx_word' id='word_1_111' title='bbox 1121 908 1186 940; x_wconf 91' lang='lat' dir='ltr'><strong>hac</strong></span> <span class='ocrx_word' id='word_1_112' title='bbox 1210 912 1309 948; x_wconf 86' lang='lat' dir='ltr'><strong>parte</strong></span> <span class='ocrx_word' id='word_1_113' title='bbox 1332 909 1488 950; x_wconf 85' lang='lat' dir='ltr'><strong>ydoneis,</strong></span> <span class='ocrx_word' id='word_1_114' title='bbox 1513 909 1692 947; x_wconf 81' lang='lat' dir='ltr'><strong>conferre3</strong></span> <span class='ocrx_word' id='word_1_115' title='bbox 1715 918 1862 948; x_wconf 83' lang='lat' dir='ltr'><strong>necnon,</strong></span> 
     </span>
     <span class='ocr_line' id='line_1_18' title="bbox 478 952 1862 992; baseline 0.001 -9"><span class='ocrx_word' id='word_1_116' title='bbox 478 962 776 992; x_wconf 86' lang='lat' dir='ltr'><strong>quorumcumque</strong></span> <span class='ocrx_word' id='word_1_117' title='bbox 809 952 1100 983; x_wconf 84' lang='lat' dir='ltr'><strong>Beneficiatorum</strong></span> <span class='ocrx_word' id='word_1_118' title='bbox 1134 955 1169 983; x_wconf 88' lang='lat' dir='ltr'><strong>et</strong></span> <span class='ocrx_word' id='word_1_119' title='bbox 1201 953 1379 984; x_wconf 89' lang='lat' dir='ltr'><strong>Nobilium</strong></span> <span class='ocrx_word' id='word_1_120' title='bbox 1412 953 1655 992; x_wconf 80' lang='lat' dir='ltr'><strong>Personarum,</strong></span> <span class='ocrx_word' id='word_1_121' title='bbox 1687 953 1862 984; x_wconf 79' lang='lat' dir='ltr'><strong>dictarum</strong></span> 
     </span>
     <span class='ocr_line' id='line_1_19' title="bbox 479 996 1861 1036; baseline 0.001 -9"><span class='ocrx_word' id='word_1_122' title='bbox 479 996 642 1028; x_wconf 85' lang='lat' dir='ltr'><strong>Civitatis</strong></span> <span class='ocrx_word' id='word_1_123' title='bbox 666 999 701 1027; x_wconf 87' lang='lat' dir='ltr'><strong>et</strong></span> <span class='ocrx_word' id='word_1_124' title='bbox 725 997 891 1034; x_wconf 88' lang='lat' dir='ltr'><strong>Diocesis,</strong></span> <span class='ocrx_word' id='word_1_125' title='bbox 908 997 945 1027; x_wconf 91' lang='lat' dir='ltr'><strong>in</strong></span> <span class='ocrx_word' id='word_1_126' title='bbox 968 997 1101 1028; x_wconf 88' lang='lat' dir='ltr'><strong>eisdem</strong></span> <span class='ocrx_word' id='word_1_127' title='bbox 1125 1007 1187 1028; x_wconf 87' lang='lat' dir='ltr'><strong>seu</strong></span> <span class='ocrx_word' id='word_1_128' title='bbox 1210 1007 1331 1028; x_wconf 83' lang='lat' dir='ltr'><strong>earum</strong></span> <span class='ocrx_word' id='word_1_129' title='bbox 1347 998 1459 1028; x_wconf 85' lang='lat' dir='ltr'><strong>altera</strong></span> <span class='ocrx_word' id='word_1_130' title='bbox 1475 998 1733 1036; x_wconf 87' lang='lat' dir='ltr'><strong>decedencium,</strong></span> <span class='ocrx_word' id='word_1_131' title='bbox 1749 997 1861 1029; x_wconf 81' lang='lat' dir='ltr'><strong>eciam</strong></span> 
     </span>
     <span class='ocr_line' id='line_1_20' title="bbox 479 1041 1863 1076; baseline 0.001 -4"><span class='ocrx_word' id='word_1_132' title='bbox 479 1041 507 1072; x_wconf 90' lang='lat' dir='ltr'><strong>si</strong></span> <span class='ocrx_word' id='word_1_133' title='bbox 530 1041 638 1072; x_wconf 86' lang='lat' dir='ltr'><strong>iidem</strong></span> <span class='ocrx_word' id='word_1_134' title='bbox 663 1041 867 1076; x_wconf 84' lang='lat' dir='ltr'><strong>Beneficiati</strong></span> <span class='ocrx_word' id='word_1_135' title='bbox 883 1041 938 1071; x_wconf 87' lang='lat' dir='ltr'><strong>vel</strong></span> <span class='ocrx_word' id='word_1_136' title='bbox 962 1041 1106 1072; x_wconf 87' lang='lat' dir='ltr'><strong>Nobiles</strong></span> <span class='ocrx_word' id='word_1_137' title='bbox 1130 1042 1282 1072; x_wconf 86' lang='lat' dir='ltr'><strong>Persone</strong></span> <span class='ocrx_word' id='word_1_138' title='bbox 1314 1042 1405 1073; x_wconf 85' lang='lat' dir='ltr'><strong>bona</strong></span> <span class='ocrx_word' id='word_1_139' title='bbox 1427 1042 1464 1072; x_wconf 92' lang='lat' dir='ltr'><strong>in</strong></span> <span class='ocrx_word' id='word_1_140' title='bbox 1487 1042 1635 1073; x_wconf 87' lang='lat' dir='ltr'><strong>diversis</strong></span> <span class='ocrx_word' id='word_1_141' title='bbox 1658 1041 1863 1073; x_wconf 86' lang='lat' dir='ltr'><strong>Diocesibus</strong></span> 
     </span>
     <span class='ocr_line' id='line_1_21' title="bbox 480 1085 1860 1126; baseline 0.001 -10"><span class='ocrx_word' id='word_1_142' title='bbox 480 1085 743 1116; x_wconf 85' lang='lat' dir='ltr'><strong>Cantuariensis</strong></span> <span class='ocrx_word' id='word_1_143' title='bbox 759 1085 941 1116; x_wconf 84' lang='lat' dir='ltr'><strong>Provincie</strong></span> <span class='ocrx_word' id='word_1_144' title='bbox 958 1087 1117 1125; x_wconf 88' lang='lat' dir='ltr'><strong>tempore</strong></span> <span class='ocrx_word' id='word_1_145' title='bbox 1133 1086 1258 1116; x_wconf 86' lang='lat' dir='ltr'><strong>mortis</strong></span> <span class='ocrx_word' id='word_1_146' title='bbox 1274 1095 1335 1117; x_wconf 90' lang='lat' dir='ltr'><strong>sue</strong></span> <span class='ocrx_word' id='word_1_147' title='bbox 1351 1086 1544 1126; x_wconf 74' lang='lat' dir='ltr'><strong>optineant.</strong></span> <span class='ocrx_word' id='word_1_148' title='bbox 1561 1086 1788 1117; x_wconf 79' lang='lat' dir='ltr'><strong>Testamenta</strong></span> <span class='ocrx_word' id='word_1_149' title='bbox 1809 1085 1860 1117; x_wconf 89' lang='lat' dir='ltr'><strong>in-</strong></span> 
     </span>
     <span class='ocr_line' id='line_1_22' title="bbox 478 1129 1864 1171; baseline 0.001 -11"><span class='ocrx_word' id='word_1_150' title='bbox 478 1130 617 1160; x_wconf 82' lang='lat' dir='ltr'><strong>sinuare</strong></span> <span class='ocrx_word' id='word_1_151' title='bbox 634 1132 669 1160; x_wconf 90' lang='lat' dir='ltr'><strong>et</strong></span> <span class='ocrx_word' id='word_1_152' title='bbox 686 1129 896 1168; x_wconf 80' lang='lat' dir='ltr'><strong>examinare,</strong></span> <span class='ocrx_word' id='word_1_153' title='bbox 913 1129 1057 1170; x_wconf 86' lang='lat' dir='ltr'><strong>ipsaque</strong></span> <span class='ocrx_word' id='word_1_154' title='bbox 1073 1130 1276 1170; x_wconf 85' lang='lat' dir='ltr'><strong>approbare,</strong></span> <span class='ocrx_word' id='word_1_155' title='bbox 1293 1133 1329 1161; x_wconf 90' lang='lat' dir='ltr'><strong>et</strong></span> <span class='ocrx_word' id='word_1_156' title='bbox 1346 1130 1546 1171; x_wconf 80' lang='lat' dir='ltr'><strong>hujusmodi</strong></span> <span class='ocrx_word' id='word_1_157' title='bbox 1563 1130 1717 1162; x_wconf 85' lang='lat' dir='ltr'><strong>Ultimas</strong></span> <span class='ocrx_word' id='word_1_158' title='bbox 1732 1130 1864 1161; x_wconf 88' lang='lat' dir='ltr'><strong>Volun-</strong></span> 
     </span>
     <span class='ocr_line' id='line_1_23' title="bbox 477 1173 1862 1216; baseline 0.001 -12"><span class='ocrx_word' id='word_1_159' title='bbox 477 1177 570 1205; x_wconf 84' lang='lat' dir='ltr'><strong>tates</strong></span> <span class='ocrx_word' id='word_1_160' title='bbox 595 1173 696 1211; x_wconf 85' lang='lat' dir='ltr'><strong>tueri,</strong></span> <span class='ocrx_word' id='word_1_161' title='bbox 728 1184 865 1205; x_wconf 81' lang='lat' dir='ltr'><strong>necnon</strong></span> <span class='ocrx_word' id='word_1_162' title='bbox 897 1174 1160 1212; x_wconf 84' lang='lat' dir='ltr'><strong>Exeeutoribus,</strong></span> <span class='ocrx_word' id='word_1_163' title='bbox 1192 1184 1278 1214; x_wconf 89' lang='lat' dir='ltr'><strong>quos</strong></span> <span class='ocrx_word' id='word_1_164' title='bbox 1307 1175 1345 1205; x_wconf 89' lang='lat' dir='ltr'><strong>in</strong></span> <span class='ocrx_word' id='word_1_165' title='bbox 1376 1175 1448 1206; x_wconf 90' lang='lat' dir='ltr'><strong>suis</strong></span> <span class='ocrx_word' id='word_1_166' title='bbox 1483 1174 1685 1216; x_wconf 89' lang='lat' dir='ltr'><strong>hujusmodi</strong></span> <span class='ocrx_word' id='word_1_167' title='bbox 1716 1174 1862 1206; x_wconf 81' lang='lat' dir='ltr'><strong>Ultimis</strong></span> 
     </span>
     <span class='ocr_line' id='line_1_24' title="bbox 478 1218 1863 1259; baseline 0.001 -10"><span class='ocrx_word' id='word_1_168' title='bbox 478 1218 725 1259; x_wconf 84' lang='lat' dir='ltr'><strong>deputaverint</strong></span> <span class='ocrx_word' id='word_1_169' title='bbox 757 1218 922 1258; x_wconf 84' lang='lat' dir='ltr'><strong>Eulogiis,</strong></span> <span class='ocrx_word' id='word_1_170' title='bbox 954 1218 1293 1249; x_wconf 86' lang='lat' dir='ltr'><strong>Administraciones</strong></span> <span class='ocrx_word' id='word_1_171' title='bbox 1322 1219 1494 1250; x_wconf 89' lang='lat' dir='ltr'><strong>bonorum</strong></span> <span class='ocrx_word' id='word_1_172' title='bbox 1525 1229 1667 1250; x_wconf 86' lang='lat' dir='ltr'><strong>suornm</strong></span> <span class='ocrx_word' id='word_1_173' title='bbox 1705 1218 1863 1250; x_wconf 89' lang='lat' dir='ltr'><strong>omnium</strong></span> 
     </span>
     <span class='ocr_line' id='line_1_25' title="bbox 478 1263 1864 1304; baseline 0.001 -11"><span class='ocrx_word' id='word_1_174' title='bbox 478 1263 670 1301; x_wconf 87' lang='lat' dir='ltr'><strong>mobilium,</strong></span> <span class='ocrx_word' id='word_1_175' title='bbox 702 1263 738 1293; x_wconf 91' lang='lat' dir='ltr'><strong>in</strong></span> <span class='ocrx_word' id='word_1_176' title='bbox 778 1263 930 1293; x_wconf 82' lang='lat' dir='ltr'><strong>Civitate</strong></span> <span class='ocrx_word' id='word_1_177' title='bbox 968 1263 1024 1293; x_wconf 88' lang='lat' dir='ltr'><strong>vel</strong></span> <span class='ocrx_word' id='word_1_178' title='bbox 1063 1263 1201 1293; x_wconf 91' lang='lat' dir='ltr'><strong>Diocesi</strong></span> <span class='ocrx_word' id='word_1_179' title='bbox 1242 1263 1373 1293; x_wconf 85' lang='lat' dir='ltr'><strong>Exonie</strong></span> <span class='ocrx_word' id='word_1_180' title='bbox 1411 1263 1616 1294; x_wconf 90' lang='lat' dir='ltr'><strong>memoratis</strong></span> <span class='ocrx_word' id='word_1_181' title='bbox 1653 1263 1864 1304; x_wconf 86' lang='lat' dir='ltr'><strong>ubicumque</strong></span> 
     </span>
     <span class='ocr_line' id='line_1_26' title="bbox 477 1307 1864 1345; baseline 0.001 -7"><span class='ocrx_word' id='word_1_182' title='bbox 477 1307 718 1345; x_wconf 63' lang='lat' dir='ltr'><strong>existendum,</strong></span> <span class='ocrx_word' id='word_1_183' title='bbox 743 1307 974 1345; x_wconf 84' lang='lat' dir='ltr'><strong>committere,</strong></span> <span class='ocrx_word' id='word_1_184' title='bbox 1002 1309 1074 1345; x_wconf 90' lang='lat' dir='ltr'><strong>aut,</strong></span> <span class='ocrx_word' id='word_1_185' title='bbox 1099 1307 1128 1337; x_wconf 83' lang='lat' dir='ltr'><strong>si</strong></span> <span class='ocrx_word' id='word_1_186' title='bbox 1152 1307 1196 1338; x_wconf 83' lang='lat' dir='ltr'><strong>ab</strong></span> <span class='ocrx_word' id='word_1_187' title='bbox 1219 1307 1388 1338; x_wconf 88' lang='lat' dir='ltr'><strong>intestato</strong></span> <span class='ocrx_word' id='word_1_188' title='bbox 1411 1308 1505 1339; x_wconf 89' lang='lat' dir='ltr'><strong>dicte</strong></span> <span class='ocrx_word' id='word_1_189' title='bbox 1529 1307 1673 1338; x_wconf 84' lang='lat' dir='ltr'><strong>Nobiles</strong></span> <span class='ocrx_word' id='word_1_190' title='bbox 1697 1307 1864 1339; x_wconf 83' lang='lat' dir='ltr'><strong>Benefici-</strong></span> 
     </span>
     <span class='ocr_line' id='line_1_27' title="bbox 477 1351 1864 1390; baseline 0 -7"><span class='ocrx_word' id='word_1_191' title='bbox 477 1355 578 1383; x_wconf 84' lang='lat' dir='ltr'><strong>ateve</strong></span> <span class='ocrx_word' id='word_1_192' title='bbox 610 1352 762 1382; x_wconf 89' lang='lat' dir='ltr'><strong>Persone</strong></span> <span class='ocrx_word' id='word_1_193' title='bbox 793 1351 887 1382; x_wconf 89' lang='lat' dir='ltr'><strong>diem</strong></span> <span class='ocrx_word' id='word_1_194' title='bbox 918 1361 1021 1382; x_wconf 87' lang='lat' dir='ltr'><strong>suum</strong></span> <span class='ocrx_word' id='word_1_195' title='bbox 1055 1351 1245 1382; x_wconf 81' lang='lat' dir='ltr'><strong>clauserint</strong></span> <span class='ocrx_word' id='word_1_196' title='bbox 1275 1354 1483 1390; x_wconf 85' lang='lat' dir='ltr'><strong>extremum,</strong></span> <span class='ocrx_word' id='word_1_197' title='bbox 1514 1351 1686 1383; x_wconf 87' lang='lat' dir='ltr'><strong>bonorum</strong></span> <span class='ocrx_word' id='word_1_198' title='bbox 1721 1361 1864 1383; x_wconf 89' lang='lat' dir='ltr'><strong>suorum</strong></span> 
     </span>
     <span class='ocr_line' id='line_1_28' title="bbox 478 1395 1865 1437; baseline 0 -10"><span class='ocrx_word' id='word_1_199' title='bbox 478 1396 661 1427; x_wconf 90' lang='lat' dir='ltr'><strong>mobilium</strong></span> <span class='ocrx_word' id='word_1_200' title='bbox 692 1395 894 1436; x_wconf 88' lang='lat' dir='ltr'><strong>hujusmodi</strong></span> <span class='ocrx_word' id='word_1_201' title='bbox 932 1395 970 1426; x_wconf 88' lang='lat' dir='ltr'><strong>in</strong></span> <span class='ocrx_word' id='word_1_202' title='bbox 1001 1395 1153 1427; x_wconf 86' lang='lat' dir='ltr'><strong>Civitate</strong></span> <span class='ocrx_word' id='word_1_203' title='bbox 1192 1398 1228 1427; x_wconf 91' lang='lat' dir='ltr'><strong>et</strong></span> <span class='ocrx_word' id='word_1_204' title='bbox 1267 1396 1404 1427; x_wconf 87' lang='lat' dir='ltr'><strong>Diocesi</strong></span> <span class='ocrx_word' id='word_1_205' title='bbox 1442 1396 1634 1436; x_wconf 79' lang='lat' dir='ltr'><strong>prelibatis,</strong></span> <span class='ocrx_word' id='word_1_206' title='bbox 1665 1406 1732 1436; x_wconf 90' lang='lat' dir='ltr'><strong>que</strong></span> <span class='ocrx_word' id='word_1_207' title='bbox 1770 1395 1865 1437; x_wconf 80' lang='lat' dir='ltr'><strong>ipsas</strong></span> 
     </span>
     <span class='ocr_line' id='line_1_29' title="bbox 477 1439 1861 1480; baseline 0.001 -10"><span class='ocrx_word' id='word_1_208' title='bbox 477 1443 634 1480; x_wconf 86' lang='lat' dir='ltr'><strong>tempore</strong></span> <span class='ocrx_word' id='word_1_209' title='bbox 659 1440 783 1470; x_wconf 89' lang='lat' dir='ltr'><strong>mortis</strong></span> <span class='ocrx_word' id='word_1_210' title='bbox 806 1439 998 1471; x_wconf 86' lang='lat' dir='ltr'><strong>earundem</strong></span> <span class='ocrx_word' id='word_1_211' title='bbox 1021 1440 1180 1480; x_wconf 86' lang='lat' dir='ltr'><strong>optinere</strong></span> <span class='ocrx_word' id='word_1_212' title='bbox 1204 1440 1401 1480; x_wconf 87' lang='lat' dir='ltr'><strong>contigerit,</strong></span> <span class='ocrx_word' id='word_1_213' title='bbox 1425 1440 1682 1479; x_wconf 85' lang='lat' dir='ltr'><strong>administrare,</strong></span> <span class='ocrx_word' id='word_1_214' title='bbox 1707 1450 1769 1471; x_wconf 89' lang='lat' dir='ltr'><strong>seu</strong></span> <span class='ocrx_word' id='word_1_215' title='bbox 1791 1439 1861 1471; x_wconf 81' lang='lat' dir='ltr'><strong>Ad-</strong></span> 
     </span>
     <span class='ocr_line' id='line_1_30' title="bbox 477 1484 1863 1525; baseline -0.001 -9"><span class='ocrx_word' id='word_1_216' title='bbox 477 1484 758 1516; x_wconf 86' lang='lat' dir='ltr'><strong>ministraciones</strong></span> <span class='ocrx_word' id='word_1_217' title='bbox 784 1484 985 1525; x_wconf 83' lang='lat' dir='ltr'><strong>hujusmodi</strong></span> <span class='ocrx_word' id='word_1_218' title='bbox 1011 1484 1137 1524; x_wconf 87' lang='lat' dir='ltr'><strong>quibus</strong></span> <span class='ocrx_word' id='word_1_219' title='bbox 1168 1485 1210 1516; x_wconf 88' lang='lat' dir='ltr'><strong>de</strong></span> <span class='ocrx_word' id='word_1_220' title='bbox 1235 1484 1313 1525; x_wconf 81' lang='lat' dir='ltr'><strong>jure</strong></span> <span class='ocrx_word' id='word_1_221' title='bbox 1335 1485 1389 1515; x_wconf 88' lang='lat' dir='ltr'><strong>vel</strong></span> <span class='ocrx_word' id='word_1_222' title='bbox 1415 1485 1667 1516; x_wconf 90' lang='lat' dir='ltr'><strong>consuetudine</strong></span> <span class='ocrx_word' id='word_1_223' title='bbox 1692 1484 1728 1515; x_wconf 87' lang='lat' dir='ltr'><strong>id</strong></span> <span class='ocrx_word' id='word_1_224' title='bbox 1758 1494 1863 1525; x_wconf 76' lang='lat' dir='ltr'><strong>agen-</strong></span> 
     </span>
     <span class='ocr_line' id='line_1_31' title="bbox 477 1528 1883 1569; baseline -0.001 -9"><span class='ocrx_word' id='word_1_225' title='bbox 477 1530 572 1567; x_wconf 90' lang='lat' dir='ltr'><strong>dum,</strong></span> <span class='ocrx_word' id='word_1_226' title='bbox 596 1529 820 1569; x_wconf 88' lang='lat' dir='ltr'><strong>ipsorumque</strong></span> <span class='ocrx_word' id='word_1_227' title='bbox 847 1528 1046 1559; x_wconf 85' lang='lat' dir='ltr'><strong>animarum</strong></span> <span class='ocrx_word' id='word_1_228' title='bbox 1075 1528 1179 1559; x_wconf 88' lang='lat' dir='ltr'><strong>saluti</strong></span> <span class='ocrx_word' id='word_1_229' title='bbox 1206 1529 1285 1569; x_wconf 91' lang='lat' dir='ltr'><strong>plus</strong></span> <span class='ocrx_word' id='word_1_230' title='bbox 1312 1539 1388 1560; x_wconf 86' lang='lat' dir='ltr'><strong>esse</strong></span> <span class='ocrx_word' id='word_1_231' title='bbox 1415 1529 1604 1569; x_wconf 85' lang='lat' dir='ltr'><strong>expediens</strong></span> <span class='ocrx_word' id='word_1_232' title='bbox 1633 1528 1883 1569; x_wconf 64' lang='lat' dir='ltr'><strong>prospexerit„</strong></span> 
     </span>
     <span class='ocr_line' id='line_1_32' title="bbox 477 1573 1863 1613; baseline 0 -9"><span class='ocrx_word' id='word_1_233' title='bbox 477 1573 708 1607; x_wconf 81' lang='lat' dir='ltr'><strong>committere.</strong></span> <span class='ocrx_word' id='word_1_234' title='bbox 734 1573 958 1613; x_wconf 88' lang='lat' dir='ltr'><strong>ipsorumque</strong></span> <span class='ocrx_word' id='word_1_235' title='bbox 991 1573 1226 1604; x_wconf 85' lang='lat' dir='ltr'><strong>Executorum</strong></span> <span class='ocrx_word' id='word_1_236' title='bbox 1258 1576 1294 1604; x_wconf 90' lang='lat' dir='ltr'><strong>et</strong></span> <span class='ocrx_word' id='word_1_237' title='bbox 1324 1573 1494 1604; x_wconf 87' lang='lat' dir='ltr'><strong>bonorum</strong></span> <span class='ocrx_word' id='word_1_238' title='bbox 1527 1573 1863 1605; x_wconf 82' lang='lat' dir='ltr'><strong>Administratorum</strong></span> 
     </span>
     <span class='ocr_line' id='line_1_33' title="bbox 478 1617 1862 1657; baseline -0.001 -8"><span class='ocrx_word' id='word_1_239' title='bbox 478 1618 629 1650; x_wconf 82' lang='lat' dir='ltr'><strong>calculos</strong></span> <span class='ocrx_word' id='word_1_240' title='bbox 653 1628 714 1649; x_wconf 88' lang='lat' dir='ltr'><strong>seu</strong></span> <span class='ocrx_word' id='word_1_241' title='bbox 737 1617 924 1648; x_wconf 80' lang='lat' dir='ltr'><strong>racioeinia</strong></span> <span class='ocrx_word' id='word_1_242' title='bbox 949 1627 1054 1657; x_wconf 90' lang='lat' dir='ltr'><strong>super</strong></span> <span class='ocrx_word' id='word_1_243' title='bbox 1076 1617 1226 1657; x_wconf 86' lang='lat' dir='ltr'><strong>receptis</strong></span> <span class='ocrx_word' id='word_1_244' title='bbox 1249 1620 1286 1648; x_wconf 88' lang='lat' dir='ltr'><strong>et</strong></span> <span class='ocrx_word' id='word_1_245' title='bbox 1309 1617 1566 1649; x_wconf 82' lang='lat' dir='ltr'><strong>administratis</strong></span> <span class='ocrx_word' id='word_1_246' title='bbox 1589 1617 1768 1648; x_wconf 74' lang='lat' dir='ltr'><strong>reddenda</strong></span> <span class='ocrx_word' id='word_1_247' title='bbox 1793 1617 1862 1648; x_wconf 87' lang='lat' dir='ltr'><strong>exi-</strong></span> 
     </span>
     <span class='ocr_line' id='line_1_34' title="bbox 478 1661 1865 1702; baseline -0.001 -9"><span class='ocrx_word' id='word_1_248' title='bbox 478 1673 560 1702; x_wconf 76' lang='lat' dir='ltr'><strong>gere</strong></span> <span class='ocrx_word' id='word_1_249' title='bbox 591 1664 627 1693; x_wconf 88' lang='lat' dir='ltr'><strong>et</strong></span> <span class='ocrx_word' id='word_1_250' title='bbox 654 1662 786 1700; x_wconf 81' lang='lat' dir='ltr'><strong>audire,</strong></span> <span class='ocrx_word' id='word_1_251' title='bbox 815 1672 856 1692; x_wconf 79' lang='lat' dir='ltr'><strong>ac</strong></span> <span class='ocrx_word' id='word_1_252' title='bbox 883 1662 1024 1692; x_wconf 88' lang='lat' dir='ltr'><strong>eosdem</strong></span> <span class='ocrx_word' id='word_1_253' title='bbox 1052 1662 1265 1693; x_wconf 81' lang='lat' dir='ltr'><strong>Executores</strong></span> <span class='ocrx_word' id='word_1_254' title='bbox 1291 1665 1326 1693; x_wconf 88' lang='lat' dir='ltr'><strong>et</strong></span> <span class='ocrx_word' id='word_1_255' title='bbox 1354 1661 1523 1693; x_wconf 90' lang='lat' dir='ltr'><strong>bonorum</strong></span> <span class='ocrx_word' id='word_1_256' title='bbox 1549 1661 1865 1693; x_wconf 78' lang='lat' dir='ltr'><strong>Administrntores</strong></span> 
     </span>
     <span class='ocr_line' id='line_1_35' title="bbox 477 1705 1864 1747; baseline -0.001 -9"><span class='ocrx_word' id='word_1_257' title='bbox 477 1707 522 1738; x_wconf 83' lang='lat' dir='ltr'><strong>ab</strong></span> <span class='ocrx_word' id='word_1_258' title='bbox 547 1706 668 1738; x_wconf 86' lang='lat' dir='ltr'><strong>Officio</strong></span> <span class='ocrx_word' id='word_1_259' title='bbox 691 1706 777 1737; x_wconf 88' lang='lat' dir='ltr'><strong>dieti</strong></span> <span class='ocrx_word' id='word_1_260' title='bbox 793 1706 1014 1737; x_wconf 80' lang='lat' dir='ltr'><strong>Venerabilis</strong></span> <span class='ocrx_word' id='word_1_261' title='bbox 1036 1706 1161 1744; x_wconf 82' lang='lat' dir='ltr'><strong>Patris,</strong></span> <span class='ocrx_word' id='word_1_262' title='bbox 1178 1706 1328 1746; x_wconf 86' lang='lat' dir='ltr'><strong>receptis</strong></span> <span class='ocrx_word' id='word_1_263' title='bbox 1352 1706 1554 1747; x_wconf 86' lang='lat' dir='ltr'><strong>hujusmodi</strong></span> <span class='ocrx_word' id='word_1_264' title='bbox 1577 1705 1730 1744; x_wconf 81' lang='lat' dir='ltr'><strong>calculis,</strong></span> <span class='ocrx_word' id='word_1_265' title='bbox 1746 1705 1864 1737; x_wconf 88' lang='lat' dir='ltr'><strong>dimit-</strong></span> 
     </span>
     <span class='ocr_line' id='line_1_36' title="bbox 478 1750 1864 1791; baseline -0.001 -9"><span class='ocrx_word' id='word_1_266' title='bbox 478 1753 552 1782; x_wconf 87' lang='lat' dir='ltr'><strong>tere</strong></span> <span class='ocrx_word' id='word_1_267' title='bbox 569 1754 605 1782; x_wconf 87' lang='lat' dir='ltr'><strong>et</strong></span> <span class='ocrx_word' id='word_1_268' title='bbox 623 1750 781 1782; x_wconf 83' lang='lat' dir='ltr'><strong>totaliter</strong></span> <span class='ocrx_word' id='word_1_269' title='bbox 803 1750 973 1787; x_wconf 86' lang='lat' dir='ltr'><strong>liberare;</strong></span> <span class='ocrx_word' id='word_1_270' title='bbox 996 1750 1064 1790; x_wconf 83' lang='lat' dir='ltr'><strong>jus,</strong></span> <span class='ocrx_word' id='word_1_271' title='bbox 1081 1761 1227 1791; x_wconf 88' lang='lat' dir='ltr'><strong>quoque,</strong></span> <span class='ocrx_word' id='word_1_272' title='bbox 1243 1750 1458 1791; x_wconf 88' lang='lat' dir='ltr'><strong>percipiendi</strong></span> <span class='ocrx_word' id='word_1_273' title='bbox 1481 1753 1518 1782; x_wconf 91' lang='lat' dir='ltr'><strong>et</strong></span> <span class='ocrx_word' id='word_1_274' title='bbox 1541 1750 1693 1782; x_wconf 84' lang='lat' dir='ltr'><strong>habendi</strong></span> <span class='ocrx_word' id='word_1_275' title='bbox 1715 1750 1864 1789; x_wconf 81' lang='lat' dir='ltr'><strong>fructus,</strong></span> 
     </span>
     <span class='ocr_line' id='line_1_37' title="bbox 478 1794 1864 1835; baseline -0.001 -9"><span class='ocrx_word' id='word_1_276' title='bbox 478 1796 646 1834; x_wconf 87' lang='lat' dir='ltr'><strong>redditus,</strong></span> <span class='ocrx_word' id='word_1_277' title='bbox 671 1798 707 1826; x_wconf 88' lang='lat' dir='ltr'><strong>et</strong></span> <span class='ocrx_word' id='word_1_278' title='bbox 729 1798 922 1835; x_wconf 88' lang='lat' dir='ltr'><strong>proventus</strong></span> <span class='ocrx_word' id='word_1_279' title='bbox 945 1804 1243 1835; x_wconf 80' lang='lat' dir='ltr'><strong>quarumcumque</strong></span> <span class='ocrx_word' id='word_1_280' title='bbox 1267 1795 1501 1826; x_wconf 81' lang='lat' dir='ltr'><strong>Ecclesiamm</strong></span> <span class='ocrx_word' id='word_1_281' title='bbox 1526 1797 1563 1826; x_wconf 87' lang='lat' dir='ltr'><strong>et</strong></span> <span class='ocrx_word' id='word_1_282' title='bbox 1590 1794 1864 1833; x_wconf 84' lang='lat' dir='ltr'><strong>Prebendarum,</strong></span> 
     </span>
     <span class='ocr_line' id='line_1_38' title="bbox 476 1838 1865 1871; baseline -0.001 0"><span class='ocrx_word' id='word_1_283' title='bbox 476 1851 516 1871; x_wconf 85' lang='lat' dir='ltr'><strong>ac</strong></span> <span class='ocrx_word' id='word_1_284' title='bbox 532 1843 728 1871; x_wconf 88' lang='lat' dir='ltr'><strong>ceterorum</strong></span> <span class='ocrx_word' id='word_1_285' title='bbox 753 1839 1007 1870; x_wconf 86' lang='lat' dir='ltr'><strong>Beneficiorum</strong></span> <span class='ocrx_word' id='word_1_286' title='bbox 1032 1839 1355 1870; x_wconf 84' lang='lat' dir='ltr'><strong>Ecclesiasticorum</strong></span> <span class='ocrx_word' id='word_1_287' title='bbox 1372 1839 1408 1869; x_wconf 91' lang='lat' dir='ltr'><strong>in</strong></span> <span class='ocrx_word' id='word_1_288' title='bbox 1425 1838 1577 1870; x_wconf 87' lang='lat' dir='ltr'><strong>Civitate</strong></span> <span class='ocrx_word' id='word_1_289' title='bbox 1593 1841 1629 1870; x_wconf 81' lang='lat' dir='ltr'><strong>et</strong></span> <span class='ocrx_word' id='word_1_290' title='bbox 1646 1838 1782 1870; x_wconf 87' lang='lat' dir='ltr'><strong>Diocesi</strong></span> <span class='ocrx_word' id='word_1_291' title='bbox 1799 1838 1865 1870; x_wconf 79' lang='lat' dir='ltr'><strong>Ex·</strong></span> 
     </span>
    </p>
   </div>
   <div class='ocr_carea' id='block_1_5' title="bbox 477 1874 1946 1923">
    <p class='ocr_par' dir='ltr' id='par_1_5' title="bbox 477 1874 1946 1923">
     <span class='ocr_line' id='line_1_39' title="bbox 477 1874 1946 1923; baseline -0.001 -7"><span class='ocrx_word' id='word_1_292' title='bbox 477 1884 555 1916; x_wconf 84' lang='lat' dir='ltr'><strong>onie</strong></span> <span class='ocrx_word' id='word_1_293' title='bbox 584 1883 787 1915; x_wconf 84' lang='lat' dir='ltr'><strong>vacancium</strong></span> <span class='ocrx_word' id='word_1_294' title='bbox 814 1886 850 1914; x_wconf 89' lang='lat' dir='ltr'><strong>et</strong></span> <span class='ocrx_word' id='word_1_295' title='bbox 875 1893 938 1923; x_wconf 92' lang='lat' dir='ltr'><strong>pro</strong></span> <span class='ocrx_word' id='word_1_296' title='bbox 964 1886 1121 1923; x_wconf 85' lang='lat' dir='ltr'><strong>tempore</strong></span> <span class='ocrx_word' id='word_1_297' title='bbox 1149 1886 1404 1921; x_wconf 81' lang='lat' dir='ltr'><strong>vacaturorum,</strong></span> <span class='ocrx_word' id='word_1_298' title='bbox 1433 1883 1593 1923; x_wconf 89' lang='lat' dir='ltr'><strong>ipsosque</strong></span> <span class='ocrx_word' id='word_1_299' title='bbox 1620 1883 1798 1923; x_wconf 86' lang='lat' dir='ltr'><strong>percipere</strong></span> <span class='ocrx_word' id='word_1_300' title='bbox 1829 1884 1866 1914; x_wconf 84' lang='lat' dir='ltr'><strong>et</strong></span> <span class='ocrx_word' id='word_1_301' title='bbox 1919 1874 1946 1903; x_wconf 5' lang='grc' dir='ltr'><strong>-μ</strong></span> 
     </span>
    </p>
   </div>
   <div class='ocr_carea' id='block_1_6' title="bbox 476 1926 1868 2288">
    <p class='ocr_par' dir='ltr' id='par_1_6' title="bbox 476 1926 1868 2279">
     <span class='ocr_line' id='line_1_40' title="bbox 476 1926 1868 1968; baseline -0.001 -8"><span class='ocrx_word' id='word_1_302' title='bbox 476 1929 615 1966; x_wconf 84' lang='lat' dir='ltr'><strong>habere,</strong></span> <span class='ocrx_word' id='word_1_303' title='bbox 633 1931 668 1959; x_wconf 89' lang='lat' dir='ltr'><strong>et</strong></span> <span class='ocrx_word' id='word_1_304' title='bbox 685 1928 722 1958; x_wconf 88' lang='lat' dir='ltr'><strong>in</strong></span> <span class='ocrx_word' id='word_1_305' title='bbox 738 1938 819 1959; x_wconf 86' lang='lat' dir='ltr'><strong>suos</strong></span> <span class='ocrx_word' id='word_1_306' title='bbox 842 1938 925 1958; x_wconf 86' lang='lat' dir='ltr'><strong>usus</strong></span> <span class='ocrx_word' id='word_1_307' title='bbox 949 1930 1161 1965; x_wconf 85' lang='lat' dir='ltr'><strong>convertere,</strong></span> <span class='ocrx_word' id='word_1_308' title='bbox 1178 1927 1223 1958; x_wconf 85' lang='lat' dir='ltr'><strong>ad</strong></span> <span class='ocrx_word' id='word_1_309' title='bbox 1247 1927 1457 1967; x_wconf 85' lang='lat' dir='ltr'><strong>Episcopum</strong></span> <span class='ocrx_word' id='word_1_310' title='bbox 1482 1927 1713 1958; x_wconf 87' lang='lat' dir='ltr'><strong>Exoniensem</strong></span> <span class='ocrx_word' id='word_1_311' title='bbox 1729 1926 1790 1968; x_wconf 87' lang='lat' dir='ltr'><strong>qui</strong></span> <span class='ocrx_word' id='word_1_312' title='bbox 1803 1936 1868 1968; x_wconf 88' lang='lat' dir='ltr'><strong>pro</strong></span> 
     </span>
     <span class='ocr_line' id='line_1_41' title="bbox 478 1971 1868 2013; baseline -0.001 -9"><span class='ocrx_word' id='word_1_313' title='bbox 478 1976 635 2013; x_wconf 84' lang='lat' dir='ltr'><strong>ternpore</strong></span> <span class='ocrx_word' id='word_1_314' title='bbox 662 1972 780 2010; x_wconf 86' lang='lat' dir='ltr'><strong>fuerit,</strong></span> <span class='ocrx_word' id='word_1_315' title='bbox 808 1972 902 2010; x_wconf 87' lang='lat' dir='ltr'><strong>dum,</strong></span> <span class='ocrx_word' id='word_1_316' title='bbox 930 1974 1059 2010; x_wconf 82' lang='lat' dir='ltr'><strong>tamen,</strong></span> <span class='ocrx_word' id='word_1_317' title='bbox 1082 1971 1191 2012; x_wconf 84' lang='lat' dir='ltr'><strong>ipsius</strong></span> <span class='ocrx_word' id='word_1_318' title='bbox 1214 1972 1433 2012; x_wconf 81' lang='lat' dir='ltr'><strong>negligencia</strong></span> <span class='ocrx_word' id='word_1_319' title='bbox 1459 1972 1496 2002; x_wconf 89' lang='lat' dir='ltr'><strong>in</strong></span> <span class='ocrx_word' id='word_1_320' title='bbox 1523 1972 1588 2003; x_wconf 82' lang='lat' dir='ltr'><strong>hac</strong></span> <span class='ocrx_word' id='word_1_321' title='bbox 1614 1973 1714 2011; x_wconf 75' lang='lat' dir='ltr'><strong>parte</strong></span> <span class='ocrx_word' id='word_1_322' title='bbox 1741 1971 1868 2003; x_wconf 82' lang='lat' dir='ltr'><strong>merito</strong></span> 
     </span>
     <span class='ocr_line' id='line_1_42' title="bbox 478 2016 1865 2056; baseline -0.001 -8"><span class='ocrx_word' id='word_1_323' title='bbox 478 2017 593 2049; x_wconf 88' lang='lat' dir='ltr'><strong>notari</strong></span> <span class='ocrx_word' id='word_1_324' title='bbox 610 2027 679 2048; x_wconf 90' lang='lat' dir='ltr'><strong>non</strong></span> <span class='ocrx_word' id='word_1_325' title='bbox 691 2016 822 2056; x_wconf 78' lang='lat' dir='ltr'><strong>possit,</strong></span> <span class='ocrx_word' id='word_1_326' title='bbox 840 2016 951 2047; x_wconf 91' lang='lat' dir='ltr'><strong>solum</strong></span> <span class='ocrx_word' id='word_1_327' title='bbox 968 2018 1004 2046; x_wconf 91' lang='lat' dir='ltr'><strong>et</strong></span> <span class='ocrx_word' id='word_1_328' title='bbox 1021 2016 1057 2046; x_wconf 92' lang='lat' dir='ltr'><strong>in</strong></span> <span class='ocrx_word' id='word_1_329' title='bbox 1074 2016 1223 2047; x_wconf 86' lang='lat' dir='ltr'><strong>solidum</strong></span> <span class='ocrx_word' id='word_1_330' title='bbox 1247 2016 1502 2056; x_wconf 88' lang='lat' dir='ltr'><strong>pertinuerunt,</strong></span> <span class='ocrx_word' id='word_1_331' title='bbox 1527 2016 1716 2056; x_wconf 88' lang='lat' dir='ltr'><strong>pertinent,</strong></span> <span class='ocrx_word' id='word_1_332' title='bbox 1733 2026 1774 2047; x_wconf 82' lang='lat' dir='ltr'><strong>ac</strong></span> <span class='ocrx_word' id='word_1_333' title='bbox 1789 2025 1865 2056; x_wconf 89' lang='lat' dir='ltr'><strong>per-</strong></span> 
     </span>
     <span class='ocr_line' id='line_1_43' title="bbox 478 2059 1867 2110; baseline -0.001 -18"><span class='ocrx_word' id='word_1_334' title='bbox 478 2062 591 2093; x_wconf 89' lang='lat' dir='ltr'><strong>tinere</strong></span> <span class='ocrx_word' id='word_1_335' title='bbox 604 2061 743 2099; x_wconf 86' lang='lat' dir='ltr'><strong>debent,</strong></span> <span class='ocrx_word' id='word_1_336' title='bbox 756 2060 936 2100; x_wconf 87' lang='lat' dir='ltr'><strong>pertinuit,</strong></span> <span class='ocrx_word' id='word_1_337' title='bbox 942 2060 1112 2110; x_wconf 85' lang='lat' dir='ltr'><strong>pertinet,</strong></span> <span class='ocrx_word' id='word_1_338' title='bbox 1130 2064 1166 2091; x_wconf 89' lang='lat' dir='ltr'><strong>et</strong></span> <span class='ocrx_word' id='word_1_339' title='bbox 1181 2060 1357 2100; x_wconf 88' lang='lat' dir='ltr'><strong>pertinere</strong></span> <span class='ocrx_word' id='word_1_340' title='bbox 1370 2060 1474 2091; x_wconf 87' lang='lat' dir='ltr'><strong>debet</strong></span> <span class='ocrx_word' id='word_1_341' title='bbox 1486 2060 1664 2100; x_wconf 87' lang='lat' dir='ltr'><strong>quodlibet</strong></span> <span class='ocrx_word' id='word_1_342' title='bbox 1676 2059 1867 2091; x_wconf 86' lang='lat' dir='ltr'><strong>eorundem</strong></span> 
     </span>
     <span class='ocr_line' id='line_1_44' title="bbox 479 2103 1867 2144; baseline -0.001 -7"><span class='ocrx_word' id='word_1_343' title='bbox 479 2105 667 2137; x_wconf 86' lang='lat' dir='ltr'><strong>similiter&#39;</strong></span> <span class='ocrx_word' id='word_1_344' title='bbox 658 2116 695 2136; x_wconf 90' lang='lat' dir='ltr'><strong>m</strong></span> <span class='ocrx_word' id='word_1_345' title='bbox 710 2105 881 2143; x_wconf 83' lang='lat' dir='ltr'><strong>futurum,</strong></span> <span class='ocrx_word' id='word_1_346' title='bbox 898 2104 1009 2135; x_wconf 89' lang='lat' dir='ltr'><strong>eciam</strong></span> <span class='ocrx_word' id='word_1_347' title='bbox 1026 2104 1174 2135; x_wconf 81' lang='lat' dir='ltr'><strong>durante</strong></span> <span class='ocrx_word' id='word_1_348' title='bbox 1191 2107 1347 2144; x_wconf 87' lang='lat' dir='ltr'><strong>tempore</strong></span> <span class='ocrx_word' id='word_1_349' title='bbox 1363 2104 1589 2136; x_wconf 79' lang='lat' dir='ltr'><strong>visitacionis</strong></span> <span class='ocrx_word' id='word_1_350' title='bbox 1613 2103 1867 2144; x_wconf 84' lang='lat' dir='ltr'><strong>Metropolitiee</strong></span> 
     </span>
     <span class='ocr_line' id='line_1_45' title="bbox 478 2147 1866 2189; baseline -0.001 -9"><span class='ocrx_word' id='word_1_351' title='bbox 478 2149 697 2182; x_wconf 79' lang='lat' dir='ltr'><strong>Venerabilis</strong></span> <span class='ocrx_word' id='word_1_352' title='bbox 713 2149 829 2180; x_wconf 81' lang='lat' dir='ltr'><strong>Patris</strong></span> <span class='ocrx_word' id='word_1_353' title='bbox 846 2149 1109 2180; x_wconf 82' lang='lat' dir='ltr'><strong>Cantuariensis</strong></span> <span class='ocrx_word' id='word_1_354' title='bbox 1125 2148 1176 2179; x_wconf 90' lang='lat' dir='ltr'><strong>Ar</strong></span> <span class='ocrx_word' id='word_1_355' title='bbox 1177 2148 1396 2189; x_wconf 73' lang='lat' dir='ltr'><strong>cfficpiscopi,</strong></span> <span class='ocrx_word' id='word_1_356' title='bbox 1414 2148 1538 2180; x_wconf 89' lang='lat' dir='ltr'><strong>Tocius</strong></span> <span class='ocrx_word' id='word_1_357' title='bbox 1551 2148 1677 2188; x_wconf 85' lang='lat' dir='ltr'><strong>Anglie</strong></span> <span class='ocrx_word' id='word_1_358' title='bbox 1690 2147 1866 2187; x_wconf 69' lang='lat' dir='ltr'><strong>Pfimatis,</strong></span> 
     </span>
     <span class='ocr_line' id='line_1_46' title="bbox 478 2191 1866 2244; baseline -0.002 -18"><span class='ocrx_word' id='word_1_359' title='bbox 478 2198 514 2226; x_wconf 89' lang='lat' dir='ltr'><strong>et</strong></span> <span class='ocrx_word' id='word_1_360' title='bbox 530 2194 729 2235; x_wconf 90' lang='lat' dir='ltr'><strong>Apostolice</strong></span> <span class='ocrx_word' id='word_1_361' title='bbox 748 2193 846 2224; x_wconf 88' lang='lat' dir='ltr'><strong>Sedis</strong></span> <span class='ocrx_word' id='word_1_362' title='bbox 861 2193 995 2233; x_wconf 78' lang='lat' dir='ltr'><strong>Legati,</strong></span> <span class='ocrx_word' id='word_1_363' title='bbox 1008 2193 1320 2244; x_wconf 79' lang='lat' dir='ltr'><strong>quocienscumque</strong></span> <span class='ocrx_word' id='word_1_364' title='bbox 1336 2203 1377 2224; x_wconf 83' lang='lat' dir='ltr'><strong>ac</strong></span> <span class='ocrx_word' id='word_1_365' title='bbox 1392 2193 1690 2233; x_wconf 77' lang='lat' dir='ltr'><strong>quandocumque,</strong></span> <span class='ocrx_word' id='word_1_366' title='bbox 1705 2194 1742 2224; x_wconf 86' lang='lat' dir='ltr'><strong>et</strong></span> <span class='ocrx_word' id='word_1_367' title='bbox 1757 2191 1866 2234; x_wconf 69' lang='lat' dir='ltr'><strong>quali-</strong></span> 
     </span>
     <span class='ocr_line' id='line_1_47' title="bbox 478 2236 1867 2288; baseline -0.001 -18"><span class='ocrx_word' id='word_1_368' title='bbox 478 2243 532 2271; x_wconf 85' lang='lat' dir='ltr'><strong>ter</strong></span> <span class='ocrx_word' id='word_1_369' title='bbox 534 2248 681 2279; x_wconf 89' lang='lat' dir='ltr'><strong>cumque</strong></span> <span class='ocrx_word' id='word_1_370' title='bbox 697 2247 775 2269; x_wconf 87' lang='lat' dir='ltr'><strong>eam</strong></span> <span class='ocrx_word' id='word_1_371' title='bbox 799 2237 987 2288; x_wconf 76' lang='lat' dir='ltr'><strong>contigerit</strong></span> <span class='ocrx_word' id='word_1_372' title='bbox 1010 2237 1184 2268; x_wconf 89' lang='lat' dir='ltr'><strong>excerceri</strong></span> <span class='ocrx_word' id='word_1_373' title='bbox 1201 2237 1237 2267; x_wconf 91' lang='lat' dir='ltr'><strong>in</strong></span> <span class='ocrx_word' id='word_1_374' title='bbox 1255 2237 1407 2268; x_wconf 76' lang='lat' dir='ltr'><strong>Civitate</strong></span> <span class='ocrx_word' id='word_1_375' title='bbox 1423 2239 1459 2268; x_wconf 87' lang='lat' dir='ltr'><strong>et</strong></span> <span class='ocrx_word' id='word_1_376' title='bbox 1475 2237 1611 2268; x_wconf 88' lang='lat' dir='ltr'><strong>Diocesi</strong></span> <span class='ocrx_word' id='word_1_377' title='bbox 1636 2236 1768 2268; x_wconf 78' lang='lat' dir='ltr'><strong>Exonie</strong></span> <span class='ocrx_word' id='word_1_378' title='bbox 1790 2246 1867 2277; x_wconf 82' lang='lat' dir='ltr'><strong>pre-</strong></span> 
     </span>
    </p>
   </div>
   <div class='ocr_carea' id='block_1_7' title="bbox 477 2280 1920 2322">
    <p class='ocr_par' dir='ltr' id='par_1_7' title="bbox 477 2280 1920 2322">
     <span class='ocr_line' id='line_1_48' title="bbox 477 2280 1920 2322; baseline -0.001 -8"><span class='ocrx_word' id='word_1_379' title='bbox 477 2283 607 2322; x_wconf 86' lang='lat' dir='ltr'><strong>libatis,</strong></span> <span class='ocrx_word' id='word_1_380' title='bbox 624 2282 696 2314; x_wconf 86' lang='lat' dir='ltr'><strong>sive</strong></span> <span class='ocrx_word' id='word_1_381' title='bbox 712 2282 883 2322; x_wconf 84' lang='lat' dir='ltr'><strong>premissa</strong></span> <span class='ocrx_word' id='word_1_382' title='bbox 898 2284 981 2312; x_wconf 79' lang='lat' dir='ltr'><strong>ante</strong></span> <span class='ocrx_word' id='word_1_383' title='bbox 997 2284 1137 2321; x_wconf 88' lang='lat' dir='ltr'><strong>tempus</strong></span> <span class='ocrx_word' id='word_1_384' title='bbox 1152 2281 1377 2312; x_wconf 85' lang='lat' dir='ltr'><strong>Visitacionis</strong></span> <span class='ocrx_word' id='word_1_385' title='bbox 1389 2281 1590 2322; x_wconf 84' lang='lat' dir='ltr'><strong>hujusmodi</strong></span> <span class='ocrx_word' id='word_1_386' title='bbox 1601 2280 1866 2322; x_wconf 59' lang='lat' dir='ltr'><strong>Metropolitum,</strong></span> <span class='ocrx_word' id='word_1_387' title='bbox 1915 2286 1920 2288; x_wconf 73' lang='grc'>’</span> 
     </span>
    </p>
   </div>
   <div class='ocr_carea' id='block_1_8' title="bbox 477 2325 1868 2588">
    <p class='ocr_par' dir='ltr' id='par_1_8' title="bbox 477 2325 1868 2588">
     <span class='ocr_line' id='line_1_49' title="bbox 478 2325 1867 2368; baseline -0.001 -10"><span class='ocrx_word' id='word_1_388' title='bbox 478 2328 550 2358; x_wconf 87' lang='lat' dir='ltr'><strong>sive</strong></span> <span class='ocrx_word' id='word_1_389' title='bbox 581 2327 657 2368; x_wconf 86' lang='lat' dir='ltr'><strong>ipsa</strong></span> <span class='ocrx_word' id='word_1_390' title='bbox 688 2326 903 2358; x_wconf 80' lang='lat' dir='ltr'><strong>Visitacione</strong></span> <span class='ocrx_word' id='word_1_391' title='bbox 929 2326 1088 2364; x_wconf 81' lang='lat' dir='ltr'><strong>durante,</strong></span> <span class='ocrx_word' id='word_1_392' title='bbox 1120 2326 1327 2357; x_wconf 89' lang='lat' dir='ltr'><strong>emerserint</strong></span> <span class='ocrx_word' id='word_1_393' title='bbox 1358 2326 1413 2356; x_wconf 87' lang='lat' dir='ltr'><strong>vel</strong></span> <span class='ocrx_word' id='word_1_394' title='bbox 1444 2326 1578 2356; x_wconf 80' lang='lat' dir='ltr'><strong>fuerint</strong></span> <span class='ocrx_word' id='word_1_395' title='bbox 1608 2325 1867 2366; x_wconf 83' lang='lat' dir='ltr'><strong>quomodolibet</strong></span> 
     </span>
     <span class='ocr_line' id='line_1_50' title="bbox 479 2369 1867 2411; baseline -0.001 -9"><span class='ocrx_word' id='word_1_396' title='bbox 479 2372 662 2410; x_wconf 75' lang='lat' dir='ltr'><strong>facienda3</strong></span> <span class='ocrx_word' id='word_1_397' title='bbox 678 2371 891 2411; x_wconf 88' lang='lat' dir='ltr'><strong>fueruntque</strong></span> <span class='ocrx_word' id='word_1_398' title='bbox 902 2370 1124 2401; x_wconf 85' lang='lat' dir='ltr'><strong>Precessores</strong></span> <span class='ocrx_word' id='word_1_399' title='bbox 1140 2372 1176 2400; x_wconf 89' lang='lat' dir='ltr'><strong>et</strong></span> <span class='ocrx_word' id='word_1_400' title='bbox 1194 2370 1460 2401; x_wconf 83' lang='lat' dir='ltr'><strong>Predecessores</strong></span> <span class='ocrx_word' id='word_1_401' title='bbox 1476 2370 1633 2410; x_wconf 78' lang='lat' dir='ltr'><strong>ejusdem</strong></span> <span class='ocrx_word' id='word_1_402' title='bbox 1647 2369 1867 2401; x_wconf 85' lang='lat' dir='ltr'><strong>Venerabilis</strong></span> 
     </span>
     <span class='ocr_line' id='line_1_51' title="bbox 478 2413 1868 2455; baseline -0.002 -8"><span class='ocrx_word' id='word_1_403' title='bbox 478 2416 603 2454; x_wconf 83' lang='lat' dir='ltr'><strong>Patris,</strong></span> <span class='ocrx_word' id='word_1_404' title='bbox 621 2415 762 2447; x_wconf 88' lang='lat' dir='ltr'><strong>Domini</strong></span> <span class='ocrx_word' id='word_1_405' title='bbox 785 2415 927 2453; x_wconf 88' lang='lat' dir='ltr'><strong>Thome,</strong></span> <span class='ocrx_word' id='word_1_406' title='bbox 953 2414 1112 2455; x_wconf 84' lang='lat' dir='ltr'><strong>Episcopi</strong></span> <span class='ocrx_word' id='word_1_407' title='bbox 1140 2414 1354 2452; x_wconf 83' lang='lat' dir='ltr'><strong>Exoniensis‚</strong></span> <span class='ocrx_word' id='word_1_408' title='bbox 1376 2424 1497 2445; x_wconf 87' lang='lat' dir='ltr'><strong>omnes</strong></span> <span class='ocrx_word' id='word_1_409' title='bbox 1522 2416 1558 2444; x_wconf 90' lang='lat' dir='ltr'><strong>et</strong></span> <span class='ocrx_word' id='word_1_410' title='bbox 1585 2413 1713 2454; x_wconf 77' lang='lat' dir='ltr'><strong>singuli</strong></span> <span class='ocrx_word' id='word_1_411' title='bbox 1729 2413 1788 2454; x_wconf 89' lang='lat' dir='ltr'><strong>qui</strong></span> <span class='ocrx_word' id='word_1_412' title='bbox 1804 2423 1868 2454; x_wconf 88' lang='lat' dir='ltr'><strong>pro</strong></span> 
     </span>
     <span class='ocr_line' id='line_1_52' title="bbox 477 2457 1867 2500; baseline -0.002 -9"><span class='ocrx_word' id='word_1_413' title='bbox 477 2464 634 2500; x_wconf 89' lang='lat' dir='ltr'><strong>tempore</strong></span> <span class='ocrx_word' id='word_1_414' title='bbox 655 2459 856 2498; x_wconf 79' lang='lat' dir='ltr'><strong>extiterant,</strong></span> <span class='ocrx_word' id='word_1_415' title='bbox 874 2469 895 2490; x_wconf 83' lang='lat' dir='ltr'><strong>a</strong></span> <span class='ocrx_word' id='word_1_416' title='bbox 910 2461 1068 2499; x_wconf 89' lang='lat' dir='ltr'><strong>tempore</strong></span> <span class='ocrx_word' id='word_1_417' title='bbox 1085 2461 1120 2489; x_wconf 87' lang='lat' dir='ltr'><strong>et</strong></span> <span class='ocrx_word' id='word_1_418' title='bbox 1136 2468 1199 2498; x_wconf 87' lang='lat' dir='ltr'><strong>per</strong></span> <span class='ocrx_word' id='word_1_419' title='bbox 1222 2461 1361 2499; x_wconf 90' lang='lat' dir='ltr'><strong>tempus</strong></span> <span class='ocrx_word' id='word_1_420' title='bbox 1385 2458 1485 2498; x_wconf 86' lang='lat' dir='ltr'><strong>cujus</strong></span> <span class='ocrx_word' id='word_1_421' title='bbox 1508 2457 1674 2489; x_wconf 74' lang='lat' dir='ltr'><strong>contrarii</strong></span> <span class='ocrx_word' id='word_1_422' title='bbox 1698 2457 1867 2489; x_wconf 78' lang='lat' dir='ltr'><strong>memoris.</strong></span> 
     </span>
     <span class='ocr_line' id='line_1_53' title="bbox 479 2502 1865 2541; baseline -0.002 -6"><span class='ocrx_word' id='word_1_423' title='bbox 479 2504 659 2535; x_wconf 85' lang='lat' dir='ltr'><strong>hominum</strong></span> <span class='ocrx_word' id='word_1_424' title='bbox 677 2514 747 2535; x_wconf 88' lang='lat' dir='ltr'><strong>non</strong></span> <span class='ocrx_word' id='word_1_425' title='bbox 763 2503 892 2541; x_wconf 82' lang='lat' dir='ltr'><strong>existit,</strong></span> <span class='ocrx_word' id='word_1_426' title='bbox 909 2513 950 2534; x_wconf 83' lang='lat' dir='ltr'><strong>ac</strong></span> <span class='ocrx_word' id='word_1_427' title='bbox 966 2503 1081 2533; x_wconf 86' lang='lat' dir='ltr'><strong>dictus</strong></span> <span class='ocrx_word' id='word_1_428' title='bbox 1105 2502 1276 2534; x_wconf 89' lang='lat' dir='ltr'><strong>Dominus</strong></span> <span class='ocrx_word' id='word_1_429' title='bbox 1299 2502 1458 2540; x_wconf 83' lang='lat' dir='ltr'><strong>Thomas,</strong></span> <span class='ocrx_word' id='word_1_430' title='bbox 1475 2505 1554 2539; x_wconf 63' lang='lat' dir='ltr'><strong>etc„</strong></span> <span class='ocrx_word' id='word_1_431' title='bbox 1571 2502 1741 2534; x_wconf 89' lang='lat' dir='ltr'><strong>Dominus</strong></span> <span class='ocrx_word' id='word_1_432' title='bbox 1756 2511 1865 2540; x_wconf 86' lang='lat' dir='ltr'><strong>meus,</strong></span> 
     </span>
     <span class='ocr_line' id='line_1_54' title="bbox 478 2546 1864 2588; baseline -0.002 -8"><span class='ocrx_word' id='word_1_433' title='bbox 478 2553 552 2580; x_wconf 88' lang='lat' dir='ltr'><strong>toto</strong></span> <span class='ocrx_word' id='word_1_434' title='bbox 565 2551 722 2588; x_wconf 87' lang='lat' dir='ltr'><strong>tempore</strong></span> <span class='ocrx_word' id='word_1_435' title='bbox 739 2558 800 2578; x_wconf 91' lang='lat' dir='ltr'><strong>suo</strong></span> <span class='ocrx_word' id='word_1_436' title='bbox 817 2547 935 2578; x_wconf 87' lang='lat' dir='ltr'><strong>extitit</strong></span> <span class='ocrx_word' id='word_1_437' title='bbox 951 2549 986 2578; x_wconf 90' lang='lat' dir='ltr'><strong>et</strong></span> <span class='ocrx_word' id='word_1_438' title='bbox 1003 2547 1196 2587; x_wconf 76' lang='lat' dir='ltr'><strong>permansit</strong></span> <span class='ocrx_word' id='word_1_439' title='bbox 1213 2547 1250 2577; x_wconf 89' lang='lat' dir='ltr'><strong>in</strong></span> <span class='ocrx_word' id='word_1_440' title='bbox 1265 2547 1492 2587; x_wconf 86' lang='lat' dir='ltr'><strong>possessione,</strong></span> <span class='ocrx_word' id='word_1_441' title='bbox 1508 2546 1562 2577; x_wconf 87' lang='lat' dir='ltr'><strong>vel</strong></span> <span class='ocrx_word' id='word_1_442' title='bbox 1579 2546 1688 2587; x_wconf 82' lang='lat' dir='ltr'><strong>quasi,</strong></span> <span class='ocrx_word' id='word_1_443' title='bbox 1704 2546 1794 2588; x_wconf 83' lang='lat' dir='ltr'><strong>juris</strong></span> <span class='ocrx_word' id='word_1_444' title='bbox 1808 2555 1864 2577; x_wconf 80' lang='lat' dir='ltr'><strong>ex-</strong></span> 
     </span>
    </p>
   </div>
   <div class='ocr_carea' id='block_1_9' title="bbox 477 2589 1937 2633">
    <p class='ocr_par' dir='ltr' id='par_1_9' title="bbox 477 2589 1937 2633">
     <span class='ocr_line' id='line_1_55' title="bbox 477 2589 1937 2633; baseline -0.002 -9"><span class='ocrx_word' id='word_1_445' title='bbox 477 2592 647 2630; x_wconf 88' lang='lat' dir='ltr'><strong>cercendi,</strong></span> <span class='ocrx_word' id='word_1_446' title='bbox 672 2591 835 2629; x_wconf 83' lang='lat' dir='ltr'><strong>faciendi,</strong></span> <span class='ocrx_word' id='word_1_447' title='bbox 853 2594 888 2622; x_wconf 90' lang='lat' dir='ltr'><strong>et</strong></span> <span class='ocrx_word' id='word_1_448' title='bbox 904 2591 1110 2631; x_wconf 89' lang='lat' dir='ltr'><strong>expediendi</strong></span> <span class='ocrx_word' id='word_1_449' title='bbox 1127 2591 1246 2622; x_wconf 86' lang='lat' dir='ltr'><strong>omnia</strong></span> <span class='ocrx_word' id='word_1_450' title='bbox 1261 2594 1298 2622; x_wconf 89' lang='lat' dir='ltr'><strong>et</strong></span> <span class='ocrx_word' id='word_1_451' title='bbox 1314 2591 1453 2630; x_wconf 73' lang='lat' dir='ltr'><strong>sing-ula</strong></span> <span class='ocrx_word' id='word_1_452' title='bbox 1476 2590 1648 2631; x_wconf 86' lang='lat' dir='ltr'><strong>premissa</strong></span> <span class='ocrx_word' id='word_1_453' title='bbox 1670 2589 1774 2622; x_wconf 88' lang='lat' dir='ltr'><strong>modo</strong></span> <span class='ocrx_word' id='word_1_454' title='bbox 1796 2599 1866 2631; x_wconf 86' lang='lat' dir='ltr'><strong>qno</strong></span> <span class='ocrx_word' id='word_1_455' title='bbox 1918 2591 1937 2633; x_wconf 42' lang='grc' dir='ltr'><em>ᾗ</em></span> 
     </span>
    </p>
   </div>
   <div class='ocr_carea' id='block_1_10' title="bbox 475 2616 1867 2941">
    <p class='ocr_par' dir='ltr' id='par_1_10' title="bbox 475 2616 1867 2941">
     <span class='ocr_line' id='line_1_56' title="bbox 478 2616 1864 2678; baseline -0.002 -10"><span class='ocrx_word' id='word_1_456' title='bbox 478 2637 664 2678; x_wconf 78' lang='lat' dir='ltr'><strong>prefertur,</strong></span> <span class='ocrx_word' id='word_1_457' title='bbox 682 2636 794 2668; x_wconf 85' lang='lat' dir='ltr'><strong>eciam</strong></span> <span class='ocrx_word' id='word_1_458' title='bbox 818 2616 967 2669; x_wconf 82' lang='lat' dir='ltr'><strong>durante</strong></span> <span class='ocrx_word' id='word_1_459' title='bbox 992 2635 1206 2666; x_wconf 88' lang='lat' dir='ltr'><strong>Visitacione</strong></span> <span class='ocrx_word' id='word_1_460' title='bbox 1232 2635 1488 2675; x_wconf 82' lang='lat' dir='ltr'><strong>Metropolitiea</strong></span> <span class='ocrx_word' id='word_1_461' title='bbox 1511 2635 1765 2675; x_wconf 57' lang='lat' dir='ltr'><strong>superam-imm</strong></span> <span class='ocrx_word' id='word_1_462' title='bbox 1789 2643 1864 2675; x_wconf 85' lang='lat' dir='ltr'><strong>pre·</strong></span> 
     </span>
     <span class='ocr_line' id='line_1_57' title="bbox 478 2677 1866 2721; baseline -0.002 -9"><span class='ocrx_word' id='word_1_463' title='bbox 478 2682 651 2721; x_wconf 81' lang='lat' dir='ltr'><strong>missaque</strong></span> <span class='ocrx_word' id='word_1_464' title='bbox 668 2681 785 2711; x_wconf 79' lang='lat' dir='ltr'><strong>omnia</strong></span> <span class='ocrx_word' id='word_1_465' title='bbox 801 2685 836 2710; x_wconf 89' lang='lat' dir='ltr'><strong>et</strong></span> <span class='ocrx_word' id='word_1_466' title='bbox 860 2679 997 2718; x_wconf 73' lang='lat' dir='ltr'><strong>singula</strong></span> <span class='ocrx_word' id='word_1_467' title='bbox 1013 2681 1244 2710; x_wconf 77' lang='lat' dir='ltr'><strong>exercuerunt</strong></span> <span class='ocrx_word' id='word_1_468' title='bbox 1261 2682 1297 2710; x_wconf 88' lang='lat' dir='ltr'><strong>‹t</strong></span> <span class='ocrx_word' id='word_1_469' title='bbox 1323 2678 1494 2716; x_wconf 80' lang='lat' dir='ltr'><strong>fecerunt,</strong></span> <span class='ocrx_word' id='word_1_470' title='bbox 1511 2678 1687 2710; x_wconf 64' lang='lat' dir='ltr'><strong>excercuit</strong></span> <span class='ocrx_word' id='word_1_471' title='bbox 1709 2682 1746 2710; x_wconf 87' lang='lat' dir='ltr'><strong>et</strong></span> <span class='ocrx_word' id='word_1_472' title='bbox 1768 2677 1866 2716; x_wconf 76' lang='lat' dir='ltr'><strong>fecit,</strong></span> 
     </span>
     <span class='ocr_line' id='line_1_58' title="bbox 477 2722 1865 2765; baseline -0.002 -9"><span class='ocrx_word' id='word_1_473' title='bbox 477 2735 726 2765; x_wconf 71' lang='lat' dir='ltr'><strong>‹xeercereque</strong></span> <span class='ocrx_word' id='word_1_474' title='bbox 750 2726 786 2755; x_wconf 82' lang='lat' dir='ltr'><strong>et</strong></span> <span class='ocrx_word' id='word_1_475' title='bbox 810 2724 926 2755; x_wconf 75' lang='lat' dir='ltr'><strong>facere</strong></span> <span class='ocrx_word' id='word_1_476' title='bbox 943 2724 1115 2754; x_wconf 59' lang='lat' dir='ltr'><strong>excerceri</strong></span> <span class='ocrx_word' id='word_1_477' title='bbox 1139 2733 1202 2763; x_wconf 79' lang='lat' dir='ltr'><strong>per</strong></span> <span class='ocrx_word' id='word_1_478' title='bbox 1224 2723 1310 2754; x_wconf 76' lang='lat' dir='ltr'><strong>alios</strong></span> <span class='ocrx_word' id='word_1_479' title='bbox 1333 2726 1599 2761; x_wconf 79' lang='lat' dir='ltr'><strong>consnev‚erunt</strong></span> <span class='ocrx_word' id='word_1_480' title='bbox 1623 2726 1659 2753; x_wconf 79' lang='lat' dir='ltr'><strong>ct</strong></span> <span class='ocrx_word' id='word_1_481' title='bbox 1684 2722 1865 2754; x_wconf 82' lang='lat' dir='ltr'><strong>consuevit</strong></span> 
     </span>
     <span class='ocr_line' id='line_1_59' title="bbox 476 2766 1865 2810; baseline -0.002 -10"><span class='ocrx_word' id='word_1_482' title='bbox 476 2770 622 2810; x_wconf 85' lang='lat' dir='ltr'><strong>quilibet</strong></span> <span class='ocrx_word' id='word_1_483' title='bbox 645 2769 846 2806; x_wconf 84' lang='lat' dir='ltr'><strong>eorundem,</strong></span> <span class='ocrx_word' id='word_1_484' title='bbox 871 2778 933 2808; x_wconf 86' lang='lat' dir='ltr'><strong>per</strong></span> <span class='ocrx_word' id='word_1_485' title='bbox 955 2771 1114 2808; x_wconf 80' lang='lat' dir='ltr'><strong>tempora</strong></span> <span class='ocrx_word' id='word_1_486' title='bbox 1140 2767 1321 2808; x_wconf 77' lang='lat' dir='ltr'><strong>prelibata,</strong></span> <span class='ocrx_word' id='word_1_487' title='bbox 1347 2767 1457 2798; x_wconf 78' lang='lat' dir='ltr'><strong>eciam</strong></span> <span class='ocrx_word' id='word_1_488' title='bbox 1479 2767 1628 2798; x_wconf 75' lang='lat' dir='ltr'><strong>dumnte</strong></span> <span class='ocrx_word' id='word_1_489' title='bbox 1651 2766 1865 2798; x_wconf 77' lang='lat' dir='ltr'><strong>Visitacione</strong></span> 
     </span>
     <span class='ocr_line' id='line_1_60' title="bbox 479 2811 1862 2853; baseline -0.002 -9"><span class='ocrx_word' id='word_1_490' title='bbox 479 2813 742 2853; x_wconf 73' lang='lat' dir='ltr'><strong>Metropoliticn‚</strong></span> <span class='ocrx_word' id='word_1_491' title='bbox 759 2822 867 2852; x_wconf 83' lang='lat' dir='ltr'><strong>usque</strong></span> <span class='ocrx_word' id='word_1_492' title='bbox 883 2812 927 2843; x_wconf 80' lang='lat' dir='ltr'><strong>ad</strong></span> <span class='ocrx_word' id='word_1_493' title='bbox 944 2816 1083 2852; x_wconf 86' lang='lat' dir='ltr'><strong>tempus</strong></span> <span class='ocrx_word' id='word_1_494' title='bbox 1107 2812 1350 2851; x_wconf 73' lang='lat' dir='ltr'><strong>gravaminum</strong></span> <span class='ocrx_word' id='word_1_495' title='bbox 1367 2821 1429 2851; x_wconf 84' lang='lat' dir='ltr'><strong>per</strong></span> <span class='ocrx_word' id='word_1_496' title='bbox 1444 2811 1710 2851; x_wconf 81' lang='lat' dir='ltr'><strong>infrascriptum</strong></span> <span class='ocrx_word' id='word_1_497' title='bbox 1734 2811 1862 2842; x_wconf 83' lang='lat' dir='ltr'><strong>Cantu-</strong></span> 
     </span>
     <span class='ocr_line' id='line_1_61' title="bbox 475 2855 1866 2897; baseline -0.002 -9"><span class='ocrx_word' id='word_1_498' title='bbox 475 2859 648 2889; x_wconf 83' lang='lat' dir='ltr'><strong>ariensem</strong></span> <span class='ocrx_word' id='word_1_499' title='bbox 664 2857 974 2897; x_wconf 76' lang='lat' dir='ltr'><strong>Archiepiscopum</strong></span> <span class='ocrx_word' id='word_1_500' title='bbox 991 2856 1105 2887; x_wconf 87' lang='lat' dir='ltr'><strong>eidem</strong></span> <span class='ocrx_word' id='word_1_501' title='bbox 1123 2856 1271 2887; x_wconf 88' lang='lat' dir='ltr'><strong>Domino</strong></span> <span class='ocrx_word' id='word_1_502' title='bbox 1288 2855 1474 2887; x_wconf 81' lang='lat' dir='ltr'><strong>Exoniensi</strong></span> <span class='ocrx_word' id='word_1_503' title='bbox 1496 2855 1665 2895; x_wconf 79' lang='lat' dir='ltr'><strong>Episcopo</strong></span> <span class='ocrx_word' id='word_1_504' title='bbox 1683 2863 1866 2895; x_wconf 79' lang='lat' dir='ltr'><strong>perperam</strong></span> 
     </span>
     <span class='ocr_line' id='line_1_62' title="bbox 476 2899 1867 2941; baseline -0.002 -8"><span class='ocrx_word' id='word_1_505' title='bbox 476 2902 663 2940; x_wconf 78' lang='lat' dir='ltr'><strong>illatorum,</strong></span> <span class='ocrx_word' id='word_1_506' title='bbox 677 2901 820 2941; x_wconf 80' lang='lat' dir='ltr'><strong>pacifice</strong></span> <span class='ocrx_word' id='word_1_507' title='bbox 832 2904 868 2932; x_wconf 91' lang='lat' dir='ltr'><strong>et</strong></span> <span class='ocrx_word' id='word_1_508' title='bbox 880 2901 998 2941; x_wconf 85' lang='lat' dir='ltr'><strong>quiete</strong></span> <span class='ocrx_word' id='word_1_509' title='bbox 1011 2915 1019 2939; x_wconf 90' lang='lat'>;</span> <span class='ocrx_word' id='word_1_510' title='bbox 1036 2910 1102 2940; x_wconf 90' lang='lat' dir='ltr'><strong>que</strong></span> <span class='ocrx_word' id='word_1_511' title='bbox 1118 2900 1235 2931; x_wconf 79' lang='lat' dir='ltr'><strong>omnia</strong></span> <span class='ocrx_word' id='word_1_512' title='bbox 1247 2899 1391 2931; x_wconf 77' lang='lat' dir='ltr'><strong>fuerunt</strong></span> <span class='ocrx_word' id='word_1_513' title='bbox 1404 2909 1425 2931; x_wconf 79' lang='lat' dir='ltr'><strong>a</strong></span> <span class='ocrx_word' id='word_1_514' title='bbox 1437 2902 1594 2940; x_wconf 85' lang='lat' dir='ltr'><strong>tempore</strong></span> <span class='ocrx_word' id='word_1_515' title='bbox 1604 2905 1640 2930; x_wconf 80' lang='lat' dir='ltr'><strong>st</strong></span> <span class='ocrx_word' id='word_1_516' title='bbox 1652 2908 1716 2939; x_wconf 84' lang='lat' dir='ltr'><strong>per</strong></span> <span class='ocrx_word' id='word_1_517' title='bbox 1726 2902 1867 2940; x_wconf 75' lang='lat' dir='ltr'><strong>tempus</strong></span> 
     </span>
    </p>
   </div>
   <div class='ocr_carea' id='block_1_11' title="bbox 1915 0 1988 801">
    <p class='ocr_par' dir='ltr' id='par_1_11' title="bbox 1915 0 1988 801">
     <span class='ocr_line' id='line_1_63' title="bbox 1915 0 1988 801; baseline 0 2455"><span class='ocrx_word' id='word_1_518' title='bbox 1915 0 1988 801; x_wconf 95' lang='lat' dir='ltr'><strong> </strong></span> 
     </span>
    </p>
   </div>
   <div class='ocr_carea' id='block_1_12' title="bbox 1863 830 1988 3256">
    <p class='ocr_par' dir='ltr' id='par_1_12' title="bbox 1863 830 1988 3256">
     <span class='ocr_line' id='line_1_64' title="bbox 1939 830 1988 1089; baseline 0 -162"><span class='ocrx_word' id='word_1_519' title='bbox 1939 830 1988 1089; x_wconf 95' lang='lat' dir='ltr'><strong>    </strong></span> 
     </span>
     <span class='ocr_line' id='line_1_65' title="bbox 1939 1089 1988 1335; baseline 0 -6"><span class='ocrx_word' id='word_1_520' title='bbox 1939 1089 1988 1335; x_wconf 95' lang='lat' dir='ltr'><strong>    </strong></span> 
     </span>
     <span class='ocr_line' id='line_1_66' title="bbox 1939 1335 1988 1399; baseline 0 1857"><span class='ocrx_word' id='word_1_521' title='bbox 1939 1335 1988 1399; x_wconf 95' lang='lat' dir='ltr'><strong> </strong></span> 
     </span>
     <span class='ocr_line' id='line_1_67' title="bbox 1939 1399 1988 1553; baseline 0 -95"><span class='ocrx_word' id='word_1_522' title='bbox 1939 1399 1988 1553; x_wconf 95' lang='lat' dir='ltr'><strong>  </strong></span> 
     </span>
     <span class='ocr_line' id='line_1_68' title="bbox 1939 1553 1988 1730; baseline 0 -4"><span class='ocrx_word' id='word_1_523' title='bbox 1939 1553 1988 1730; x_wconf 95' lang='lat' dir='ltr'><strong>    </strong></span> 
     </span>
     <span class='ocr_line' id='line_1_69' title="bbox 1938 1730 1988 1907; baseline 0 0"><span class='ocrx_word' id='word_1_524' title='bbox 1938 1730 1988 1907; x_wconf 95' lang='lat' dir='ltr'><strong>   </strong></span> 
     </span>
     <span class='ocr_line' id='line_1_70' title="bbox 1935 1907 1988 2039; baseline 0 0"><span class='ocrx_word' id='word_1_525' title='bbox 1935 1907 1988 2039; x_wconf 95' lang='lat' dir='ltr'><strong>   </strong></span> 
     </span>
     <span class='ocr_line' id='line_1_71' title="bbox 1927 2039 1988 2209; baseline 0 -89"><span class='ocrx_word' id='word_1_526' title='bbox 1927 2039 1988 2209; x_wconf 95' lang='lat' dir='ltr'><strong>   </strong></span> 
     </span>
     <span class='ocr_line' id='line_1_72' title="bbox 1922 2209 1988 2476; baseline 0 -86"><span class='ocrx_word' id='word_1_527' title='bbox 1922 2209 1988 2476; x_wconf 95' lang='lat' dir='ltr'><strong>    </strong></span> 
     </span>
     <span class='ocr_line' id='line_1_73' title="bbox 1918 2476 1988 2652; baseline 0 -84"><span class='ocrx_word' id='word_1_528' title='bbox 1918 2476 1988 2652; x_wconf 95' lang='lat' dir='ltr'><strong>    </strong></span> 
     </span>
     <span class='ocr_line' id='line_1_74' title="bbox 1912 2652 1988 2918; baseline 0 -85"><span class='ocrx_word' id='word_1_529' title='bbox 1912 2652 1988 2918; x_wconf 95' lang='lat' dir='ltr'><strong>    </strong></span> 
     </span>
     <span class='ocr_line' id='line_1_75' title="bbox 1863 2918 1988 3256; baseline 0 -294"><span class='ocrx_word' id='word_1_530' title='bbox 1863 2918 1988 3256; x_wconf 95' lang='lat' dir='ltr'><strong>  </strong></span> 
     </span>
    </p>
   </div>
  </div>
 </body>
</html>
