1988 3256
323 359 417 405 288
525 372 627 405 THE
662 373 905 408 REGISTER.
942 374 1003 408 OF
1038 375 1219 409 BISHOP
1253 375 1657 414 BRANTYNGHAM.

320 467 620 528 ‘135713's0nalem
637 483 805 515 dictorum
828 484 951 515 Vicarii
974 488 1010 516 et
1030 485 1317 526 parochianorum,
1340 485 1558 517 Presentibus
1579 485 1808 526 apposuimus,
1826 479 1862 517 in

328 522 430 564 v01,‘1,
471 524 572 556 fidem
588 531 623 557 et
640 527 870 558 testimouium
888 528 1039 560 omnium
1058 529 1453 570 premissorum.-——Data,
1467 539 1535 571 quo
1546 530 1587 560 ad
1605 540 1676 569 nos,
1692 529 1859 561 Abbatem

471 571 505 599 et
525 570 749 611 conventum,
760 571 793 602 iu
813 571 921 602 Domo
934 576 1049 603 nostra
1066 572 1251 614 Capitulari
1266 573 1308 604 de
1323 573 1435 612 Torre,
1450 573 1532 614 iiijw
1547 573 1601 605 die
1623 573 1746 604 mensis
1761 573 1861 605 Octo·
1911 609 1915 612 ,

472 612 550 652 bris,
566 614 645 646 A.D.
662 615 720 645 M0.
738 615 867 647 CCCm⁰
880 614 1013 657 lxxide,
1053 616 1127 655 Quo
1143 617 1184 647 ad
1202 627 1270 656 nos,
1285 627 1370 656 vere,
1385 617 1599 658 parochianos
1614 617 1703 648 dicte
1717 616 1861 648 Ecclesie

471 657 626 697 superius
641 658 840 698 nominatos,
858 670 895 690 ac
914 659 1072 691 Maiorem
1088 664 1124 692 et
1140 660 1428 700 Communitatein
1453 660 1544 692 dicte
1565 660 1652 692 ville
1675 661 1717 692 de
1742 661 1858 691 Dei-te-

471 700 600 740 muthe,
619 700 668 731 vt0
684 702 738 732 die
755 703 876 733 mensis
894 703 1057 742 Octobris,
1075 704 1173 735 Auno
1196 704 1333 735 Domini
1356 703 1556 745 supradicto
1608 705 1652 735 Et
1668 714 1737 744 nos,
1755 703 1861 735 Maior

470 748 505 775 et
521 747 595 776 tota
612 745 845 777 Commuuitas
871 747 961 778 dicte
982 747 1068 778 Ville
1091 748 1132 779 de
1159 747 1390 787 Dertemuthe,
1406 747 1587 789 probando,
1604 747 1808 787 ratificando,
1824 749 1861 779 et

471 788 699 820 confirmando
715 790 827 821 omnia
842 794 878 821 et
892 791 1022 830 singula
1047 791 1207 830 premissa
1229 794 1264 823 et
1286 792 1439 833 superius
1462 792 1610 829 recitata,
1626 795 1796 832 quatenus
1816 790 1859 822 ad

472 842 532 863 nos
547 832 681 872 attinet,
699 833 828 864 dictum
845 834 993 874 sigillum
1010 838 1164 866 nostrum
1182 846 1239 876 per
1253 835 1361 866 dictos
1378 835 1593 876 parochianos
1609 835 1860 876 prenominatos

473 876 689 907 Preseutibus
701 877 927 918 apposuimus,
944 878 978 909 in
994 878 1093 910 fidem
1109 883 1144 910 et
1162 879 1394 911 testimonium
1412 879 1658 919 premissorum.
1691 877 1736 918 [A
1747 877 1858 920 dupli—

471 923 544 951 cate
567 930 651 960 copy
675 920 710 951 of
732 931 752 951 a
775 924 852 961 part
874 922 909 952 of
932 922 1000 953 this
1025 922 1216 954 Document
1241 923 1438 962 (extending
1459 922 1547 953 from
1571 922 1630 953 the
1653 921 1797 953 asterisk
1813 931 1858 954 on

470 973 554 1003 page
577 964 652 1000 287,
679 964 746 995 line
763 965 791 1004 5,
811 969 847 996 to
870 965 928 996 the
951 965 1030 1006 end)
1059 966 1126 998 will
1149 966 1190 998 be
1213 966 1319 998 found
1342 966 1376 997 in
1392 965 1468 998 Vol.
1486 966 1521 997 II
1545 966 1580 997 of
1602 965 1672 997 this
1695 965 1859 1006 Regiam,

473 1007 606 1038 written
629 1018 673 1039 on
696 1019 715 1039 a
738 1008 817 1039 folio
840 1008 953 1040 bound
980 1020 1026 1050 up
1050 1010 1131 1041 with
1155 1009 1213 1041 the
1241 1010 1390 1049 Register
1413 1009 1448 1040 oi
1471 1009 1721 1046 Commissious,
1738 1013 1776 1040 at
1798 1009 1858 1040 the

472 1051 654 1092 beginning
669 1051 811 1087 thereot'.
827 1053 894 1084 and
910 1054 1095 1084 numbered
1112 1063 1148 1085 as
1163 1053 1220 1084 fol.
1241 1055 1270 1085 4.
1317 1053 1352 1085 It
1374 1054 1402 1084 is
1417 1053 1572 1084 followed
1589 1053 1632 1094 by
1649 1064 1669 1084 a
1691 1052 1857 1094 complete

470 1105 554 1136 copy
571 1095 606 1126 of
621 1095 680 1126 the
697 1095 716 1110 “
728 1096 898 1136 Obligacio
916 1097 1067 1137 Abbatis,
1084 1097 1181 1135 etc.,’'
1198 1107 1240 1128 on
1257 1097 1315 1128 fol.
1333 1096 1401 1137 4b.]

315 1161 379 1194 [f⁰¹·
423 1161 679 1212 1—Obli9act‘o
698 1163 858 1201 Abbatis
883 1170 917 1200 et
945 1163 1160 1202 Conventus
1184 1164 1230 1201 de
1257 1164 1376 1201 Terre
1401 1174 1474 1212 pro
1497 1162 1706 1211 presbitero
1724 1162 1768 1200 in
1789 1162 1859 1200 Ec·

317 1197 373 1227 30']
480 1216 591 1254 cle-sia
612 1217 657 1254 de
677 1217 948 1255 Derthemuthe
965 1218 1259 1264 inveniendo‚-—
1539 1250 1541 1252 .

427 1271 645 1302 Presentibus
661 1271 817 1303 noverint
832 1272 981 1303 universi
997 1283 1066 1311 nos,
1084 1272 1237 1304 Fratrem
1258 1272 1278 1303 J
1282 1271 1449 1303 ohannem
1464 1272 1506 1302 de
1523 1271 1728 1311 Berkedone,
1746 1270 1856 1303 Abba-

471 1318 542 1346 tem
559 1315 753 1346 Mouasterii
768 1315 810 1346 de
826 1316 938 1355 Terre,
956 1316 1092 1347 Ordinis
1105 1315 1436 1354 Premonstratensis,
1452 1318 1488 1346 et
1502 1314 1654 1356 ejusdem
1674 1314 1752 1346 Loci
1768 1314 1855 1347 Con-

472 1362 623 1397 ventum,
639 1359 746 1390 teneri
762 1362 796 1390 et
813 1359 951 1399 obligari
974 1359 1114 1391 firmiter
1138 1370 1196 1400 per
1218 1360 1394 1391 Presentes
1412 1359 1454 1390 ad
1476 1358 1716 1390 inveniendum
1734 1358 1855 1399 imper·

474 1406 627 1442 petuum,
645 1402 839 1443 sumptibus
861 1403 985 1434 nostris
1002 1403 1152 1444 propriis,
1170 1413 1277 1434 uuum
1295 1403 1514 1443 Capelianum
1537 1402 1707 1441 idoneum,
1723 1401 1855 1441 cotidie,

317 1446 375 1477 [fol.
469 1446 619 1486 legitimo
642 1446 883 1486 impedimento
906 1451 1065 1487 cessante,
1090 1447 1213 1478 Divina.
1234 1446 1482 1478 celebraturum
1505 1446 1540 1477 in
1557 1446 1702 1487 quadam
1720 1445 1856 1487 Capella

317 1481 393 1512 3⁰¹¹]
469 1490 601 1521 noviter
616 1489 651 1521 iu
667 1490 755 1521 Villa
770 1490 812 1521 de
834 1490 992 1531 Clyftone
1007 1490 1243 1530 Dertemuthe,
1265 1501 1322 1531 per
1332 1490 1573 1530 venerabilem,
1586 1493 1662 1528 etc.,·
1681 1489 1855 1529 Tliomam,

469 1537 544 1573 etc„
562 1533 639 1565 Loci
655 1533 880 1573 ordinarium,
897 1534 1058 1566 dedicata.
1105 1535 1158 1565 Ad
1170 1545 1282 1576 quem,
1299 1533 1447 1575 quidem,
1465 1533 1683 1574 Capelianum
1699 1536 1854 1574 sumptu-

470 1578 532 1608 bus
556 1577 679 1608 nostris
702 1581 737 1608 et
762 1578 955 1609 Monasterii
978 1578 1093 1618 nostri,
1119 1582 1160 1609 ut
1186 1578 1378 1619 predicitur,
1402 1577 1643 1608 inveniendum
1666 1576 1855 1617 obligamus

471 1631 531 1652 nos
547 1624 583 1652 et
597 1631 801 1652 successores
817 1625 958 1660 nostros,
975 1621 1058 1653 adeo
1073 1622 1174 1663 quod,
1191 1622 1219 1653 si
1241 1621 1377 1662 quando
1399 1625 1435 1652 et
1457 1620 1736 1662 quandocumque
1752 1630 1855 1652 cessa-

470 1669 544 1696 tum
568 1664 674 1696 fuerit
695 1675 714 1696 a
739 1665 971 1697 celebracione
996 1665 1196 1697 Divinorum
1218 1665 1252 1696 iu
1277 1665 1411 1706 Capella
1433 1664 1591 1705 predicta,
1618 1664 1717 1704 culpa
1742 1667 1856 1695 nostra

469 1709 520 1739 vel
544 1718 773 1740 successorum
797 1712 998 1749 nostrorum,
1015 1719 1131 1740 omnes
1154 1709 1282 1740 decime
1305 1709 1347 1740 ad
1371 1708 1553 1740 Ecclesiam
1569 1707 1797 1739 Parochialem
1812 1708 1855 1739 de
1903 1750 1906 1751 ⁷

469 1752 663 1784 Tounstalle
679 1751 906 1793 [spectantes]‚
924 1753 1020 1784 nobis
1035 1756 1070 1783 et
1087 1753 1289 1784 Monasterio
1301 1756 1415 1783 nostro
1431 1752 1652 1793 appropriate,
1667 1751 1740 1792 ipso
1755 1751 1855 1791 facto,

470 1796 672 1827 auctoritate
688 1796 911 1836 Presencium,
924 1796 960 1827 in
977 1796 1133 1828 manibus
1144 1796 1352 1828 Venerabilis
1370 1796 1488 1833 Patris,
1505 1795 1643 1826 Domini
1660 1794 1855 1827 Exoniensis

471 1839 623 1881 predicti,
652 1840 704 1870 vel
732 1839 969 1871 Successorum
996 1850 1135 1871 suorum
1162 1841 1223 1881 qui
1249 1850 1309 1881 pro
1335 1843 1487 1880 tempore
1520 1842 1633 1878 erunt,
1661 1841 1858 1870 remaneant

470 1886 687 1924 sequestrate,
705 1893 882 1924 quousque
898 1894 968 1923 nos,
986 1884 1038 1915 vel
1054 1894 1258 1915 successores
1281 1883 1398 1922 nostri,
1414 1882 1624 1922 solverimus,
1641 1892 1701 1923 pro
1715 1881 1857 1923 singulis

469 1927 711 1958 cessacionibus
727 1926 923 1968 hujusmodi
939 1939 959 1958 a
976 1927 1116 1966 Divinis,
1130 1927 1248 1958 Maiori
1263 1930 1298 1958 et
1315 1926 1561 1958 communitati
1577 1925 1664 1957 Ville
1679 1926 1721 1956 de
1737 1925 1854 1957 Dei-te-

468 1971 588 2002 muthe
604 1974 742 2001 centum
766 1970 888 2001 solidos
911 1970 1150 2010 sterlingorum
1174 1971 1216 2001 de
1239 1970 1376 2001 decimis
1393 1969 1596 2008 antedictis3
1618 1969 1710 2000 salvo
1724 1979 1856 2010 semper

468 2014 712 2054 impedimento
737 2014 895 2055 predicto.
944 2015 990 2045 Et
1016 2024 1085 2053 uos,
1114 2014 1230 2045 Frater
1253 2013 1433 2053 Johannes,
1458 2013 1571 2044 Abbas
1594 2012 1773 2054 predictus,
1797 2022 1857 2054 pro

470 2056 596 2099 majore
610 2058 791 2089 securitate
803 2057 1040 2098 premissorum
1054 2058 1198 2089 fideliter
1209 2057 1502 2096 observandorum,
1517 2056 1758 2097 promittimus,
1771 2056 1858 2087 bona

470 2102 544 2140 fide,
569 2102 660 2142 quod
684 2111 745 2132 nos
767 2101 1003 2132 adhibebimus
1026 2111 1161 2132 omnem
1185 2100 1394 2142 diligenciam
1418 2105 1568 2131 nostram
1591 2099 1792 2141 possibilem,
1814 2101 1857 2131 ut

469 2155 606 2186 presens
622 2144 793 2185 Obligacio
817 2155 874 2186 per
896 2144 1094 2186 Capitulum
1111 2149 1264 2175 nostrum
1282 2144 1442 2185 generale,
1459 2143 1665 2184 quamcicius
1682 2142 1857 2174 commode

468 2189 664 2230 poterimus,
691 2188 1054 2220 confirmetur.-Data
1085 2188 1120 2219 in
1156 2188 1265 2219 Domo
1295 2194 1411 2219 nostra
1446 2186 1633 2228 capitulari
1665 2187 1709 2218 de
1741 2186 1854 2226 Terre,

467 2232 522 2263 die
544 2232 640 2264 Jovis
664 2232 816 2273 proximo
839 2235 918 2273 post
941 2232 1079 2263 Festum
1103 2231 1345 2263 Translacionis
1368 2230 1484 2263 Sancti
1507 2230 1673 2270 Edwuffl,
1694 2229 1794 2271 Regis
1818 2232 1855 2261 et

467 2276 686 2315 Confessoris,
703 2275 787 2308 AJ).
806 2275 868 2308 M0.
886 2275 1018 2308 CCCmo
1033 2275 1281 2317 septuagesimo
1303 2275 1460 2307 secundo.

311 2344 388 2413 §gg-1
423 2346 883 2398 Letters-Dimissory,—

366 2399 373 2406 ’
422 2401 611 2433 -Riehard
634 2400 827 2433 Madeforde
849 2401 917 2432 and
939 2400 1083 2433 Richard
1108 2400 1263 2432 Patriche
1278 2399 1347 2440 (fol.
1365 2399 1432 2440 32),
1447 2398 1599 2438 deacens,
1616 2397 1686 2431 “ad
1711 2397 1853 2432 Sacrum

466 2445 715 2477 Presbiteratus
730 2444 893 2477 Ordinem
906 2444 925 2458 ¹’
942 2444 1204 2484 (Crediton-—no
1218 2444 1318 2484 date).
1598 2467 1603 2471 -

421 2489 611 2520 —Richard
638 2488 837 2528 Gatepnthe,
869 2488 943 2519 “ad
973 2498 1090 2520 omnes
1120 2488 1275 2528 Minores,
1303 2490 1339 2519 et
1364 2486 1468 2519 eciam
1495 2486 1538 2518 ad
1563 2495 1679 2518 omnes
1705 2485 1823 2518 Sacros
1832 2485 1852 2499 ”

464 2532 691 2573 (ibidem—no
705 2532 806 2572 date).

311 2598 374 2663 [gg-l
421 2599 505 2637 The
533 2598 806 2650 procuratious
833 2598 875 2635 of
902 2597 971 2636 the
1000 2597 1232 2645 Cardinals;
1267 2597 1424 2635 Finalis
1451 2596 1715 2646 acquietum-ia
1741 2608 1854 2645 super

376 2652 383 2659 ’
474 2654 661 2692 solucione
700 2652 1025 2701 procuracionum
1059 2652 1226 2690 duorum
1261 2651 1520 2690 Dominorwm
1558 2649 1848 2698 Gardinalium,

469 2707 645 2745 videlicet
681 2707 782 2756 iizjjvr
804 2707 1054 2745 denariorum
1089 2707 1144 2744 ad
1180 2706 1325 2744 libram
1348 2719 1423 2755 pro
1444 2705 1578 2754 primo
1605 2717 1711 2743 anno
1737 2703 1850 2744 Nun-

473 2761 657 2799 ciacionis
675 2760 946 2807 eorundem,—

421 2815 587 2847 Noverint
602 2815 749 2846 universi
765 2825 824 2856 per
840 2815 1015 2846 Presentes
1031 2824 1095 2853 me,
1111 2813 1318 2845 Willelmum
1336 2813 1478 2852 Palmer,
1502 2813 1679 2844 Rectorem
1702 2811 1848 2844 Ecclesie

462 2859 505 2890 de
531 2859 734 2899 Hadeleghe,
763 2859 978 2890 Sacrosancte
1001 2857 1102 2890 Curie
1125 2857 1275 2888 Romane
1305 2856 1527 2889 Dominorum
1558 2855 1713 2895 Simonis,
1740 2855 1848 2888 Tituli

464 2901 579 2934 Sancti
594 2902 692 2941 Sixti,
710 2906 746 2933 et
767 2901 942 2941 Johannis,
966 2901 1072 2932 Tituli
1099 2901 1298 2932 Sanctorum
1326 2900 1409 2942 iiijor
1438 2900 1693 2939 Coronatorum,
1725 2899 1848 2931 Divina

463 2945 682 2977 Providencia
694 2944 934 2984 Cardinalium,
948 2944 1044 2977 Sedis
1054 2943 1246 2985 Apostolice
1261 2943 1472 2975 Nunciorum
1487 2943 1530 2974 ad
1547 2942 1663 2974 Partes
1677 2941 1798 2983 Anglie
1811 2944 1849 2975 et

462 2989 601 3022 Francis
630 2999 691 3031 pro
708 2988 933 3032 ,quibusdam
959 2988 1073 3020 arduis
1100 2986 1243 3030 negociis
1272 2987 1529 3026 destinatorum,
1559 2985 1603 3018 ad
1633 2985 1846 3028 inirasesipts
