1988 3256
138 437 216 464 Ast).

140 472 215 499 1382.

139 505 203 532 Vol.

657 332 1020 378 1NST1TUT10NS,
1058 333 1162 369 Ere.
1616 323 1679 373 79

290 439 367 472 terii
390 440 568 480 Canonico,
584 442 620 472 et
642 440 731 472 dicte
755 440 955 472 Paroehialis
979 440 1124 472 Ecclesie
1141 441 1262 472 ultimo
1278 445 1314 473 et
1335 441 1521 474 inmediato
1538 443 1679 484 Vicario,

290 484 325 516 in
348 484 516 516 Abbatem
534 484 617 516 dicti
640 484 835 516 Monasterii
857 485 1058 516 celebratam
1072 484 1211 526 iusuper
1226 488 1261 516 et
1273 486 1515 526 confirmatam,
1531 498 1570 519 ac
1584 489 1680 529 quasi

290 528 530 569 possessionem
554 527 723 569 pacificam
739 538 818 559 cure
841 528 1052 560 Abbathialis
1067 528 1220 569 ejusdem
1244 529 1450 568 Mouasterii,
1467 531 1678 564 administra-

290 571 394 603 cionis
416 582 551 613 quoque
566 572 793 613 spiritualium
809 575 845 603 et
867 572 1103 613 temporalium
1119 573 1162 604 ad
1185 572 1296 613 ipsum
1321 573 1563 606 Monasterium
1587 587 1679 615 spec-

290 615 450 655 tancium,
463 626 553 647 nuuc
569 616 776 647 vacantem.”
816 616 867 646 He
880 627 946 647 was
961 617 1139 657 presented
1156 616 1198 657 by
1215 616 1275 647 the
1286 616 1358 647 said
1374 617 1518 649 Brother
1533 619 1681 652 william

291 659 388 690 Elect
402 659 470 691 and
486 659 544 690 the
561 658 791 698 Convent,—-“
803 659 989 690 dummodo
1004 670 1112 691 unum
1134 659 1198 691 tibi
1213 670 1363 691 assumas
1379 661 1532 702 ejusdem
1550 663 1678 695 Monas-

289 703 367 734 terii
383 703 589 735 canonicum
605 703 639 734 in
653 703 779 734 socium
797 713 834 734 ac
845 703 1017 744 collegam,
1033 703 1138 744 quiin
1155 704 1359 735 Sacerdotali
1374 704 1420 736 sit
1435 705 1539 737 eciam
1556 707 1680 739 Ordine

288 747 509 786 constitutus,
523 749 559 778 et
573 746 698 778 ibidem
715 749 828 778 tecum
845 747 989 778 retineas
1004 747 1165 778 continuo
1180 751 1452 788 commorantem,
1466 753 1568 790 prout
1583 751 1681 782 Bulle

290 790 480 831 Apostolice
503 790 630 822 Abbati
645 793 681 821 et
704 791 895 822 Conventui
917 790 999 822 dicti
1023 791 1218 822 Monasterii
1240 801 1392 823 concesse
1414 795 1512 824 tenor
1526 794 1631 833 exigit
1646 798 1681 826 et

287 834 441 875 requirit,
460 834 687 872 admittimus,
706 837 741 865 et
757 834 926 865 Vicarium
943 835 1160 874 Perpetuum,
1178 845 1255 866 cum
1272 846 1371 866 onere
1386 836 1563 877 residendi,
1579 838 1680 879 juxta

288 877 432 909 formam
450 878 744 910 Constitucionum
763 878 985 909 Dominorum
1002 878 1138 910 Ottonis
1154 881 1189 910 et
1205 879 1380 919 Octoboni‚
1397 881 1568 921 quondam
1584 882 1680 914 Sedis

289 921 481 962 Apostolice
490 921 526 953 in
535 921 658 963 Anglia
669 922 880 963 Legatorum,
891 922 925 952 in
937 922 999 953 hac
1011 924 1106 963 parte
1115 922 1294 962 editarum,
1304 923 1457 964 juratum
1467 924 1680 958 instituimus

291 965 456 998 Canonioe
471 965 507 997 in
519 966 668 997 eadem.”

213 1067 216 1069 -
241 1035 442 1078 —Bulla
463 1035 711 1090 Privileyii
737 1050 823 1091 pro
855 1035 1018 1078 Abbate
1048 1040 1087 1078 et
1110 1035 1340 1079 Conventa
1365 1037 1418 1080 de
1441 1037 1574 1081 Torva
1604 1040 1679 1095 [ad

256 1115 262 1119 ·
291 1095 628 1137 deserviendum
650 1094 859 1137 Ecclesiis
881 1095 943 1137 eis
964 1095 1260 1151 appropriatis
1282 1110 1361 1152 per
1381 1111 1463 1139 nos
1486 1096 1677 1140 Canoni-

290 1153 574 1196 cos—added
594 1154 650 1195 in
670 1168 700 1195 a
721 1151 832 1195 later
851 1151 1070 1207 hand]—

246 1211 426 1253 Gregorius
442 1211 637 1251 Episcopus,
647 1212 772 1244 Servus
781 1222 953 1243 servorum
971 1212 1042 1252 Dei,
1055 1211 1189 1244 dilectis
1200 1211 1287 1251 filiis,
1300 1213 1426 1244 Abbati
1441 1216 1476 1245 et
1488 1214 1679 1247 Oonventui

290 1255 486 1288 Monasterii
494 1256 537 1287 de
548 1256 661 1295 Torre,
669 1255 1033 1287 Premonstratensium
1046 1255 1190 1295 Ordinis,
1201 1256 1397 1288 Exoniensis
1409 1258 1677 1297 Diocesis,salut-

289 1310 344 1331 em
356 1302 392 1331 et
407 1299 634 1339 Apostolicam
647 1299 1091 1340 benediccionem.—Exigit
1107 1303 1218 1331 vestre
1234 1300 1425 1332 devocionis
1440 1301 1627 1342 sinceritas,
1643 1306 1679 1335 et

290 1343 484 1385 Religionis,
500 1343 535 1375 in
552 1354 620 1385 qua
635 1343 797 1375 devotum
812 1342 978 1374 exhibetis
1001 1343 1146 1374 Domino
1162 1343 1376 1384 famulatum,
1394 1349 1605 1385 promeretur
1619 1347 1677 1378 ho·

290 1390 402 1419 nestas
419 1390 459 1418 ut
473 1387 655 1428 peticiones
671 1390 806 1426 vestras,
823 1389 991 1428 quantum
1007 1397 1085 1418 cum
1102 1387 1173 1418 Deo
1189 1397 1378 1428 possumus,
1395 1388 1437 1419 ad
1453 1390 1679 1422 exaudicionis

289 1430 434 1472 graciam
449 1431 681 1462 admittamus.
732 1431 820 1462 Hinc
836 1433 889 1462 est
911 1430 1002 1470 quod
1025 1441 1095 1470 nos,
1113 1431 1233 1462 vestris
1255 1431 1290 1462 in
1314 1431 1375 1463 hac
1398 1436 1492 1473 parte
1514 1434 1678 1475 supplica-

290 1474 443 1506 cionibus
458 1474 618 1514 inclinati,
635 1474 740 1506 felicis
755 1474 994 1505 recordacionis
1017 1474 1155 1506 Martini
1178 1474 1267 1516 Pape
1290 1475 1418 1515 Quarti,
1435 1476 1680 1510 Predecessoris

291 1518 407 1558 nostri,
424 1518 573 1559 vestigiis
587 1518 791 1557 inherentes,
811 1520 852 1549 ut
874 1517 1030 1549 Ecclesiis
1045 1518 1166 1550 vestris
1181 1518 1223 1549 de
1246 1519 1486 1559 Bradeworthi,
1503 1523 1564 1552 etc.
1583 1521 1632 1561 (as
1643 1522 1679 1554 in

291 1562 382 1603 Pope
398 1561 551 1594 Martin’s
566 1562 654 1602 Bull,
670 1572 718 1594 see
739 1571 821 1603 page
837 1562 888 1601 28,
906 1562 1015 1593 under
1037 1561 1422 1603 Bradworthy).—Data
1437 1563 1603 1596 Avinione
1618 1565 1677 1608 xiij

291 1605 461 1638 Kalendas
476 1606 693 1647 Septembris,
710 1605 931 1638 Pontificatus
946 1605 1054 1637 nostri
1069 1606 1167 1637 Anno
1183 1609 1279 1637 sexto
1294 1605 1351 1646 [20
1366 1606 1463 1648 Aug„
1481 1606 1590 1648 1376}

236 1677 507 1722 ‘CHAGFORD
528 1677 870 1735 [Chaggeforde,
893 1677 1017 1732 MS.]‚
1042 1677 1091 1720 R.

248 1737 305 1770 Sir
322 1736 458 1769 Thomas
473 1737 512 1769 de
526 1736 686 1778 Fulforde
701 1736 895 1778 exchanged
910 1736 1078 1768 Benefices
1093 1736 1178 1768 with

251 1781 305 1813 Sir
320 1780 409 1813 John
429 1780 605 1822 Tolthorpe,
626 1782 663 1813 R.
680 1781 715 1812 of
730 1780 954 1813 Whitchurch
967 1779 1218 1821 (Oaefordshire)‚
1233 1780 1309 1812 who
1324 1791 1391 1813 was
1406 1781 1484 1815 inst.
1499 1782 1550 1823 (at
1565 1783 1678 1816 chud-

292 1824 406 1866 leigh),
436 1825 476 1858 18
502 1825 525 1857 J
527 1825 594 1866 uly,
620 1825 656 1856 in
687 1825 748 1857 the
771 1835 891 1866 person
918 1824 953 1855 of
980 1824 1088 1855 Adam
1113 1824 1321 1865 Pepircorne,
1345 1825 1382 1856 of
1403 1825 1462 1858 the
1485 1827 1623 1859 Diocese
1645 1828 1680 1859 of

293 1868 463 1910 Coventry
489 1869 557 1900 and
583 1868 756 1907 Lichfield,
782 1868 835 1900 his
861 1868 1000 1900 Proctor
1017 1878 1024 1907 ;
1058 1868 1194 1908 Patron,
1222 1868 1276 1900 Sir
1304 1868 1419 1900 James
1448 1870 1490 1901 de
1517 1871 1678 1913 Audeley,

295 1913 314 1928 ‘⁴
327 1912 494 1944 Dominus
509 1912 552 1944 de
569 1912 679 1944 Rubio
696 1913 814 1944 Castro
829 1915 864 1943 et
879 1912 922 1943 de
937 1911 1056 1952 Heley‚
1094 1935 1103 1943 .
1141 1935 1149 1944 .
1182 1936 1190 1944 .
1214 1912 1346 1943 racione
1362 1913 1525 1946 Custodie
1540 1917 1629 1947 terre
1644 1918 1680 1947 et

294 1956 426 1988 heredis
441 1956 606 1988 «Iohannis
618 1956 792 1998 Bykbury,
809 1955 970 1995 defuncti,
988 1955 1047 1997 qui
1063 1955 1104 1986 de
1119 1955 1191 1996 ipso
1206 1955 1352 1987 Domino
1367 1957 1493 1989 Jacobo
1515 1959 1629 1991 tenuit
1643 1959 1679 1991 in

293 2000 412 2041 capite,
424 1999 513 2032 infra
522 2003 648 2031 etatem
661 2003 697 2032 et
711 2000 746 2031 in
764 1999 927 2032 Custodia
941 2010 1000 2031 sua
1016 1999 1451 2042 existentis.'’—Tolthorpe
1466 2012 1533 2033 was
1547 2002 1626 2036 inst.
1642 2005 1679 2035 to

292 2043 528 2083 Whitchurch,
546 2046 584 2076 at
604 2043 664 2075 the
686 2053 778 2075 same
800 2043 894 2083 time,
918 2043 962 2084 by
986 2042 1046 2075 the
1069 2043 1194 2084 Bishop
1210 2043 1246 2074 οἱ
1261 2043 1397 2083 Exoter,
1415 2045 1524 2077 under
1538 2056 1558 2077 a
1580 2046 1678 2079 Com-

292 2087 430 2119 mission
446 2087 536 2119 from
550 2087 640 2119 John
659 2086 718 2129 [de
729 2087 975 2129 Bokyngham]‚
987 2087 1112 2128 Bishop
1127 2087 1162 2118 of
1177 2087 1326 2126 Lincoln,
1343 2087 1445 2120 dated
1461 2092 1498 2120 at
1513 2089 1677 2130 Sleaford,

293 2132 313 2163 9
328 2131 412 2173 July
429 2141 438 2170 3
472 2131 608 2170 Patron,
627 2131 686 2163 the
702 2131 804 2172 King,
825 2131 850 2147 ‘¹
860 2131 991 2162 racione
1007 2130 1168 2162 Custodie
1183 2134 1271 2162 terre
1287 2134 1321 2162 et
1337 2131 1468 2164 heredis
1485 2133 1622 2165 Roberti
1637 2134 1680 2166 de

291 2174 390 2214 Veer,
415 2185 523 2216 nuper
539 2175 682 2208 Comitis
705 2175 843 2215 Oxonie,
866 2174 1029 2214 defuncti,
1053 2174 1112 2216 qui
1134 2175 1176 2206 de
1199 2174 1346 2206 Domino
1369 2175 1547 2216 Edwardo,
1572 2188 1680 2219 nuper

293 2219 384 2260 Rege
399 2218 531 2260 Anglie,
548 2229 612 2251 avo
633 2229 705 2258 suo,
728 2219 842 2251 tenuit
863 2218 899 2250 in
921 2218 1039 2260 capite,
1056 2217 1145 2250 infra
1167 2220 1293 2251 etatem
1315 2221 1352 2251 et
1374 2219 1408 2250 in
1433 2220 1596 2252 Custodia
1618 2232 1680 2254 sua

292 2262 502 2295 existentis?

179 2353 187 2361 ·
249 2332 824 2387 SAMPFORD-COURTENAY,
849 2333 896 2375 R.

173 2387 181 2395 ⁸
247 2392 303 2426 Sir
317 2392 428 2425 James
445 2392 584 2425 Oobham
599 2392 791 2434 exchanged
806 2391 974 2424 Benefices
991 2391 1073 2423 with

0 2712 14 3051 ,vW-vv--vvq
0 2653 7 2691 «ἡ
0 2615 5 2643 vv
0 2422 6 2595 w--W-v-
0 2373 2 2376 v

249 2437 305 2469 Sir
325 2435 416 2468 John
438 2435 534 2478 Grey,
558 2437 597 2469 R.
613 2436 650 2468 of
671 2436 722 2469 St.
746 2436 884 2478 Mabyn,
902 2436 978 2467 who
1000 2446 1066 2467 was
1089 2435 1167 2467 inst.
1192 2434 1243 2474 (at
1265 2435 1482 2478 Ghudleigh),
1509 2438 1549 2470 18
1573 2438 1678 2481 July3

292 2480 430 2518 Patron,
444 2479 506 2513 hae
521 2482 595 2520 vice,
611 2480 666 2512 Sir
681 2480 827 2512 Edward
841 2480 884 2511 de
900 2480 1104 2520 courtenay,
1124 2479 1203 2510 Earl
1218 2478 1254 2510 of
1270 2479 1395 2512 Devon.

248 2546 322 2590 ST.
344 2547 514 2589 MABYN
536 2546 718 2602 [Sancte
739 2546 938 2599 Mabene,
964 2545 1092 2600 MS.]‚
1117 2545 1165 2587 R.

246 2605 301 2638 Sir
315 2604 405 2638 John
421 2604 507 2646 Grey
522 2605 715 2646 exchanged
731 2604 900 2636 Benefices
915 2604 999 2636 with

248 2649 302 2682 Sir
315 2648 428 2682 James
444 2648 594 2687 Oobluzm,
609 2649 649 2681 R.
666 2648 702 2680 of
716 2648 1116 2689 Sampford-Courtenay,
1127 2647 1201 2678 who
1217 2658 1284 2679 was
1299 2647 1378 2680 inst.
1393 2647 1443 2688 (at
1459 2648 1676 2692 Chudleigh),

292 2693 333 2725 18
349 2692 371 2725 J
374 2692 432 2734 uly
449 2703 457 2732 ;
482 2693 616 2732 Patron,
631 2692 693 2724 hac
707 2694 781 2732 viee,
797 2692 897 2732 Joan,
914 2692 1010 2724 relict
1024 2691 1060 2723 of
1075 2691 1219 2723 Thomas
1235 2691 1276 2722 de
1301 2691 1504 2734 courtenay.

246 2763 488 2806 wrm-ST.
513 2763 664 2816 ΜΑΒῩ,
683 2763 732 2805 R.

256 2821 399 2854 william
414 2822 578 2854 Aileaham
593 2821 785 2863 exchanged
801 2821 972 2852 Benefices
988 2820 1071 2851 with

250 2865 376 2898 Maste!-
390 2865 499 2906 Ralph
516 2865 672 2905 Pilatum,
688 2865 728 2897 R.
748 2864 783 2896 of
798 2865 972 2905 Walgrave
988 2862 1210 2904 (Nortkants),
1226 2863 1301 2895 who
1318 2874 1384 2895 was
1399 2863 1480 2896 inst.
1498 2865 1548 2905 (at
1564 2865 1678 2898 chud-

292 2908 404 2951 leigh),
420 2910 463 2941 20
478 2909 500 2941 J
503 2909 572 2950 uly,
591 2909 627 2941 in
642 2909 705 2940 the
716 2918 836 2950 person
852 2908 887 2939 of
902 2908 956 2939 Sir
971 2907 1061 2939 John
1078 2907 1241 2948 Wytberi,
1259 2907 1374 2948 priest,
1400 2907 1436 2939 of
1458 2908 1517 2940 the
1540 2909 1679 2941 Diocese

292 2953 329 2987 ot
350 2953 487 2996 Exeter,
511 2952 564 2985 his
586 2953 750 2992 Proctor3
786 2952 921 2991 Patron,
948 2950 1002 2983 Sir
1024 2950 1152 2984 Robert
1174 2951 1350 2992 Tresilian,
1380 2951 1686 2987 Knt.—Ailesham⁴
