1988 3256
242 340 338 384 332

239 453 274 480 A.
278 453 316 480 D.

240 488 316 514 1374.

240 522 346 548 Vo1.1.

239 764 287 791 fol.
303 765 345 791 49.

466 353 567 386 THE
592 354 837 387 REGISTER
861 355 923 387 OF
946 354 1128 388 BISHOP
1153 354 1563 391 BRANTYNGHAM.

392 456 603 489 willelmum
634 457 803 489 occasione
834 457 995 498 premissa
1021 458 1068 490 sic
1098 468 1169 490 esse
1199 459 1539 499 excommunicatum,
1569 459 1605 491 in
1635 456 1784 490 Ecclesia

394 500 578 532 Parochiali
609 501 652 532 de
683 502 842 540 Suttone,
876 505 950 541 etc.‚
991 513 1029 533 ac
1066 502 1139 534 aliis
1172 502 1328 534 Ecclesiis
1359 502 1616 543 circumvicinis,
1652 501 1783 534 Diebus

394 544 579 576 Dominicis
610 547 645 575 et
674 545 826 584 Festivis,
853 545 943 576 intra
970 545 1149 577 Missarum
1175 546 1369 588 solempnia,
1395 557 1472 578 cum
1497 546 1606 587 major
1633 545 1723 578 Cleri
1745 547 1782 576 et

392 588 508 629 populi
524 588 711 620 multitudo
728 589 920 620 convenerit
930 589 973 620 ad
988 589 1121 628 Divina,
1133 590 1275 630 pulsatis
1285 590 1463 631 campanis,
1477 590 1624 622 candelis
1636 588 1782 621 accensis

392 635 427 664 et
442 632 476 663 in
493 632 650 663 ruborem
667 631 865 673 hujusmodi
881 633 1162 665 excommunicati
1184 633 1344 666 extinctis
1359 637 1392 665 et
1410 635 1443 665 in
1461 639 1586 666 terram
1608 632 1780 675 projectis,

393 687 460 708 una
476 687 552 707 cum
565 676 657 707 omni
672 676 736 707 alia
751 676 988 717 solempnitate
1003 676 1036 708 in
1054 677 1179 709 talibus
1195 680 1363 717 consueta,
1377 678 1510 719 publice
1520 680 1555 709 et
1564 676 1783 716 solempniter

395 719 625 756 denuncietis;
643 720 685 750 ab
702 719 900 770 hujusmodi
917 721 1178 752 denunciacione
1201 731 1268 752 non
1293 725 1460 753 cessantes
1483 731 1659 763 quousque
1682 720 1781 751 bene-

397 764 510 796 ficium
526 763 783 795 Absolucionis'
774 774 808 795 m
825 764 960 795 forma·
947 764 1033 806 juris
1050 765 1211 797 meruerit
1226 765 1387 806 optinere,
1404 768 1466 797 etc.
1485 764 1560 805 (not
1575 764 1702 803 dated).

352 830 686 877 Penitentiaries3
713 829 922 868 Revocacio
941 830 1291 878 Pendeat-iareb,—

351 886 508 922 Thomas,
535 887 610 923 etc,
638 884 891 916 Archidiaconis
917 885 1055 924 Exonie,
1081 886 1232 924 Totonie,
1256 885 1519 935 Barnastapolie,
1544 889 1581 916 et
1604 885 1782 924 Cornubie,

394 929 447 960 vel
478 937 594 959 eorum
626 927 840 968 Officialibus,
871 929 1025 967 salutem,
1057 931 1121 961 etc.
1126 930 1258 961 -Cum
1290 930 1433 969 dudum,
1464 929 1651 960 animarum
1685 928 1783 960 nobis

395 972 650 1005 commissarum
666 971 768 1002 saluti
784 972 909 1013 pariter
924 976 960 1003 et
974 972 1081 1013 quieti
1098 973 1283 1014 prospicere
1293 973 1421 1004 solicite
1433 972 1616 1014 cupientes,
1629 972 1782 1004 Personis

396 1016 598 1058 quibusdam
613 1015 836 1055 Secularibus,
849 1026 975 1047 necnon
994 1020 1030 1047 et
1045 1017 1219 1057 Religiosis
1237 1017 1415 1048 verbaliter
1425 1016 1605 1055 nonnullis,
1618 1016 1682 1047 sub
1692 1019 1783 1048 certa

396 1061 505 1092 forma
522 1059 723 1098 Literarum,
739 1059 774 1090 in
791 1063 921 1100 partem
938 1060 1160 1092 solicitudinis
1173 1063 1295 1100 nostre,
1309 1064 1348 1092 ut
1360 1060 1573 1092 subditorum
1586 1063 1780 1091 nostrorum

396 1103 565 1136 laboribus
590 1113 798 1144 parceremus
825 1106 860 1134 et
882 1104 1044 1144 expensis,
1068 1104 1335 1136 commiserimus
1357 1104 1445 1135 vices
1468 1107 1609 1142 nostras,
1641 1107 1681 1135 ut
1710 1106 1782 1135 tam

397 1147 592 1180 clericorum
603 1156 703 1187 quam
717 1146 886 1187 laycorum
904 1147 1119 1179 subditorum
1132 1150 1334 1188 nostrorum,
1347 1148 1427 1189 ipsis
1443 1149 1564 1189 sponte
1576 1157 1637 1179 sua
1649 1150 1784 1189 peccata

396 1191 548 1224 confiteri
564 1190 761 1228 voleneium,
781 1190 1013 1223 Confessiones
1030 1191 1121 1223 licite
1137 1191 1266 1232 possint
1289 1192 1414 1231 audire,
1430 1195 1466 1222 et
1481 1191 1606 1222 eisdem
1631 1202 1690 1231 pro
1713 1190 1783 1222 suis

396 1234 593 1267 criminibus
619 1237 655 1266 et
683 1234 884 1276 excessubus
914 1235 977 1266 sibi
1000 1235 1159 1266 confessis
1182 1235 1386 1285 penitencias
1408 1235 1585 1276 injungere
1607 1234 1783 1274 salutares,

394 1279 499 1311 eciam
514 1278 549 1309 in
565 1277 708 1309 casubus
723 1277 819 1309 nobis
834 1278 1021 1319 specialiter
1036 1290 1055 1310 a
1071 1278 1205 1310 Canone
1220 1279 1422 1310 reservatis·
1415 1278 1587 1320 ,quidam,
1602 1281 1729 1318 tamen,
1741 1278 1784 1310 ad

397 1323 503 1354 vetita
518 1321 619 1353 nimis
634 1322 740 1363 proni,
757 1325 794 1353 et
808 1332 874 1363 que
890 1332 952 1354 sua
966 1326 1049 1354 sunt
1064 1323 1179 1373 pocius
1195 1333 1297 1364 quam
1314 1323 1334 1354 J
1338 1323 1420 1354 besu
1437 1322 1566 1355 Christi
1589 1325 1781 1363 querentes,

397 1375 689 1409 quorumcumque
700 1365 914 1397 subditorum
928 1370 1121 1398 nostrorum
1134 1367 1180 1398 eis
1193 1366 1345 1399 confiteri
1355 1366 1543 1398 volencium
1553 1365 1784 1397 confessiones

398 1410 556 1448 audiunt,
575 1409 779 1450 penitencias
794 1409 992 1451 injungunt,
1009 1413 1044 1441 et
1059 1410 1239 1442 indiscrete
1254 1410 1444 1449 absolvunt,
1468 1410 1573 1441 eciam
1588 1409 1622 1441 in
1639 1408 1784 1441 casubus

397 1454 494 1486 nobis
510 1457 545 1484 et
561 1453 729 1493 Dignitati
753 1453 965 1485 Pontificali'
956 1464 990 1485 m
1005 1453 1082 1504 jure
1104 1454 1292 1495 specialiter
1313 1453 1501 1491 reservatis,
1526 1453 1680 1485 nullam
1670 1463 1705 1484 in
1721 1453 1785 1484 hac

398 1501 493 1539 parte
511 1500 711 1538 potestatem
730 1496 928 1538 habentes,
918 1508 952 1528 m
969 1498 1076 1529 nostri
1093 1498 1317 1539 prejudicium
1333 1501 1368 1529 et
1384 1498 1573 1529 animarum
1584 1496 1783 1539 hujusmodi

396 1541 629 1582 decepcionem
651 1551 689 1572 ac
711 1541 898 1582 periculum
921 1541 1163 1581 manifestum;
1186 1542 1300 1583 sicque
1322 1551 1361 1573 ea
1384 1552 1450 1583 que
1473 1541 1516 1572 ad
1538 1541 1725 1572 remedium
1749 1542 1784 1572 et

397 1586 541 1617 salutem
554 1584 743 1616 animarum
757 1585 1094 1626 ordinavimus,quod
1104 1585 1258 1617 dolenter
1266 1585 1501 1624 referimus,ad
1511 1595 1633 1616 noxam
1645 1584 1784 1616 tendere

396 1630 627 1667 dinoscuntur,
651 1631 754 1669 prout
776 1628 914 1660 auribus
936 1629 1060 1661 nostris
1082 1629 1240 1671 frequens
1263 1629 1407 1661 deduxit
1429 1629 1622 1668 insinuacio,
1645 1629 1682 1660 et
1702 1627 1785 1659 facti

396 1672 605 1714 experiencia
633 1672 741 1703 indies
772 1672 977 1704 manifestat.
1039 1673 1119 1713 Nos,
1151 1673 1267 1714 igitur,
1302 1672 1493 1714 perniciosis
1530 1672 1595 1704 hiis
1632 1671 1783 1703 susubus

396 1716 530 1749 obviare
554 1716 714 1755 volentes,
738 1726 922 1757 eorumque
938 1716 1027 1748 facta
1049 1716 1246 1758 hujusmodi
1269 1717 1395 1754 illicita,
1418 1719 1585 1758 quantuni
1609 1726 1687 1747 cum
1712 1715 1784 1746 Deo

396 1770 583 1803 possumus,
607 1759 783 1798 refrenare,
799 1770 915 1791 omnes
930 1763 965 1792 et
979 1760 1127 1801 singulas
1151 1760 1408 1793 commissiones
1423 1763 1554 1792 nostras
1576 1759 1787 1801 hujusmodi,

396 1807 439 1836 de
453 1804 578 1846 quibus
593 1803 747 1844 superius
763 1804 803 1834 fit
818 1803 960 1843 mencio,
978 1804 1248 1845 quibuscumque
1265 1804 1418 1836 Pei-sonis
1434 1808 1468 1835 et
1479 1803 1782 1845 qualitercumque,

395 1848 460 1880 sub
476 1857 688 1889 quacumque
709 1847 819 1878 forma
840 1848 1020 1879 verborum
1036 1851 1097 1879 aut
1112 1848 1288 1880 literarum
1310 1850 1488 1889 conceptas
1504 1850 1539 1878 et
1554 1847 1669 1886 factas,
1685 1846 1786 1878 certis

397 1896 432 1923 et
447 1891 606 1932 legitimis
622 1901 663 1922 ex
679 1891 786 1922 causis
802 1893 837 1922 et
859 1901 900 1922 ex
923 1894 1014 1923 certa
1036 1892 1186 1931 sciencia,
1203 1895 1319 1924 tenore
1342 1892 1557 1923 Presencium
1580 1900 1784 1922 revocamus.

399 1936 561 1975 Quocirca
587 1934 689 1971 vobis,
715 1938 792 1974 etc.,
818 1935 1017 1966 mandamus
1040 1935 1202 1976 quatinus
1224 1936 1257 1966 in
1282 1935 1443 1977 proximis
1467 1935 1586 1966 vestris
1609 1933 1784 1975 Capitulis,

397 1979 555 2011 omnibus
566 1978 628 2009 viis
638 1978 738 2009 licitis
751 1981 785 2009 et
796 1978 955 2018 honestis,
968 1978 1039 2010 sine
1051 1989 1143 2010 more
1154 1979 1342 2020 dispendio,
1358 1979 1618 2011 Revoeacionem
1633 1981 1783 2009 nostram

399 2022 599 2064 hujusmodi
616 2021 803 2062 publicetis,
821 2025 856 2054 et
871 2032 931 2063 per
953 2022 1034 2053 alios
1057 2023 1220 2054 Locorum
1246 2022 1398 2062 Curatos,
1414 2023 1448 2053 in
1466 2022 1606 2063 singulis
1630 2021 1785 2053 Ecclesiis

397 2066 646 2099 Parochiulibus
664 2065 832 2097 dictorum
849 2065 1190 2098 Archidiaconatuum
1210 2067 1334 2107 quibus
1349 2066 1506 2107 expedire
1521 2065 1681 2104 videritis,
1699 2068 1783 2096 tem-

397 2110 535 2152 poribus
564 2110 607 2140 ad
637 2108 700 2140 hoc
730 2109 884 2150 congruis
915 2120 952 2141 ac
982 2109 1085 2141 eciam
1116 2110 1301 2151 oportunis,
1332 2110 1495 2151 publicari
1524 2113 1559 2140 et
1589 2107 1786 2140 denunciari

397 2153 615 2194 solempniter
645 2152 775 2184 faciatis
796 2163 804 2192 ;
835 2153 935 2184 fidem
963 2163 1096 2185 exnunc
1122 2153 1258 2193 talibus,
1286 2154 1350 2185 nisi
1377 2153 1506 2185 Literas
1532 2156 1663 2184 nostras
1689 2151 1784 2184 vobis

396 2197 622 2236 exhibuerint,
639 2197 834 2228 nullatenus
849 2196 1046 2238 impensuri,
1063 2197 1283 2229 etc.—Dated
1298 2200 1335 2229 at
1350 2197 1456 2239 Olym,
1473 2198 1492 2230 3
1508 2197 1607 2229 June.

352 2262 814 2313 Letters-Dimissory,--

352 2319 468 2352 Simffl]
484 2317 592 2356 Y01'ffi,
608 2317 756 2353 accolito,
775 2316 794 2332 ‘⁴
804 2316 847 2348 ad
864 2326 981 2348 omnes
994 2317 1111 2349 Sacros
1123 2317 1266 2350 Ordines
1279 2317 1298 2330 '’
1314 2316 1557 2359 (Petreshayes,
1569 2317 1610 2349 13
1622 2315 1738 2356 June).

353 2380 408 2417 St.
433 2378 694 2417 Constantine
711 2391 722 2425 ;
742 2377 896 2415 Licence
915 2384 952 2415 to
967 2378 1212 2424 celebrate,—

353 2434 453 2473 Item,
469 2432 559 2473 apud
577 2431 684 2472 Clyst,
702 2442 744 2462 xv
761 2431 815 2463 die
830 2431 912 2463 dicti
929 2432 1063 2471 mensis,
1079 2432 1245 2464 Dominus
1261 2432 1424 2463 concessit
1447 2431 1634 2463 Licenciam
1656 2431 1783 2463 Jacobo

397 2478 546 2517 Jerveys,
563 2476 605 2506 de
622 2475 781 2506 Parochia
797 2475 914 2507 Sancti
930 2475 1146 2508 Constantini
1162 2476 1194 2507 in
1214 2476 1392 2515 Cor-nubis,
1409 2476 1497 2516 quod
1516 2475 1631 2516 possit,
1647 2477 1722 2513 ete.,
1747 2474 1783 2506 in

397 2520 543 2561 Capella,
560 2519 629 2550 sive
647 2518 811 2557 Oratm-io,
828 2519 915 2550 infra
931 2519 1136 2550 mansionem
1154 2519 1305 2560 ejusdem
1318 2519 1454 2558 situata,
1467 2530 1525 2561 per
1535 2527 1784 2560 quemcumque

395 2564 566 2605 ydoneum
584 2562 801 2603 Cnpellanum
821 2572 830 2601 3
844 2572 950 2603 usque
966 2562 1091 2594 Pascha
1108 2563 1317 2594 duraturam.

352 2623 814 2673 Letters-Dimissory,--

351 2677 444 2710 John
461 2678 716 2718 Hemmystone‚
733 2676 882 2716 accolite,
899 2675 918 2691 ‘⁴
931 2677 973 2708 ad
985 2686 1102 2708 omnes
1114 2677 1231 2708 Sacros
1244 2677 1388 2709 Ordines
1401 2677 1420 2690 '¹
1433 2677 1554 2718 (Clyst,
1569 2677 1609 2708 20
1621 2676 1738 2715 June).

356 2738 555 2777 Oratories
570 2750 582 2785 3
612 2736 775 2775 General
793 2736 946 2774 Licence
965 2739 1002 2774 to
1021 2737 1265 2783 celebrate,---

351 2793 450 2832 Item,
467 2792 591 2823 eisdem
609 2791 673 2829 die,
690 2790 771 2829 loco,
787 2793 823 2821 et
836 2801 934 2830 ann0,
951 2790 1117 2822 Dominus
1133 2791 1294 2822 concessit
1317 2790 1504 2823 Licenciam
1519 2790 1648 2823 Thome
1663 2789 1786 2823 Cham-

394 2836 532 2884 hernon,
549 2834 733 2872 domicello,
751 2834 841 2875 quod
859 2834 974 2875 possit,
994 2837 1068 2873 etc„
1084 2834 1117 2865 in
1136 2834 1289 2875 Capellis,
1308 2835 1479 2875 Orator-iis,
1490 2838 1552 2866 aut
1565 2835 1659 2866 Locis
1670 2834 1785 2865 adhoc

394 2878 548 2919 congruis
564 2881 600 2909 et
615 2877 775 2917 honestis,
791 2877 879 2908 infra
895 2877 1043 2909 Muneria
1065 2888 1126 2909 sua
1149 2878 1182 2908 in
1206 2888 1268 2909 sua
1291 2878 1422 2910 Diocesi
1438 2878 1618 2910 existencia
1634 2877 1784 2909 ubicum-

393 2932 471 2964 que,
496 2932 555 2963 per
578 2920 775 2963 capellanos
796 2920 946 2963 ydoneos
967 2931 1028 2963 per
1050 2920 1162 2963 ipsum
1184 2921 1423 2963 deputandos3
1453 2922 1615 2964 quamdiu
1638 2920 1784 2953 Domino

391 2965 555 3008 placuerit
570 2965 780 2996 duraturam.
