1988 3256
186 467 264 528 1373.

524 364 816 400 REGISTRUM
841 363 1306 399 commun—Anno
1333 353 1395 400 5⁰.
1634 355 1726 397 331

295 469 477 520 Ponghill
500 468 695 531 <Devon);
716 469 843 518 Copia
861 469 991 507 Litere
1008 468 1300 518 obl-apamia,—

187 535 251 561 v01
269 524 461 562 [Noverint
476 523 623 555 universi
639 534 710 563 nos,
727 524 914 555 Walterum
942 524 1048 562 Baret,
1067 524 1248 555 Personam
1272 523 1418 555 Ecclesie
1441 523 1484 554 de
1508 522 1727 564 Poghehulle,

339 567 374 599 in
389 567 562 599 comitatu
576 567 736 606 Devonie,
750 571 785 598 et
797 567 1026 598 Alexandrum
1041 548 1154 605 herle,
1166 577 1204 599 ac
1215 567 1331 598 Thom
1326 577 1380 598 am
1393 566 1608 607 Poghehulle,
1622 566 1730 597 teneri

339 614 375 642 et
391 621 449 652 per
466 611 641 642 Presentes
658 611 799 643 firmiter
814 611 953 651 obligari
974 611 1182 650 Reverendo,
1199 614 1254 642 etc
1266 635 1274 650 ,
1290 611 1428 650 Thome‚
1448 610 1628 641 Exoniensi
1651 610 1729 651 Epi-

338 665 448 696 scopo,
467 654 500 686 in
525 658 663 686 centum
687 655 780 686 libris
796 654 912 695 legalis
935 657 1080 693 monete,
1103 654 1272 686 solvendis
1297 654 1406 686 eidem
1431 654 1578 686 Domino
1600 653 1729 685 Thome

339 701 417 738 etc„
446 698 498 730 vel
521 709 582 730 suo
605 702 696 730 certo
719 701 891 730 attornato
914 701 1104 739 presentem
1131 698 1277 729 Literam
1301 698 1504 735 ostendenti,
1521 698 1555 729 in
1582 697 1729 729 Ecclesia

340 741 535 774 Cathedrali
555 742 680 774 Exonie
696 742 730 773 in
749 743 848 774 Festo
865 742 1063 774 Nativitatis
1080 742 1195 773 Sancti
1211 742 1232 774 J
1235 742 1376 773 ohannis
1393 741 1558 782 Baptiste,
1577 741 1729 782 proximo

338 785 408 827 jam
424 786 543 817 futuro
559 790 636 827 post
650 786 765 818 datam
783 786 1008 824 presencium,
1023 786 1150 827 absque
1165 785 1316 817 ulteriori
1329 785 1500 817 dilacione.
1546 786 1599 817 Ad
1614 795 1727 826 quam,

340 830 488 871 quidem,
505 830 709 861 solucionem
732 830 960 871 predictarum
983 833 1121 861 centum
1144 829 1317 868 librarum,
1341 829 1395 860 die
1417 833 1452 860 et
1474 829 1546 861 loco
1570 829 1729 870 predictis

340 873 486 905 fideliter
511 873 709 913 faciendam,
738 874 825 905 bona
855 873 920 904 fide
951 873 1182 914 promittimus
1205 884 1242 904 ac
1265 873 1368 904 eciam
1392 873 1580 914 obligamus
1603 883 1675 911 nos,
1693 876 1728 904 et

341 927 621 959 unumquemque
649 921 803 949 nostrum
831 916 1023 956 insolidum,
1051 917 1189 948 heredes
1216 919 1252 949 et
1279 917 1483 948 Executores
1510 920 1667 955 nostros3
1691 927 1729 948 ac

339 961 452 992 omnia
469 961 554 992 bona
570 964 693 1000 nostra,
711 962 916 1002 ubicumque
935 960 1063 992 fuerint
1078 960 1226 1000 iuventa,
1251 960 1457 992 districcioni
1479 963 1515 991 et
1537 960 1727 992 cohercioni

339 1004 470 1036 Judicis
499 1004 913 1047 cujuscumque—natea
939 1008 976 1036 at
1004 1004 1110 1045 Clyst,
1144 1003 1229 1036 “die
1259 1004 1354 1036 Jovis
1381 1004 1416 1035 in
1446 1004 1545 1036 Festo
1571 1004 1727 1046 Corporis

339 1048 465 1080 Christi
483 1048 501 1062 ’'
517 1048 549 1088 [1
568 1049 588 1081 J
593 1048 681 1089 une].

295 1091 542 1133 —Defasancia
557 1091 587 1133 ej
591 1092 753 1132 uadem,—

294 1136 460 1168 Omnibus
477 1136 604 1168 Christi
618 1135 774 1168 fidelibus
789 1137 831 1168 ad
848 1147 932 1177 quos
947 1146 1082 1177 presens
1099 1135 1269 1176 Scriptum
1288 1135 1476 1176 pervenerit
1488 1146 1558 1174 nos,
1570 1135 1726 1176 Thomas,

337 1182 415 1219 etc„
439 1180 583 1211 salutem
599 1180 634 1211 in
651 1179 1025 1212 Domino.—Noveritis
1040 1179 1141 1220 quod,
1158 1180 1238 1211 licet
1253 1179 1422 1211 Walterus
1447 1180 1557 1218 Baret,
1583 1180 1726 1211 Persona

339 1223 484 1255 Ecclesie
496 1224 538 1255 de
555 1223 770 1264 Poghehulle,
786 1224 820 1255 in
839 1223 1011 1256 Comitatu
1030 1223 1187 1263 Devonie,
1205 1223 1394 1254 Alexander
1406 1223 1520 1261 Merle,
1534 1226 1570 1254 et
1581 1223 1727 1255 Thomas

339 1267 545 1307 Poghehulle
561 1267 657 1298 nobis
674 1271 834 1299 tenentur
856 1267 890 1298 in
917 1270 1055 1299 centum
1078 1267 1172 1298 libris
1195 1267 1282 1298 bone
1305 1270 1340 1298 et
1362 1266 1476 1307 legalis
1499 1270 1642 1304 monete,
1668 1278 1727 1308 per

338 1311 509 1351 quoddam
527 1311 697 1352 Scriptum
715 1311 950 1352 obligatorium
967 1311 1046 1342 inde
1061 1310 1253 1342 confectum
1271 1321 1279 1349 ;
1294 1310 1462 1349 volumus,
1479 1313 1605 1349 tamen,
1622 1312 1724 1351 quod,

337 1354 366 1385 si
382 1355 548 1386 Dominus
571 1354 743 1386 Johannes
768 1355 874 1394 Hitte,
899 1355 1044 1386 Persona
1069 1354 1213 1386 Ecclesie
1236 1354 1278 1385 de
1302 1354 1489 1386 Churitone
1514 1354 1724 1395 Fythpayne,

338 1408 449 1430 coram
465 1398 562 1429 nobis
578 1398 699 1438 veniat,
716 1402 751 1430 et
766 1409 802 1430 se
825 1402 928 1440 ponat
943 1398 977 1429 in
993 1398 1103 1438 gracia
1117 1401 1152 1429 et
1167 1397 1386 1439 disposicione
1410 1398 1532 1429 nostris
1547 1398 1582 1429 in
1599 1398 1668 1429 alto
1691 1403 1726 1430 et

340 1442 591 1481 basso‚—salvo,
619 1445 744 1481 tamen,
775 1442 937 1474 Beneficio
965 1441 1110 1473 Ecclesie
1136 1452 1196 1473 sue
1228 1441 1500 1482 predicte‚—quo
1530 1442 1571 1472 ad
1610 1452 1726 1474 omnes

338 1485 486 1517 acciones
502 1496 585 1527 quas
601 1496 677 1525 erga
693 1486 805 1526 ipsum
827 1486 999 1525 habemus,
1016 1485 1067 1517 vel
1085 1485 1266 1517 habuimus
1281 1485 1324 1516 de
1340 1488 1413 1516 toto
1432 1489 1583 1526 tempore
1599 1489 1725 1526 nostro,

338 1529 469 1560 racione
484 1529 735 1561 Jurisdiccionis
750 1533 864 1561 nostre
887 1530 929 1561 de
949 1529 1027 1570 jure
1043 1529 1095 1560 vel
1118 1528 1363 1560 consuetudine
1385 1529 1427 1560 ad
1445 1539 1504 1560 uos
1525 1533 1725 1570 spectantes,

336 1576 415 1603 ante
430 1573 543 1604 datam
555 1573 775 1605 confeccionis
788 1573 1012 1612 Presencium,
1029 1575 1064 1604 et
1079 1573 1142 1604 hoc
1153 1573 1236 1604 citra
1248 1573 1388 1604 Festum
1401 1572 1516 1604 Sancti
1530 1573 1619 1604 Petri
1635 1574 1727 1614 quod

337 1616 463 1648 dicitur
479 1616 530 1647 Ad
553 1616 692 1648 Vincula
707 1617 860 1658 proximo
874 1616 944 1658 jam
962 1617 1130 1655 futurum,
1147 1627 1184 1647 ac
1201 1616 1358 1647 omnibus
1374 1616 1668 1657 Appellacionibus
1690 1621 1726 1649 et

339 1670 454 1691 earum
479 1660 770 1700 prosecucionibus
792 1660 826 1692 in
851 1661 1121 1701 quibuscumque
1146 1660 1256 1691 Curiis
1278 1660 1454 1691 renunciet
1475 1670 1554 1691 cum
1577 1661 1699 1692 effectu
1718 1672 1726 1700 ;

339 1704 497 1745 quodque
513 1703 602 1735 idem
619 1704 785 1736 Dominus
801 1704 972 1736 Johannes
989 1704 1089 1735 Hitte
1104 1704 1259 1735 remittat
1282 1703 1491 1734 omnimodas
1514 1704 1672 1743 acciones,
1697 1705 1725 1736 si

339 1757 424 1788 quas
447 1747 559 1786 habet,
577 1748 625 1778 vel
645 1747 767 1779 habere
789 1748 912 1788 poterit
927 1748 962 1779 in
978 1748 1146 1787 futurum,
1171 1758 1248 1786 erga
1271 1757 1331 1778 nos
1346 1750 1382 1778 et
1398 1747 1571 1779 ministros
1593 1752 1726 1780 nostros

338 1801 580 1832 quoscumque,
597 1791 729 1823 racione
752 1791 895 1833 alicujus
919 1792 1096 1823 Processus
1119 1802 1178 1822 seu
1203 1791 1422 1823 Execucionis
1445 1802 1504 1831 per
1526 1802 1586 1822 nos
1609 1796 1727 1823 contra

338 1835 484 1866 eundem
515 1835 701 1866 Dominum
727 1835 918 1867 Johaunem
950 1835 1002 1866 vel
1033 1834 1205 1867 ministros
1233 1837 1364 1866 nostros
1391 1834 1569 1872 factorum,
1593 1846 1631 1866 ac
1654 1846 1725 1875 nos,

337 1878 526 1918 familiares,
558 1879 739 1917 ministros,
775 1890 813 1910 ac
844 1878 1070 1910 mandatarios
1109 1882 1240 1910 nostros
1270 1878 1304 1909 in
1335 1878 1397 1909 hac
1427 1882 1522 1919 parte
1552 1883 1727 1911 conservet

339 1922 476 1953 omnino
507 1923 714 1963 indempnes,
738 1925 817 1954 ante
840 1923 955 1954 datam
978 1923 1197 1954 confeccionis
1222 1922 1458 1961 Presencium;
1486 1922 1576 1963 quod
1599 1926 1727 1955 extunc

340 1966 528 2006 predictum
545 1967 715 2007 Scriptum
732 1966 967 2007 obligatorium
984 1966 1213 2007 predictarum
1225 1969 1364 1998 centum
1387 1965 1548 1997 librarum
1561 1977 1619 2007 pro
1633 1967 1726 1999 nullo

339 2009 513 2049 habeatur,
525 2014 578 2041 set
589 2010 725 2042 omnino
735 2013 846 2042 careat
855 2021 916 2042 suo
929 2011 1040 2051 vigore
1053 2018 1061 2047 ;
1079 2010 1238 2051 alioquin,
1251 2010 1343 2052 quod
1355 2012 1424 2041 stet
1436 2010 1470 2040 in
1482 2020 1544 2041 suo
1555 2010 1729 2043 robore.—

340 2053 451 2085 Dated
466 2057 502 2085 at
518 2053 625 2095 Clyst,
642 2055 662 2085 2
678 2054 777 2086 June.

295 2130 538 2182 Plymouth3
565 2131 827 2170 Denunciacio
855 2131 1010 2170 Priori-s
1040 2130 1204 2170 Ordinis
1237 2130 1540 2170 Carmelitarum
1567 2132 1613 2169 de
1641 2130 1729 2170 Sut-

349 2188 434 2223 tone
448 2187 571 2234 juxta
592 2186 908 2232 Plummouth—

293 2238 447 2278 Thomas,
465 2242 538 2278 ete.,
557 2240 689 2271 Decano
705 2240 747 2271 de
771 2232 972 2281 Plimptone,
998 2239 1177 2280 Capellano
1201 2238 1385 2270 Parocbiali
1401 2239 1443 2270 de
1459 2239 1606 2271 Suttone
1627 2239 1728 2282 juxta

336 2264 588 2322 Pluminouthe,
605 2286 641 2315 et
656 2283 796 2324 singulis
814 2283 1010 2315 Presbiteris
1020 2283 1143 2315 Divina
1154 2282 1402 2314 celebrantibus
1417 2283 1553 2322 ibidem,
1570 2284 1726 2321 salutem,

335 2328 402 2358 etc.
406 2327 827 2359 —Excommunicatorum
851 2327 988 2358 nomina
1010 2326 1148 2367 expedit
1169 2337 1207 2357 ac
1229 2326 1385 2367 congruit
1401 2337 1472 2358 esse
1488 2330 1578 2366 nota,
1595 2330 1636 2358 ut
1651 2327 1724 2368 ipsi,

333 2370 455 2401 rubore
470 2370 612 2410 confusi,
628 2371 670 2402 ad
688 2371 904 2403 Sacrosancte
923 2370 1068 2402 Ecclesie
1090 2370 1266 2411 gremium,
1283 2369 1382 2411 cujus
1399 2380 1459 2411 per
1481 2381 1598 2402 eorum
1621 2371 1723 2402 obsti-

333 2413 462 2445 naciam
480 2413 731 2455 parvipendunt
754 2415 948 2452 Censuram,
973 2417 1009 2446 et
1032 2413 1325 2446 Reconciliacionis
1348 2413 1502 2453 graciam,
1527 2415 1725 2454 propensius

334 2456 550 2490 inclinentur.
612 2457 709 2497 Cum,
741 2458 866 2499 itaque,
899 2458 1017 2489 Frater
1041 2457 1208 2489 Henrious
1231 2455 1387 2496 Suttone,
1412 2457 1538 2488 Ordine
1565 2457 1723 2490 bratrum

337 2500 607 2540 Carmelitarum,
623 2508 664 2532 ut
687 2502 858 2538 asseritur.
874 2501 1056 2543 professus,
1078 2501 1296 2542 Prioremque
1319 2501 1450 2532 Domus
1473 2500 1609 2532 Ordinis
1632 2501 1724 2542 ejus·

334 2543 412 2575 dem
429 2544 463 2575 in
476 2544 564 2575 Villa
576 2544 618 2575 de
631 2545 777 2577 Suttone
791 2545 892 2586 juxta
908 2544 1150 2576 Plummouthe
1166 2544 1291 2575 situate
1303 2554 1339 2575 se
1356 2545 1568 2584 pretendens,
1586 2544 1725 2586 Majoris

336 2587 704 2619 Excommunicacionis
719 2589 896 2620 Sentencia
912 2599 931 2619 a
947 2588 1119 2620 nonnullis
1136 2588 1335 2621 Sanctorum
1354 2588 1494 2619 Patrum
1520 2588 1723 2620 constituci-

335 2630 465 2670 onibus,
491 2631 628 2671 provide
643 2631 678 2663 in
695 2632 757 2663 hac
779 2636 874 2673 parte
897 2632 997 2663 editis
1012 2635 1048 2663 et
1063 2631 1195 2672 publice
1218 2631 1450 2671 promulgatis,
1473 2631 1528 2670 sit,
1552 2634 1587 2663 et
1610 2632 1724 2672 fuerit,

334 2673 406 2715 jam
421 2678 474 2706 est
495 2674 566 2714 diu,
589 2674 662 2716 ipso
685 2675 774 2707 facto
797 2675 1059 2716 dampnabiliter
1080 2675 1267 2713 involutus,
1294 2685 1354 2714 pro
1377 2685 1415 2705 eo
1438 2675 1529 2715 quod
1553 2676 1723 2716 quendam

337 2717 548 2758 Stephanum
572 2718 768 2757 Derneford,
787 2719 829 2750 de
851 2718 1094 2750 Plummouthe
1117 2717 1278 2759 predicta,
1296 2718 1466 2749 notorium
1484 2718 1724 2758 parochianum

336 2764 500 2799 nostrum,
517 2761 643 2802 absque
658 2761 744 2803 juris
759 2762 960 2794 auctoritate
982 2765 1018 2794 et
1040 2762 1186 2800 licencia,
1209 2760 1252 2791 ab
1276 2761 1633 2793 Excommunieacione
1648 2773 1725 2804 qua,

338 2807 472 2845 propter
485 2805 708 2837 violentarum
718 2815 882 2837 manuum
892 2805 1109 2846 injeccionem
1123 2805 1157 2836 in
1171 2804 1406 2845 presbiterum,
1417 2804 1530 2836 fuerat
1542 2805 1725 2838 innodatus

338 2847 380 2878 de
405 2847 504 2887 facto,
533 2851 660 2880 temere
681 2849 902 2888 absolvebat,
893 2860 901 2868 ·
926 2859 1064 2886 necnon,
1088 2849 1123 2879 in
1146 2847 1504 2879 Excommunioacione
1527 2848 1726 2890 hujusmodi

337 2890 553 2931 pertinaciter
569 2902 791 2932 perseverans,
807 2893 842 2924 in
859 2893 949 2924 dicta
965 2892 1052 2923 Villa
1068 2892 1110 2923 de
1126 2891 1282 2930 Suttone,
1295 2894 1372 2929 etc„
1387 2891 1445 2922 ubi
1457 2893 1579 2923 morari
1591 2892 1725 2932 dicitur,

338 2933 462 2965 Divina
478 2934 609 2975 publice
624 2935 799 2974 celebrare,
815 2936 919 2968 immo
942 2935 1057 2977 pocius
1080 2934 1296 2976 prophanare,
1310 2934 1471 2983 nequiter
1487 2936 1727 2975 presumebat;

337 2977 440 3017 vobis,
456 2978 682 3010 communiter
697 2982 732 3011 et
746 2979 892 3016 divisim,
911 2982 988 3019 etc„
1005 2978 1207 3010 mandamus
1222 2976 1386 3019 quatinus
1401 2978 1546 3010 eundem
1566 2978 1726 3012 Fratrem
