1988 3256
299 368 392 412 192
497 381 598 415 THE
627 382 878 417 >semema
913 382 974 416 or
1008 382 1186 417 BISHOP
1220 383 1623 419 BRANTYNGHAM.

298 483 375 543 {³37¹}-
450 497 488 518 ac
500 487 739 520 Mandatorum
751 491 944 520 nostrorum
954 491 1188 539 contemptum
1201 488 1430 529 manifestum,
1441 493 1476 522 et
1491 490 1597 532 ipsius
1609 489 1718 522 clerici
1731 487 1839 520 nostri

296 550 362 577 Vol
450 531 637 572 dampnum
653 532 896 571 gravissimum,
915 533 956 563 de
972 543 1039 573 quo
1064 533 1227 564 miramur
1249 543 1350 574 quam
1374 534 1558 575 plurimum
1582 537 1618 566 et
1639 543 1838 571 movemur;

297 584 337 610 11,
451 574 545 606 vobis
547 575 675 615 ‚igitur,
688 575 799 606 adhuc
810 576 1019 615 mandamus,
1032 576 1173 607 firmiter
1187 576 1413 617 injungentes,
1426 577 1516 618 quod
1527 578 1686 619 premissa
1697 576 1838 614 faciatis,

449 617 549 659 juxta
577 622 726 650 tenorem
761 619 997 650 Mandatorum
1028 624 1220 651 nostrorum
1252 621 1489 660 predictorum,
1519 621 1613 652 vobis
1636 621 1730 661 prins
1758 619 1839 651 inde

449 662 677 701 directorum3
702 662 753 694 vel
777 673 834 694 vos
857 663 920 703 ipsi
944 663 1018 694 sitis
1041 673 1151 694 coram
1176 663 1272 695 nobis
1294 663 1329 695 in
1354 664 1490 696 Octabis
1513 664 1628 696 Sancti
1651 662 1834 702 Michaelis,

448 705 653 747 ubicumque
668 709 751 737 tunc
766 706 955 737 fuerimus‘
946 717 980 737 m
998 706 1128 747 Anglia‚
1144 707 1311 739 ostensuri
1327 718 1431 749 quare
1447 708 1607 740 Mandata
1628 710 1743 739 nostra
1766 716 1838 747 pre·

449 749 549 788 dicta,
565 749 691 781 tociens
708 750 801 781 vobis
823 749 902 781 inde
918 750 1054 790 directa,
1071 751 1192 792 exequi
1213 751 1647 792 contempsistis.—Tested
1670 754 1706 782 at
1730 750 1838 782 West-

450 793 601 832 minster,
623 794 642 825 8
667 793 952 834 July.—Against
978 794 1058 826 Nos.
1088 796 1129 826 44
1154 795 1222 826 and
1247 795 1288 827 45
1314 794 1343 826 is
1367 795 1502 827 written
1525 795 1561 827 in
1584 795 1644 827 the
1664 794 1838 835 margin——

451 836 468 852 “
481 836 550 868 Ista
566 837 684 868 Brevia
700 847 765 868 non
782 840 1010 879 pervenerunt
1025 837 1067 869 ad
1083 837 1269 870 Dominum
1285 838 1461 880 sigillata.”

404 912 556 954 46.—(7)
583 913 646 946 The
670 913 792 955 Bislwp
822 918 853 946 to
881 914 1002 947 Master
1030 914 1131 955 Huylz
1164 914 1333 956 Hiclynqe,
1368 915 1540 947 precentor
1564 915 1606 956 of
1627 913 1840 947 Creditoru—

451 957 569 998 Nuper
585 958 773 989 custodiam
789 961 826 990 et
840 958 1039 990 exercicium
1055 958 1301 1000 jurisdiccionis
1317 959 1553 991 Archidiaconi
1577 958 1714 998 Exonie,
1738 958 1839 990 certis

449 1004 485 1032 et
499 1001 658 1041 legitimis
674 1002 715 1033 de
738 1002 846 1033 causis
868 1005 1076 1043 sequestrate
1098 1002 1220 1034 Literis
1243 1002 1367 1034 nostris
1389 1002 1593 1044 patentibus,
1610 1003 1734 1034 dilecto
1756 1001 1835 1041 filio,

451 1045 611 1085 Magistro
627 1045 648 1077 J
651 1045 776 1076 ohanni
796 1045 970 1086 [Lugans],
988 1046 1124 1077 Rectori
1139 1046 1283 1077 Ecclesie
1300 1046 1342 1077 de
1366 1046 1584 1086 Petrokstow,
1607 1045 1693 1088 juris
1715 1045 1836 1087 perito,

450 1088 678 1120 commisimus
694 1089 729 1120 in
745 1089 840 1120 form·
842 1100 852 1119 ι
867 1089 964 1130 juris,
977 1092 1079 1130 prout
1094 1089 1155 1121 hec
1170 1092 1205 1121 et
1217 1090 1299 1121 alia·
1290 1100 1323 1121 m
1336 1090 1490 1130 Registro
1500 1071 1616 1121 nosti-o
1627 1092 1663 1121 et
1674 1089 1839 1122 Commis-

449 1132 541 1163 sione
557 1135 672 1163 nostra
694 1133 803 1163 eidem
827 1133 849 1164 J
851 1133 975 1164 ohanm
991 1133 1013 1164 f·
1013 1136 1079 1164 icta
1095 1133 1240 1174 plenarie
1252 1134 1470 1165 continentur
1484 1134 1545 1174 [aee
1561 1144 1591 1175 p.
1610 1133 1698 1173 1441,
1714 1143 1753 1164 ac
1751 1132 1838 1183 ‘jam

452 1175 546 1206 tarde
554 1176 659 1207 Breve
666 1176 830 1216 Regium
820 1186 855 1207 m
868 1186 905 1207 ea
916 1179 1009 1217 parte
1019 1177 1115 1208 nobis
1125 1177 1302 1217 directum,
1310 1180 1462 1208 tenorem
1468 1177 1646 1209 verborum
1652 1176 1839 1217 recepimus

451 1219 636 1258 continens,
653 1220 712 1260 qui
728 1219 867 1251 inferius
879 1220 1028 1251 seiiatim
1044 1220 1226 1251 scribitur'
1217 1231 1251 1251 m
1268 1220 1328 1252 hec
1342 1221 1454 1260 verba,
1457 1221 1698 1260 -Edwardus,
1715 1223 1790 1260 etc„
1802 1221 1856 1251 ut*

298 1261 348 1288 ¹¹0¹·
364 1262 407 1287 5b.
444 1273 557 1303 supra.
602 1244 774 1302 V'olentes,
792 1263 906 1303 igitur,
924 1263 1092 1294 Mandatis
1111 1264 1230 1304 Regiis,
1247 1264 1371 1305 quibus
1386 1265 1430 1296 ad
1446 1274 1582 1305 presens
1602 1264 1756 1295 resistere
1778 1266 1840 1294 aut

451 1306 677 1338 contradicere
692 1317 759 1338 non
775 1307 949 1347 audemus,
965 1310 1018 1338 set
1033 1317 1149 1348 parere
1171 1308 1206 1338 in
1229 1307 1395 1346 omnibus,
1414 1311 1454 1339 ut
1475 1307 1649 1346 debemus,
1665 1307 1781 1338 arduis
1803 1309 1840 1339 et

451 1350 632 1390 inopinatis
648 1350 802 1390 occupati
818 1350 961 1388 negociis
977 1350 1176 1382 relaxacioni
1199 1351 1288 1382 dicte
1313 1351 1598 1392 Sequestracionis
1621 1350 1841 1392 personaliter

450 1393 626 1425 intendere
642 1404 709 1425 non
725 1394 883 1433 valentes,
895 1394 938 1425 ad
948 1393 1168 1425 relaxandum
1180 1394 1305 1426 dictam
1318 1395 1641 1445 Sequestracionem,
1655 1395 1683 1426 si
1697 1393 1838 1426 Canoni-

451 1447 529 1468 cum
545 1447 610 1468 non
628 1437 771 1468 obsistat
793 1435 1115 1478 [impedimentum]‚
1132 1438 1259 1469 vocatis
1282 1438 1441 1479 primitus
1462 1439 1496 1469 in
1521 1448 1560 1470 ea
1582 1441 1678 1479 parte
1699 1438 1742 1469 de
1763 1437 1840 1479 jure

451 1481 618 1520 vocandis,
642 1481 677 1512 in
702 1481 854 1522 proximo
871 1481 1075 1513 Consistorio
1099 1484 1175 1522 post
1200 1481 1314 1513 datam
1337 1482 1551 1514 Presencium
1579 1482 1734 1523 proximo
1755 1481 1838 1513 cele-

451 1524 589 1564 brande,
605 1527 641 1555 et
656 1524 699 1555 ad
714 1524 825 1556 omnia
841 1524 906 1556 alia
928 1525 962 1556 in
986 1525 1077 1556 dicto
1101 1524 1200 1556 Brevi
1221 1528 1380 1557 contenta
1403 1526 1596 1557 faciendum
1611 1528 1647 1557 et
1662 1525 1838 1566 expedien-

452 1568 535 1599 dum
552 1578 618 1609 que
633 1578 694 1599 nos
710 1568 817 1599 facere
839 1568 874 1599 in
898 1578 936 1600 ea
959 1571 1055 1609 parte
1077 1579 1251 1609 possemus
1272 1569 1408 1609 ibidem,
1425 1569 1453 1601 si
1469 1569 1687 1611 personaliter
1701 1569 1839 1600 interes-

452 1622 574 1651 semus,
602 1615 719 1643 tenore
747 1612 961 1644 Presencium
986 1612 1232 1644 committimus
1258 1613 1346 1645 vices
1369 1616 1525 1652 nostras3
1547 1612 1690 1654 juribus,
1714 1615 1839 1653 tamen,

453 1656 602 1687 Romane
625 1655 782 1695 Ecclesie,
807 1666 845 1687 ac
866 1655 1005 1687 alterius
1028 1655 1273 1698 cujuscumque
1295 1656 1331 1688 in
1354 1657 1511 1689 omnibus
1533 1667 1665 1698 semper
1686 1655 1840 1688 salvis.-

451 1699 562 1731 Dated
578 1701 614 1730 at
631 1699 832 1740 Faringdm,
853 1700 891 1731 15
909 1699 1001 1742 July.

407 1774 716 1815 47.—00ncerninq
733 1775 784 1808 the
806 1775 880 1807 Will
891 1775 933 1817 of
941 1775 1032 1808 John
1049 1776 1247 1808 Dabernoun
1264 1776 1441 1816 (Received
1457 1779 1494 1808 at
1509 1776 1617 1818 Clyst,
1635 1777 1675 1809 15
1692 1777 1778 1818 Aug.
1786 1776 1842 1817 ›—

457 1819 500 1851 To
515 1819 566 1850 the
583 1819 845 1860 Bishop‚—Q11ia
867 1820 1039 1852 Johannes
1064 1818 1179 1861 [Noe]‚
1197 1820 1348 1852 Vicarius
1371 1820 1517 1852 Ecclesie
1540 1820 1654 1852 Sancti
1677 1820 1841 1862 Stephani

456 1862 505 1904 [in
524 1863 699 1903 Branelle],
717 1864 749 1894 in
770 1864 949 1903 Cornubia,
966 1866 1002 1895 et
1018 1864 1185 1895 Robertus
1202 1863 1458 1905 Vaggescombe,
1477 1865 1621 1895 Persona
1637 1864 1782 1895 Ecclesie
1798 1865 1841 1896 de

454 1907 631 1946 Parkham,
649 1908 853 1938 Executores
869 1907 1077 1938 Testamenti
1094 1907 1113 1938 J
1117 1907 1258 1938 ohannis
1275 1907 1487 1948 Dabernoun,
1504 1918 1612 1948 nuper
1627 1907 1840 1939 Vicecotnitis

455 1950 646 1982 Comitatus
662 1951 839 1989 cornubie,
856 1951 965 1982 clerici
987 1953 1078 1990 sunt,
1095 1954 1129 1982 et
1151 1950 1339 1982 beneficiati
1359 1951 1395 1982 in
1420 1951 1551 1983 Diocesi
1567 1954 1690 1989 vestra,
1706 1951 1839 1984 nullum

453 1994 615 2025 habentes
630 1994 751 2026 laicum
775 1994 912 2026 feodum
937 2005 995 2035 per
1017 1995 1107 2036 quod
1131 1994 1287 2036 distringi
1309 1997 1461 2036 possunt,
1478 1998 1579 2036 prout
1595 1995 1783 2026 Willelmus
1798 1996 1840 2027 de

456 2038 648 2077 Cranwelle,
665 2038 856 2069 Vicecomes
872 2041 986 2070 noster
1001 2038 1192 2070 Comitatus
1208 2036 1360 2079 predicti,
1372 2039 1558 2070 returnavit
1572 2039 1614 2070 ad
1630 2038 1839 2070 Scaccarium

453 2085 606 2112 nostrum
635 2082 669 2112 in
701 2082 845 2113 crastino
873 2081 989 2113 Sancti
1016 2081 1148 2113 Hillarii
1178 2081 1300 2113 ultimo
1324 2082 1493 2123 preterito,
1520 2081 1614 2113 vobis
1640 2082 1841 2114 mandamus

453 2125 544 2166 quod
562 2125 673 2156 venire
688 2125 789 2156 facias
805 2136 914 2157 coram
932 2125 1118 2156 Baronibus
1134 2125 1176 2156 de
1192 2125 1360 2157 Scaccario
1376 2129 1491 2157 nostro
1506 2125 1595 2167 apud
1612 2125 1838 2158 Westmonns-

456 2168 578 2199 terium
602 2169 638 2199 in
661 2169 806 2200 crastino
829 2169 944 2200 Sancti
968 2169 1148 2208 Michaelis,
1173 2169 1340 2210 predictos
1369 2169 1559 2201 Johannem
1583 2172 1619 2200 et
1645 2169 1839 2210 Robertum,

456 2212 661 2244 Executores
677 2213 884 2244 Testamenti
899 2212 1041 2253 predicti
1058 2212 1079 2244 J
1082 2212 1222 2244 ohannis
1237 2212 1452 2253 Dabernoun,
1464 2214 1508 2244 ad
1523 2213 1731 2244 reddendum
1744 2213 1841 2245 nobis

454 2266 514 2295 pro
530 2256 680 2296 predicto
695 2256 716 2288 J
719 2256 850 2287 ohanne
866 2256 1079 2295 Dabernoun‚
1092 2266 1159 2287 una
1174 2266 1251 2287 cum
1268 2256 1424 2288 Johanna
1438 2266 1505 2298 que
1519 2256 1588 2288 fuit
1598 2266 1683 2288 uxor
1699 2257 1842 2297 predicti

456 2299 476 2329 J
481 2299 621 2330 ohannis
639 2300 853 2338 Dabernoun,
869 2300 998 2331 Thome
1015 2299 1173 2339 Fursene,
1190 2303 1226 2331 et
1240 2299 1395 2331 Johanne
1412 2300 1530 2340 Ysaak,
1547 2300 1620 2331 aliis
1643 2300 1838 2332 Executori·

455 2343 518 2374 bus
534 2343 741 2374 Testamenti
758 2343 900 2384 predicti
916 2343 937 2376 J
940 2343 1081 2375 ohannis
1097 2343 1311 2383 Dabernoun,
1324 2346 1519 2384 compotum
1535 2343 1578 2374 de
1589 2343 1736 2375 exitibus
1752 2346 1840 2375 terre
1899 2378 1905 2383 U

454 2389 490 2418 et
504 2389 776 2418 tenementorum
789 2397 855 2428 que
872 2387 1039 2418 Balvanus
1054 2386 1096 2418 de
1111 2386 1302 2427 Southorpe
1317 2387 1430 2419 tenuit
1443 2387 1478 2418 in
1494 2387 1708 2428 Wynyntone
1723 2387 1775 2427 [in
1789 2386 1842 2420 Ωιι

455 2430 575 2462 Parim
599 2430 639 2471 of
663 2430 709 2462 St.
744 2429 845 2471 θην-ῃ]
868 2433 903 2461 et
930 2431 1115 2471 Marendyn
1142 2430 1313 2470 [Μετ-ιΙιεη,
1338 2432 1374 2462 in
1397 2430 1447 2462 the
1472 2430 1592 2462 Par-ish
1618 2429 1660 2471 ⁰s
1682 2429 1730 2463 Sc.
1759 2430 1840 2462 Gon-

454 2473 618 2514 stantineL
631 2476 666 2505 et
677 2474 718 2505 de
730 2474 878 2506 exitibus
890 2473 984 2506 firme
1001 2485 1059 2515 pro
1069 2473 1205 2505 licencia
1216 2474 1356 2505 saliendi
1370 2474 1485 2515 pisces,
1502 2484 1561 2515 pro
1572 2483 1639 2516 qua
1651 2473 1841 2506 Willelmus

455 2518 583 2558 Bydam
599 2518 739 2549 reddere
754 2518 883 2549 solebat
899 2528 943 2549 xx
960 2528 1068 2549 mar-cz
1085 2527 1144 2558 per
1159 2527 1286 2549 annum
1302 2517 1344 2549 de
1359 2521 1509 2559 tempore
1525 2528 1592 2559 quo
1606 2517 1696 2549 idem
1713 2517 1735 2549 J
1737 2517 1838 2549 ohan·
1901 2550 1910 2557 ‚

453 2571 513 2592 nes
533 2561 737 2593 Dabernoun
754 2561 832 2593 iude
847 2561 967 2592 habuit
982 2561 1168 2592 custodiam
1184 2564 1220 2592 et
1235 2571 1302 2592 non
1318 2561 1533 2602 computavit.
1589 2561 1635 2592 Et
1657 2560 1841 2592 remittatis

452 2604 500 2636 ibi
522 2607 606 2636 tunc
628 2605 690 2637 hoc
713 2605 995 2637 Breve.—Tested
1019 2607 1055 2636 at
1076 2604 1322 2644 westminster,
1340 2604 1385 2646 by
1400 2605 1438 2637 Τ.
1455 2605 1496 2636 de
1518 2604 1684 2644 Lodelow,
1701 2605 1718 2636 1
1743 2604 1836 2645 July.

412 2648 609 2687 —Thomas‚
624 2648 827 2688 etc.‚dilecto
844 2648 920 2688 filio,
928 2648 1061 2679 Decano
1075 2647 1337 2680 Christianitatis
1350 2652 1463 2680 nostre
1473 2648 1619 2680 Ecclesie
1633 2647 1840 2687 Exoniensis,

453 2691 607 2731 salutem,
618 2695 681 2724 etc.
730 2692 941 2723 Committim
947 2703 986 2723 us
996 2695 1030 2722 et
1047 2692 1244 2723 mandamus
1255 2692 1416 2732 quatinus
1428 2692 1511 2723 cites
1520 2695 1556 2723 et
1567 2691 1758 2732 premunias
1776 2692 1840 2722 Do·

456 2735 586 2766 minum
605 2736 791 2767 Robertum
810 2735 1064 2776 Vaggescmnbe,
1082 2735 1261 2767 Personam
1278 2735 1423 2767 Ecclesie
1435 2735 1477 2767 de
1494 2735 1670 2774 Parkham,
1687 2735 1778 2776 quod
1794 2735 1840 2766 sit

455 2788 564 2809 coram
579 2779 765 2810 Bar-onibus
777 2779 819 2810 de
831 2779 1000 2811 Scaccario
1011 2778 1149 2810 Domini
1165 2779 1271 2810 nostri
1283 2779 1392 2819 Regis,
1405 2779 1496 2819 apud
1510 2778 1839 2817 Wesmouasterium,

456 2822 488 2852 in
503 2823 647 2853 crastino
659 2822 774 2854 Sancti
791 2823 961 2854 Michaelis
976 2822 1128 2864 proximo
1143 2821 1271 2860 futuro,
1286 2822 1439 2853 facturus
1454 2822 1488 2853 in
1505 2822 1663 2853 omnibus
1678 2824 1714 2853 et
1728 2831 1838 2862 recep-

456 2867 554 2896 turus
571 2866 661 2906 quod
678 2869 774 2896 tenor
790 2866 872 2898 dicti
892 2866 1002 2897 Brevis
1018 2866 1053 2897 iu
1068 2875 1103 2896 se
1118 2865 1222 2906 exigit
1238 2868 1272 2896 et
1287 2865 1437 2907 requirit.
1484 2866 1531 2897 Et
1545 2865 1628 2907 quid
1645 2864 1788 2897 feceritis
1802 2864 1838 2897 in

454 2909 622 2948 premissis
637 2919 707 2946 nos,
723 2909 806 2940 citra
822 2910 962 2941 Festum
980 2909 1203 2940 Exaltacionis
1226 2909 1348 2941 Sancte
1363 2909 1480 2941 Crucis
1503 2908 1655 2950 proximo
1670 2908 1838 2948 futurum,

455 2951 614 2983 distincte
640 2955 675 2983 et
705 2955 819 2993 aperte
846 2953 1006 2985 certifices
1037 2951 1159 2984 Literis
1188 2952 1258 2984 tuis
1286 2952 1491 2994 patentibus,
1519 2952 1722 2984 habentibus
1747 2951 1839 2984 hunc

450 2996 769 3029 tenorem.-Dated
786 3000 821 3027 at
838 2996 1011 3036 Crediton,
1029 2997 1071 3027 22
1088 2996 1171 3039 Aug.
