1988 3256
328 345 422 392 408
541 360 642 394 ΤΗΕ
676 360 921 395 Rsoisrna
955 362 1014 396 oF
1049 362 1229 398 Blsnor
1262 362 1671 399 BRANTYNGHAM.

323 460 402 521 ἓξ]
435 462 907 517 Letters-Dimissory,—

322 528 385 555 Vol.
401 528 414 555 1
431 517 568 551 Walter
585 518 759 561 Aylmere,
780 520 890 562 prim.
914 524 1016 562 tons„
1039 521 1057 535 “
1070 520 1115 554 ad
1133 531 1250 555 omnes
1270 520 1427 564 Ordines,
1449 525 1522 555 tam
1542 522 1665 556 Sacros
1683 532 1790 565 quam
1807 520 1872 554 Mi·

473 573 574 595 nores
587 562 604 576 '’
630 563 736 605 (same
759 564 862 606 date).

428 628 640 678 Episcopal
662 629 833 674 Mauors,
855 632 929 667 etc.
947 642 958 677 ;
986 629 1054 668 Ad
1070 629 1322 668 audiendum
1339 638 1626 680 compotum,—

431 682 532 724 Item,
558 681 699 723 ibidem,
724 682 786 724 xiij
814 682 880 723 die,
906 684 1084 716 emanavit
1106 683 1310 717 commissio
1334 685 1469 718 directa
1493 685 1652 718 Dominis
1677 683 1806 718 Thome
1831 683 1875 717 de

475 726 694 769 Stayndrope
714 729 750 759 et
780 726 937 760 Waltero
967 726 1066 769 Myn,
1090 728 1320 761 communiter
1349 732 1386 761 et
1416 727 1567 767 divisim,
1591 727 1635 760 ad
1666 727 1876 760 audiendum

472 773 671 811 compotum
688 770 761 802 sive
778 770 1002 803 raciocinium
1018 770 1269 813 Magistrorum
1287 771 1415 814 Rogeri
1434 771 1540 814 Paga,
1560 772 1584 805 J
1586 771 1731 804 ohannis
1742 771 1872 804 North-

469 813 578 855 wode,
605 813 772 846 Willelmi
806 813 959 856 Hendre,
987 814 1135 848 Walteri
1170 815 1377 857 Nywatone‚
1405 819 1441 848 et
1463 815 1635 848 Johannis
1672 814 1868 856 Twyforde,

474 856 517 889 de
533 855 807 900 quibuscumque
823 857 1050 900 proventibus
1067 858 1320 891 Ecclesiasticis
1337 869 1400 901 per
1415 859 1553 892 eosdem
1571 860 1799 892 communiter
1815 868 1876 891 seu

473 900 612 934 divisim
630 902 791 944 receptis,
812 905 848 935 et
867 901 912 935 ad
930 902 1128 936 faciendum
1147 902 1276 936 eisdem
1294 903 1549 945 acquietancias
1570 902 1612 936 de
1632 902 1764 936 solutis.

435 969 661 1022 Clayhidon
681 969 886 1025 [Hydone,
908 971 1015 1026 MS]
1029 986 1040 1020 3
1069 971 1134 1010 Sir
1151 972 1263 1011 John
1283 973 1420 1020 Benet,
1442 974 1564 1020 R„-

430 1024 575 1058 Licence
598 1025 635 1058 of
655 1025 916 1058 non-residence
936 1026 993 1059 for
1014 1036 1037 1059 a
1055 1036 1150 1068 year,
1177 1027 1195 1041 “
1207 1026 1301 1068 dum,
1326 1031 1454 1068 tamen,
1481 1027 1620 1061 steterit
1640 1027 1677 1060 in
1700 1026 1874 1070 obsequiis

472 1068 497 1102 J
499 1067 644 1102 ohannis
661 1068 704 1102 de
720 1068 932 1117 Beverleghe
950 1080 1013 1113 per
1029 1070 1122 1104 idem
1139 1074 1278 1114 tempus
1289 1071 1307 1085 ‘’
1331 1071 1436 1114 (same
1454 1071 1559 1115 date).

433 1127 663 1176 Orator-ies,
691 1127 853 1166 Licence
874 1134 910 1166 to
929 1129 1177 1176 celebrate,—

428 1181 529 1224 Item,
547 1180 688 1223 ibidem,
705 1182 766 1215 xix
782 1182 848 1223 die,
866 1183 1037 1216 Dominus
1053 1183 1222 1216 concessit
1237 1183 1433 1217 Licenciam
1447 1183 1623 1217 Willelmo
1640 1183 1683 1217 de
1699 1183 1874 1226 Gervyng-

471 1229 554 1258 tone
570 1229 606 1258 et
622 1225 772 1258 Ismam'e
789 1226 889 1259 uxori
906 1227 994 1268 ejus,
1013 1226 1106 1269 quod
1123 1228 1269 1270 possint,
1290 1231 1371 1268 etc.,
1389 1228 1426 1260 in
1443 1227 1593 1271 Capellis
1611 1228 1684 1261 sive
1702 1227 1873 1262 Oratoriis

470 1269 564 1301 infra
584 1268 742 1302 Maneria
762 1270 949 1308 eoumdem
970 1271 1013 1304 de
1033 1270 1144 1314 Amy,
1169 1275 1205 1305 et
1227 1271 1429 1305 Southdone
1450 1271 1506 1313 [in
1529 1271 1749 1316 Dumforffl,
1775 1275 1868 1312 etc.;

470 1322 534 1355 per
550 1322 657 1345 unum
674 1322 804 1346 annum
821 1312 1036 1347 duraturam.

429 1378 464 1416 A
483 1378 783 1416 contumacious
812 1380 1154 1418 excommunicate
1166 1393 1178 1428 3
1205 1380 1289 1418 Pro
1316 1381 1500 1431 capcione
1527 1380 1702 1431 corporis
1728 1394 1872 1421 excom-

484 1431 695 1479 manicati,

425 1484 528 1528 Item,
543 1486 640 1527 xxvij
659 1486 725 1526 die,
741 1486 916 1519 emanavit
930 1486 1049 1519 Litera
1064 1487 1336 1529 Significacionis
1352 1488 1501 1520 Domino
1515 1487 1616 1529 Regi,
1632 1498 1695 1530 pro
1711 1488 1874 1531 capcione

470 1530 624 1571 corporis
645 1529 790 1562 Henrici
810 1529 970 1572 Pestour,
992 1530 1084 1572 laici,
1109 1531 1397 1564 excommunicati
1418 1542 1481 1574 per
1501 1532 1538 1566 xl
1559 1533 1632 1566 dies
1653 1536 1689 1566 et
1709 1532 1869 1575 amplius,

469 1576 575 1615 prout
597 1583 659 1616 per
682 1572 974 1607 Gertificatorium
998 1574 1164 1608 Officialis
1187 1574 1395 1618 Principalis
1419 1575 1624 1610 Exoniensis
1648 1580 1684 1610 et
1708 1587 1770 1620 per
1793 1580 1873 1610 acta

468 1616 625 1659 ejusdem
642 1616 835 1660 apparebit.

427 1680 682 1719 Launceston
711 1681 882 1733 Priory3
924 1681 1202 1732 Suhdeleqacio
1244 1696 1322 1732 pro
1341 1689 1458 1734 parte
1485 1683 1647 1722 Prioris
1674 1684 1869 1724 Laumes-

483 1740 656 1781 tome,—
837 1771 842 1775 .

425 1787 527 1831 Item,
556 1788 686 1822 eisdem
712 1788 767 1822 die
793 1792 828 1822 et
853 1788 941 1829 loco,
970 1789 1095 1822 Frater
1121 1788 1318 1832 Stephanus
1345 1790 1530 1831 Tredidan,
1559 1790 1662 1825 Prior
1689 1791 1870 1825 Prioratus

468 1832 731 1874 Launcestonie,
756 1833 793 1865 in
813 1833 991 1875 presencia
1013 1833 1190 1866 Edmundi
1213 1833 1256 1866 de
1277 1834 1530 1876 Malmeshulle,
1555 1835 1695 1868 Notarii
1718 1835 1867 1876 Publici,

468 1875 697 1909 Dominorum
718 1876 890 1910 Johannis
910 1877 1113 1919 Luffewyke
1135 1881 1170 1910 et
1191 1877 1362 1911 «Iohannis
1383 1878 1612 1921 Langeleghe,
1637 1890 1677 1912 ac
1697 1879 1870 1913 «Iohannis

467 1918 647 1961 Coteresse,
674 1918 945 1962 presbiterorum
971 1920 1220 1955 Lincolniensis
1247 1925 1284 1954 et
1306 1922 1512 1956 Exoniensis
1537 1923 1746 1962 Diocesium,
1776 1923 1868 1956 exhi-

466 1961 544 1995 buit
565 1963 700 1995 Literas
721 1962 941 2005 Apostolicas
963 1963 1215 2006 Delegacionis,
1241 1965 1390 1998 Domino
1414 1966 1600 1999 Exoniensi
1615 1965 1796 2009 ‘Episcopo
1820 1966 1867 1999 di-

466 2009 590 2045 rectas,
608 2015 755 2048 quarum
767 2010 868 2039 tenor
880 2007 929 2040 sic
943 2007 1289 2050 incipit,—Urbanus
1303 2008 1508 2051 Episcopus,
1526 2013 1606 2048 etc.,
1622 2014 1658 2044 et
1672 2011 1721 2044 sic
1735 2010 1872 2050 finit,—

467 2049 561 2082 Data
582 2049 702 2090 Rome,
726 2049 820 2092 apud
842 2050 1007 2083 Sanctum
1029 2051 1184 2092 Petrum,
1208 2052 1281 2092 vjto
1300 2052 1478 2086 Kalendas
1500 2054 1610 2094 Junii,
1635 2054 1863 2087 Pontificatus

463 2093 574 2125 nostri
594 2103 684 2126 anno
703 2093 854 2126 secundo
870 2094 927 2134 [27
947 2093 1043 2136 May,
1068 2094 1176 2135 1379}
1223 2094 1358 2134 Quibus
1377 2106 1455 2128 cum
1475 2095 1593 2129 debita
1606 2098 1809 2130 reverencia
1829 2098 1864 2130 in

463 2135 605 2179 Capella
625 2134 688 2169 sua
706 2137 866 2179 receptis,
887 2140 1031 2179 propter
1048 2138 1164 2170 varias
1184 2139 1441 2180 occupaciones,
1464 2142 1544 2180 etc.,
1568 2139 1808 2183 subdelegavit
1828 2144 1864 2174 et

461 2181 555 2213 vices
575 2190 653 2213 suas
673 2181 847 2213 commisit
863 2180 1045 2223 Magistris
1064 2179 1238 2214 Willelmo
1258 2182 1436 2225 Trevellys
1454 2186 1490 2215 et
1508 2183 1645 2226 Rogero
1666 2183 1775 2226 Payn,
1799 2183 1862 2217 ca-

464 2224 597 2257 nonicis
611 2223 648 2257 in
663 2223 827 2257 Ecclesiis
842 2223 1109 2258 Cathedralibus
1122 2226 1309 2258 Exoniensi
1324 2229 1361 2259 et
1374 2225 1539 2259 Wellensi
1553 2239 1561 2266 ;
1585 2227 1692 2260 donec
1707 2237 1776 2268 eaS,
1794 2230 1860 2260 etc.

426 2287 609 2327 Another
646 2287 958 2339 Subdelegation
974 2302 986 2336 3
1028 2290 1305 2340 Subdeleycwio
1336 2305 1414 2341 pro
1444 2297 1560 2341 parte
1593 2292 1765 2331 Domini
1810 2293 1865 2332 W·

482 2342 573 2380 Fitz
592 2342 736 2392 Haase,
760 2342 976 2388 Militis,—

423 2395 524 2435 Item‚
540 2396 740 2437 Londoniis,
756 2397 866 2439 xxviij
884 2397 950 2437 die,
968 2396 1137 2429 Dominus
1152 2397 1324 2430 commisit
1338 2398 1430 2430 vices
1445 2408 1524 2431 suas
1539 2397 1720 2440 Magistris
1734 2398 1863 2432 Thome

467 2439 665 2482 Schyptone
701 2443 736 2473 et
758 2440 894 2482 Rogero
916 2440 1026 2482 Payn,
1051 2440 1232 2473 Canonicis
1254 2440 1476 2483 prebendatis
1497 2442 1533 2474 in
1555 2442 1719 2476 Ecclesiis
1742 2443 1865 2476 Cathe-

465 2483 620 2517 dralibus
634 2483 799 2517 Wellensi
813 2488 849 2517 et
862 2484 1060 2526 Exoniensi,
1078 2484 1121 2517 ad
1135 2484 1372 2525 exequendum
1387 2485 1522 2518 Literas
1535 2485 1755 2528 Apostolicas
1769 2486 1867 2520 Dele-

465 2527 619 2568 gacionis
630 2527 767 2569 prefato
779 2527 928 2560 Domino
941 2538 962 2559 a
973 2527 1059 2560 Sede
1070 2527 1272 2570 Apostolica
1283 2539 1346 2570 pro
1358 2532 1458 2570 parte
1473 2529 1610 2562 Nobilis
1621 2531 1709 2569 Viri,
1724 2531 1863 2563 Domini

465 2569 631 2604 willelmi
649 2571 728 2604 Fitz
747 2570 872 2611 Raufe,
891 2570 1027 2611 Militis,
1048 2571 1265 2614 impetratas,
1285 2576 1321 2606 et
1339 2573 1451 2606 eidem
1468 2573 1618 2607 Domino
1637 2574 1797 2615 directas,
1819 2573 1865 2607 ad

466 2614 704 2658 exequendum
716 2626 725 2654 3
753 2614 860 2648 donec
879 2625 946 2656 eas,
968 2618 1034 2647 etc.

427 2679 759 2730 Testamentary;
787 2678 983 2717 Dimissio
1010 2679 1277 2717 Eaeecutorum
1292 2681 1448 2721 Nobilis
1485 2682 1584 2729 Viri,
1609 2683 1780 2722 Domini
1797 2684 1862 2722 Jo-

480 2733 630 2771 hannis
659 2734 705 2772 de
734 2732 991 2782 Welynqtone,
1015 2732 1231 2779 Militi8‚—
1838 2772 1841 2774 .

421 2786 523 2829 Item,
546 2787 675 2820 eisdem
694 2787 750 2820 die
769 2790 804 2820 et
822 2786 910 2826 loco,
933 2787 1103 2820 Dominus
1124 2787 1255 2821 dimisit
1276 2788 1443 2821 Thomam
1464 2789 1506 2822 de
1527 2788 1768 2832 Welyngtone,
1793 2790 1861 2823 Do-

466 2831 597 2863 minum
609 2830 633 2863 J
635 2830 805 2862 ohannem
817 2829 1122 2869 Paulot‚Militem,
1136 2834 1171 2862 et
1183 2830 1370 2863 Dominum
1381 2831 1405 2864 J
1407 2831 1576 2865 ohannem
1587 2832 1856 2876 Galmyngtone‚

316 2873 364 2905 soh
379 2872 419 2899 76.
464 2873 647 2906 Rectorem
669 2873 821 2906 Ecclesie
844 2874 886 2907 de
907 2873 1023 2906 Parva
1044 2874 1229 2916 Torytone‚
1255 2875 1466 2908 Executores
1489 2876 1701 2911 Testamenti
1725 2877 1862 2911 Nobilis

463 2916 553 2958 Viri,
578 2916 717 2949 Domini
740 2916 911 2950 Johannis
934 2917 975 2950 de
998 2917 1240 2959 Welyngtone‚
1267 2918 1403 2960 Militis,
1428 2918 1595 2961 defuncti,
1621 2920 1665 2954 ab
1687 2921 1861 2955 ulterioris

460 2960 623 3002 compoti,
650 2959 783 3002 calculi,
809 2970 870 2993 seu
891 2961 1067 2994 raciocinii
1089 2961 1296 3003 reddicione,
1322 2966 1402 3004 etc.,
1426 2962 1595 2997 bonorum
1620 2964 1775 3007 ejusdem
1799 2964 1855 2997 de-

1961 2215 1988 2514 ...μάψ-ψ*
1983 2184 1988 2186 ,
1985 2118 1988 2148 m„
1986 2071 1988 2079 .„
1984 2023 1988 2046 ,-.
1985 1972 1988 2002 ,Α
