1988 3256
151 466 177 493 Δ
182 486 188 493 .
193 467 231 494 D.

151 499 228 528 1373.

154 534 216 560 Vol.
237 533 264 561 Ῑ.

152 567 205 594 fol.

153 601 216 629 svb.

154 634 255 669 [Jum-

156 670 215 700 cs]

486 368 775 403 REGISTRUM
812 358 1273 401 coMMuNs—ANNO
1311 356 1373 399 3⁰.
1604 354 1699 398 305

265 470 411 509 Exeter
429 470 642 509 Cathedral
659 484 672 519 ;
692 457 952 521 Sequestracio
962 470 1172 519 fructuum
1185 467 1426 506 Precentorie
1440 466 1672 505 Emoniensis
1682 481 1702 513 ‚-

322 521 435 578 [This
457 525 587 576 Entry
606 526 639 564 is
658 525 845 576 repeated
864 537 914 563 on
934 524 1001 563 fol.
1023 521 1106 576 39.]

266 578 424 617 Thomas,
439 582 517 618 etc.‚
534 579 704 620 Magistris
726 580 748 612 J
750 579 874 611 ohanni
889 578 1027 621 Wyliot,
1045 576 1248 610 Cancellario
1273 575 1418 608 Ecclesie
1441 578 1556 607 nostre
1575 574 1694 607 Cathe-

311 622 413 654 dralis
431 623 569 660 Exonie,
586 626 622 654 et
638 623 775 664 Hugoni
798 622 954 663 Hiclyng,
978 621 1124 653 Ecclesie
1146 623 1260 652 nostre
1275 619 1474 661 Cryditonie
1490 618 1694 658 Precentori‚

310 666 466 706 salutem,
483 667 687 699 etc.-—Licet
701 677 817 707 nuper,
833 666 932 698 certis
947 668 983 697 et
998 665 1156 706 legitimis
1171 665 1215 696 de
1229 664 1337 696 causis
1348 674 1410 695 nos
1425 663 1468 694 ad
1484 663 1547 694 hoc
1561 672 1698 694 moven-

311 710 416 748 tibus,
433 713 549 742 nostra
570 710 739 742 ordinaria
759 710 970 748 auctoritate,
987 709 1209 750 Sequestrum
1228 708 1264 739 in
1279 707 1460 739 fructubus
1475 704 1540 748 [et]
1558 716 1697 747 proven-

307 753 414 785 tubus
440 754 654 786 Precentorie
681 757 795 785 nostre
820 753 1032 786 Cathedralis
1063 751 1208 784 Ecclesie
1234 751 1393 793 predicte,
1417 754 1459 782 ut
1488 750 1649 781 asseritur
1678 760 1699 781 a

307 796 496 839 fidedignis,
516 797 633 830 extitit
647 797 884 839 interpositum
901 807 960 838 per
975 797 1170 834 Decretum,
1193 795 1235 827 de
1257 805 1326 836 quo
1348 805 1415 826 non
1431 793 1610 825 recolimus
1625 793 1696 835 jam

306 841 349 872 ad
374 851 521 882 presens,
548 851 610 873 nec
633 851 693 883 per
718 843 873 872 nostrum
897 840 1090 880 Registrum
1114 839 1210 871 nobis
1233 838 1359 880 poterit
1380 847 1539 879 apparere
1562 837 1698 878 quovis-

309 885 436 924 mod03
467 884 675 924 Custodiam,
699 895 788 923 vero,
812 883 1011 926 hujusmodi
1033 883 1209 915 fructuum
1233 885 1268 914 et
1289 885 1518 923 proventuum
1543 881 1698 912 Dominis

308 928 439 959 Thome
454 927 620 970 [Draper],
637 928 836 960 Subdecano
859 927 1007 959 Ecclesie
1029 930 1144 958 nostre
1167 926 1365 958 Exoniensis
1387 924 1570 964 antedicta,
1587 935 1625 956 ac
1640 924 1697 956 Jo-

311 971 413 1003 hanni
430 971 595 1012 [Pruste],
620 982 682 1013 pro
704 975 788 1003 tunc
803 971 935 1004 Vicario
958 970 1105 1002 Ecclesie
1129 969 1330 1002 Parochialis
1346 970 1388 1000 de
1404 969 1610 1010 Peyngtone,
1634 967 1699 999 sub

310 1018 402 1047 certa
418 1015 526 1047 forma
541 1015 577 1047 in
594 1015 718 1047 nostris
734 1015 858 1047 Literis
873 1015 1005 1056 plenius
1020 1018 1222 1055 expressata,
1239 1013 1434 1047 memoriter
1444 1013 1600 1044 novimus
1610 1021 1698 1043 com-

310 1059 440 1091 misisse
456 1069 466 1098 ;
488 1059 597 1098 novis,
613 1062 738 1099 tamen,
755 1069 846 1091 nuuc
860 1058 1110 1099 emergentibus
1133 1058 1252 1096 causis,
1270 1067 1358 1089 nova
1373 1056 1605 1095 medicamina,
1629 1055 1709 1095 ple--

309 1102 397 1134 niori
411 1113 514 1144 super
529 1103 699 1144 premissis
722 1102 964 1134 deliberacione
987 1101 1112 1141 habita,
1128 1100 1321 1133 curavimus
1343 1099 1510 1133 adhibere.
1556 1101 1699 1140 Seques-

310 1150 416 1186 trum,
432 1146 460 1178 si
475 1147 566 1188 quod
590 1146 671 1178 alias
693 1146 812 1178 extitit
833 1146 1082 1187 interpositum,
1106 1148 1143 1177 et
1166 1144 1363 1177 Custodiam
1379 1143 1558 1175 fructuum
1581 1142 1697 1185 hujus-

310 1189 403 1221 modi
418 1189 579 1222 duximus
591 1190 785 1229 revocanda,
798 1192 902 1231 prout
916 1190 1021 1221 decet.
1059 1188 1173 1228 Vobis,
1183 1187 1394 1229 conjunctim
1409 1190 1444 1219 et
1459 1187 1593 1219 divisim
1607 1197 1699 1218 man-

313 1233 444 1273 damus,
460 1233 603 1265 firmiter
618 1233 846 1275 injungentes,
861 1233 1032 1275 quatinus,
1045 1232 1171 1264 vocatis
1184 1232 1248 1263 hiis
1260 1231 1319 1273 qui
1335 1232 1377 1263 de
1391 1230 1468 1272 jure
1483 1231 1518 1262 in
1529 1231 1591 1262 hac
1607 1233 1702 1271 parte

308 1277 439 1309 fuerint
453 1277 625 1315 evocandi,
640 1277 674 1309 in
694 1278 779 1309 Loco
796 1277 995 1310 Consistorii
1011 1280 1125 1308 nostre
1143 1275 1353 1307 Cathedralis
1369 1274 1516 1306 Ecclesie
1538 1274 1699 1316 predicte,

309 1320 364 1353 vel
386 1320 476 1360 alibi,
495 1321 554 1352 ubi
578 1321 684 1362 magis
707 1320 880 1352 videbitur
902 1320 1070 1362 expedire,
1097 1320 1318 1361 Sequestrum
1335 1321 1371 1350 et
1387 1318 1586 1351 Custodiam
1603 1317 1699 1359 preli—

310 1364 391 1398 bata
412 1364 536 1395 nostris
551 1364 623 1396 vice
638 1368 674 1396 et
689 1364 892 1396 auctoritate
913 1364 1077 1396 revocetis
1099 1363 1236 1405 penitus
1258 1365 1295 1395 et
1317 1361 1642 1394 relaxetis—Dated
1665 1364 1702 1392 at

311 1407 394 1439 Esst
412 1407 564 1449 Horsley,
582 1409 624 1440 20
639 1408 741 1441 June.

266 1473 326 1512 St.
348 1473 547 1513 Crantock
567 1474 785 1525 Collegiate
814 1473 975 1512 Church
989 1487 1000 1522 3
1028 1473 1210 1512 Prebend
1238 1474 1280 1511 of
1307 1473 1364 1511 St.
1388 1471 1702 1511 Columb·minor

321 1528 546 1575 therein,-

267 1582 450 1622 Uuiversis,
478 1585 554 1621 etc.‚
586 1582 757 1614 Arnaldus
785 1583 948 1623 Garnerii,
973 1582 1184 1614 Licenciatus
1211 1581 1245 1612 in
1275 1581 1431 1622 Legibus,
1455 1584 1530 1621 etc.‚
1553 1581 1701 1612 salutem

310 1625 345 1657 iu
372 1625 529 1665 Domino,
557 1630 592 1658 et
619 1626 719 1658 fidem
746 1626 922 1658 indubiam
953 1626 1172 1658 Presentibus
1203 1624 1515 1665 adhibere.--Cum‚
1542 1627 1700 1666 pretextu

309 1669 489 1711 cujusdam
515 1669 774 1709 subrogacionis,
801 1670 860 1701 diu
891 1673 944 1701 est
973 1680 1033 1711 per
1059 1670 1129 1701 fere
1154 1670 1226 1708 (sic)
1251 1669 1435 1700 Dominum
1459 1668 1699 1700 Innocencium

310 1713 435 1753 Papam
453 1713 606 1753 Sextum,
623 1713 738 1745 Nonas
754 1714 844 1752 Maii,
865 1714 1087 1746 Pontificatus
1102 1713 1154 1744 sui
1166 1713 1266 1744 Anno
1281 1712 1425 1753 septimo
1438 1712 1472 1752 [7
1486 1713 1575 1753 May,
1590 1711 1699 1751 1359]‚

309 1757 397 1788 facte
412 1756 561 1789 Johanni
577 1757 764 1799 'l'russeley,
781 1758 816 1789 in
839 1758 931 1788 omni
952 1757 1028 1799 jure
1051 1756 1143 1798 quod
1165 1757 1378 1797 competebat
1402 1756 1512 1787 David
1538 1756 1700 1797 Maynard

307 1799 343 1832 in
368 1803 403 1831 ct
429 1810 531 1841 super
558 1800 731 1832 prebenda
758 1801 881 1833 Sancte
908 1800 1072 1834 Columbe
1102 1800 1242 1831 minoris
1271 1800 1307 1831 in
1338 1799 1486 1831 Ecclesia
1517 1799 1700 1839 Collegiata

309 1843 426 1875 Sancti
462 1844 654 1883 Karentoci,
684 1845 818 1876 fructus
854 1841 960 1886 ipsius
999 1844 1172 1875 Prebende
1211 1853 1269 1884 pro
1306 1843 1475 1875 solucione
1513 1843 1698 1884 primorum

308 1886 486 1918 fructuum
512 1887 665 1929 ejusdem
696 1888 831 1919 nomine
861 1889 952 1920 dicte
983 1888 1123 1920 Camere
1149 1887 1328 1919 fecerimus
1349 1886 1578 1928 sequestrari3
1609 1896 1698 1918 com-

310 1931 425 1971 paruit
446 1941 558 1963 coram
578 1931 673 1963 nobis
688 1931 896 1964 Venerabilis
909 1931 968 1970 vir,
986 1931 1152 1963 Dominus
1170 1930 1358 1962 Willelmus
1381 1931 1514 1971 Mugge,
1531 1940 1700 1971 possessor

308 1973 472 2016 ejusdem,
488 1978 523 2005 et
537 1974 692 2015 probavit
716 1985 774 2016 per
796 1975 1078 2008 Certificatorium
1095 1973 1301 2006 Venerabilis
1324 1974 1443 2013 Patris,
1460 1974 1599 2005 Domini
1620 1974 1698 2014 Epi-

307 2018 398 2059 scopi
430 2018 639 2060 Exoniensis,
665 2029 703 2050 ac
733 2029 845 2058 suum,
868 2022 904 2050 et
925 2018 1149 2050 Dominorum
1173 2018 1337 2050 Johannis
1361 2018 1476 2049 Preest
1499 2028 1536 2049 ac
1558 2017 1700 2049 walteri

307 2061 465 2098 Threesk,
494 2062 675 2093 Rectorum
703 2062 928 2094 Ecclesiarum
957 2061 1201 2093 parochialium
1228 2062 1270 2092 de
1296 2061 1497 2102 Sylvertone
1520 2064 1556 2092 et
1586 2061 1697 2093 Stolk-

307 2114 396 2145 ynge
411 2104 466 2145 [2].
486 2105 683 2137 Exoniensis
698 2109 735 2137 et
751 2105 988 2138 Bathoniensis
1002 2109 1039 2137 et
1055 2105 1231 2137 Wellensis
1247 2104 1448 2144 Dioeesium,
1463 2104 1700 2146 juramentum

307 2148 351 2179 ad
376 2148 502 2180 Sancta
528 2149 592 2180 Dei
620 2149 800 2190 Evangelia
827 2160 888 2190 per
910 2150 1000 2190 ipsos
1022 2149 1240 2190 corporaliter
1270 2151 1363 2180 tacta
1384 2148 1579 2189 prestitum,
1607 2148 1699 2189 quod

307 2191 400 2224 dicta
415 2191 612 2233 subrogscio
627 2203 804 2234 nunquam
819 2193 942 2225 habuit
958 2193 1130 2231 effectum,
1146 2202 1186 2223 eo
1202 2192 1293 2233 quod
1309 2192 1393 2224 dicti
1408 2192 1519 2223 David
1534 2192 1698 2232 Maynard

305 2245 367 2267 nec
381 2235 553 2267 Johannes
568 2236 756 2278 Trusseley,
781 2237 830 2268 vel
856 2247 974 2268 eorum
995 2236 1127 2277 aliquis,
1150 2236 1393 2277 possessionem
1415 2235 1506 2267 dicte
1522 2235 1698 2266 Prebende

305 2278 705 2323 nunquamvbabuerunt.
755 2280 844 2312 Hinc
859 2283 913 2312 est
927 2279 1019 2321 quod
1034 2290 1104 2319 nos,
1121 2279 1267 2311 attentis
1282 2279 1466 2320 premissis,
1482 2279 1615 2311 dictum
1638 2279 1695 2310 Se-

307 2325 487 2363 questrum
504 2325 540 2355 et
555 2333 779 2364 possessorem
802 2326 921 2355 tenore
947 2323 1159 2355 presencium
1182 2323 1385 2362 relaxamus,
1404 2332 1581 2364 quousque
1595 2333 1696 2363 appa-

308 2368 383 2398 reat
404 2365 447 2398 de
462 2366 586 2398 effectu
609 2367 700 2399 dicte
721 2367 982 2408 subrogacionis,
997 2367 1050 2398 vel
1072 2367 1173 2398 aliter
1194 2377 1255 2408 per
1277 2366 1452 2398 Cameram
1467 2366 1696 2407 Apostolicam

307 2409 342 2441 iu
358 2409 420 2441 hae
435 2413 532 2451 parte
546 2410 654 2442 fuerit
668 2411 1033 2443 ordinatum-Duum
1050 2410 1200 2449 London,
1218 2411 1259 2442 22
1274 2410 1374 2442 June.

263 2477 364 2532 [The
383 2480 583 2529 following
610 2481 810 2529 Mandate,
831 2481 1046 2533 evidently,
1068 2482 1189 2520 refers
1208 2485 1250 2519 to
1268 2481 1374 2519 Writ
1393 2480 1468 2519 No.
1492 2481 1553 2527 42,
1575 2481 1696 2520 dated

319 2534 368 2572 16
388 2534 504 2581 June,
528 2535 643 2574 1373.
701 2535 770 2575 See
787 2549 886 2587 page
908 2534 1016 2588 190.]

262 2586 418 2628 Thomas,
431 2591 508 2628 etc.‚
526 2589 661 2621 Decano
676 2592 712 2622 et
728 2590 886 2631 Capitulo
901 2589 1048 2621 Ecclesie
1063 2592 1178 2621 nostre
1194 2588 1407 2621 Cathedralis
1420 2589 1558 2627 Exonie,
1574 2600 1613 2621 ac
1628 2589 1694 2621 sin·

307 2631 396 2672 gulis
410 2631 663 2664 Archidiaconis
678 2633 713 2665 in
729 2633 847 2665 eadem
864 2633 1011 2665 Ecclesia
1026 2636 1151 2672 nostra,
1168 2632 1221 2664 vel
1236 2642 1354 2664 eorum
1370 2632 1584 2672 officialibus,
1608 2634 1694 2665 salu-

306 2678 388 2714 tem,
404 2675 649 2708 etc.—Literas
664 2677 784 2718 Regias
800 2675 897 2708 xxvt⁰
919 2677 974 2708 die
996 2676 1162 2718 presentis
1185 2676 1310 2707 mensis
1324 2675 1345 2707 J
1350 2676 1421 2707 unii
1444 2677 1638 2717 recepimus,
1660 2677 1694 2708 in

306 2718 368 2749 hec
382 2718 736 2760 verba,—Edwardus,
752 2723 827 2759 etc.‚
843 2724 881 2751 ut
902 2722 939 2751 in
961 2724 1118 2761 quaterno
1139 2720 1304 2751 Breva'um.
1350 2719 1512 2758 Quocirca
1534 2720 1638 2760 vobis,
1661 2724 1698 2753 et

307 2764 461 2793 vestrum
476 2762 625 2802 cuilibet,
641 2764 852 2802 mandamus,
875 2764 910 2795 in
933 2764 1063 2795 virtute
1086 2763 1288 2795 obediencie
1309 2762 1454 2795 firmiter
1467 2763 1696 2805 injungentes,

307 2805 470 2846 quatinus
484 2806 597 2837 omnia
611 2810 646 2839 et
661 2807 793 2848 singula
815 2807 851 2839 in
873 2807 1000 2838 eisdem
1022 2807 1146 2839 Literis
1168 2806 1280 2847 Regiis
1302 2809 1473 2844 contenta,
1488 2806 1591 2848 juxta
1613 2808 1709 2846 vim„

308 2849 464 2888 formam,
479 2851 515 2881 et
530 2849 645 2882 debite
659 2851 867 2882 execucionis
882 2850 1042 2882 effectum
1064 2850 1258 2889 earundem,
1282 2860 1343 2890 per
1364 2852 1497 2882 nostras
1513 2851 1698 2883 Civitatem

309 2894 346 2924 et
372 2892 541 2924 Diocesim
566 2893 640 2925 fieri
661 2894 803 2934 faciatis,
826 2897 862 2926 et
883 2897 986 2935 prout
1009 2894 1091 2925 alias
1113 2892 1207 2925 vobis
1229 2893 1424 2934 scripsimus
1446 2893 1481 2925 in
1503 2893 1566 2925 hac
1589 2898 1696 2935 parte.

309 2935 404 2975 Quis,
419 2945 510 2976 vero,
525 2939 679 2969 vestrum
695 2947 831 2978 presens
847 2937 1048 2969 Mandatum
1063 2936 1172 2978 primo
1187 2937 1362 2978 receperit,
1377 2939 1513 2969 retenta
1534 2937 1614 2969 inde
1635 2938 1699 2970 sibi

309 2979 413 3020 copia,
436 2978 471 3010 id
498 2980 714 3013 transmittat
735 2981 834 3012 alteri
856 2991 924 3012 non
944 2979 1253 3013 habenti.—Dated
1268 2982 1306 3012 at
1321 2980 1522 3021 Faringdom
1540 2982 1581 3013 26
1597 2981 1697 3014 June.
