1988 3256
606 372 1014 408 Mlscnnmnnous
1049 372 1272 408 ENTRIES.
1615 364 1712 408 219

167 473 234 536 flel-
475 476 518 508 de
533 476 660 552 eilsgitem
675 478 710 510 in
725 478 821 510 novis
836 478 996 511 extractis
1017 479 1096 511 inde
1117 479 1288 519 faciendis,
1305 489 1372 522 que
1394 490 1453 521 per
1474 479 1588 521 ipsum
1610 479 1715 512 levari

472 530 550 561 poss
605 545 860 598 summa-lvci.
876 566 937 608 iij-³.

170 606 264 634 Fines·
436 606 531 640 Idem
556 609 732 650 respondit
757 610 800 641 de
827 610 899 651 let'.
916 609 990 652 xij-3.
1013 610 1098 652 iiijd.
1124 610 1230 651 [unde
1252 610 1323 643 ixli.
1347 611 1390 642 de
1415 611 1482 642 fine
1506 611 1715 643 Testamenti

473 651 495 684 J
498 651 638 684 ohannis
655 653 917 685 Reede—added
934 654 1027 686 above
1041 654 1093 686 tlte
1106 653 1197 696 line],
1213 655 1256 686 de
1278 655 1402 686 finibus
1426 655 1640 696 negociorum
1663 655 1712 686 in-

474 698 649 737 ceptorum
665 696 700 728 in
717 697 922 729 Cancellaria
938 698 1074 730 Domini
1088 702 1124 730 et
1139 698 1318 730 missorum
1333 699 1376 730 ad
1394 698 1639 731 consistorium
1656 709 1715 739 per

474 739 669 779 Dominum,
691 740 817 772 ibidem
840 741 1141 782 terminandorum,
1164 745 1206 774 ut
1235 745 1331 783 patet
1353 753 1410 784 per
1434 741 1447 784 j
1476 742 1590 784 pipam
1613 753 1715 784 super

473 783 637 824 compotis
659 784 817 816 exhibitis
839 788 874 816 et
896 786 1104 826 examinatis,
1129 790 1242 827 preter
1263 786 1346 818 fines
1368 786 1405 818 in
1428 786 1545 818 eadem
1561 786 1713 827 [Cancel-

473 826 568 866 laria]
581 827 692 859 adhuc
707 828 875 868 levandos,
888 832 929 860 ut
939 832 1036 871 patet
1049 829 1085 861 in
1100 830 1219 861 cedula
1230 830 1378 871 presenti
1392 833 1549 872 compoto
1564 840 1695 862 annexa
1709 841 1716 862 :

473 881 561 902 anno
576 871 694 902 futuro
711 871 875 913 Receptor
889 876 942 904 est
955 873 1035 904 inde
1049 883 1281 915 responsurus.

605 915 862 957 Summa—lei.
880 916 953 958 xijs.
970 916 1052 958 iiijd.

168 954 306 994 Visitacjo
430 957 528 990 Idem
558 957 662 990 nichil
691 960 866 1000 respondit
895 960 937 991 de
967 960 1091 992 finibus
1115 964 1151 993 et
1177 961 1369 1003 perquisitis
1393 960 1649 993 remanentibus
1671 961 1715 992 de

168 988 296 1018 D⁰¹¹¹i¹¹¹‘
475 1002 686 1034 sessionibus
715 1003 929 1035 visitacionis
959 1003 1126 1046 [Domini]
1153 1028 1160 1037 .
1194 1028 1202 1037 .
1240 1028 1248 1036 .
1279 1028 1288 1038 .
1322 1005 1387 1037 iste
1414 1008 1615 1046 computans
1645 1015 1713 1036 non

473 1045 594 1077 habuit
616 1070 624 1078 .
648 1070 655 1078 .
680 1069 689 1078 .
714 1046 827 1088 pipam
843 1057 905 1079 nec
927 1051 1087 1080 extracta.

604 1089 898 1123 Summa—nichil»

474 1133 617 1165 Summa
631 1134 746 1165 totalis
763 1135 973 1175 Receptuum
990 1133 1112 1177 lxxijli.
1130 1135 1238 1176 xviijs.
1257 1135 1350 1177 viijd.

168 1174 411 1236 Esspffffigeffid'
435 1177 475 1209 In
502 1177 656 1218 expensis
683 1178 835 1219 Magistri
863 1178 1022 1210 Willelmi
1052 1179 1153 1221 Byde,
1180 1177 1340 1212 Officialis
1371 1179 1567 1220 Principalis
1588 1179 1715 1212 ibidem

477 1220 665 1260 existentis,
690 1232 751 1262 pro
772 1221 819 1263 vij
846 1222 1060 1254 Consistoriis
1083 1234 1142 1264 per
1164 1227 1300 1264 tempus
1324 1223 1502 1264 [compoti]
1531 1247 1538 1255 .
1570 1247 1578 1256 .
1612 1248 1619 1256 .
1651 1224 1716 1264 [in]

476 1264 627 1305 parcellis
649 1275 750 1306 super
771 1268 927 1306 compoto
949 1266 1118 1306 exhibitis,
1142 1266 1240 1308 viijli.
1266 1267 1326 1299 ixx.
1349 1267 1416 1299 ixd.
1440 1267 1485 1299 ob.
1532 1267 1573 1299 In
1596 1267 1716 1299 salario

475 1308 687 1340 Presedentis
699 1307 773 1348 (sic)
785 1308 860 1350 [per
874 1308 1026 1351 tempus]
1042 1311 1200 1351 compoti,
1214 1313 1254 1342 ut
1266 1314 1361 1351 patet
1378 1322 1436 1352 per
1450 1311 1715 1352 acquietanciam

474 1351 628 1392 ejusdem
645 1352 866 1392 Presedentis,
883 1353 978 1394 xvjli.
1010 1377 1018 1386 .
1051 1377 1059 1385 .
1094 1377 1103 1385 .
1137 1354 1217 1385 licet
1231 1357 1323 1386 certa
1346 1354 1552 1386 consistoria
1573 1354 1716 1387 fuerunt

475 1395 639 1436 impedita
654 1406 714 1436 per
727 1395 966 1428 Visitacionem
982 1396 1230 1439 Archiepiscopi
1248 1398 1500 1430 Cantuariensis
1501 1421 1714 1436 .....

476 1438 518 1470 In
533 1449 734 1481 pergameno
748 1443 864 1481 empto
879 1451 939 1481 pro
955 1441 1118 1482 Registro,
1134 1441 1266 1481 rotulis,
1284 1442 1380 1482 pipis,
1397 1445 1433 1473 et
1455 1442 1614 1474 extractis
1636 1442 1715 1474 faci-

474 1483 570 1514 endis
593 1493 652 1524 per
674 1486 810 1524 tempus
833 1484 991 1525 compoti,
1014 1484 1136 1526 xxiiijs.
1156 1484 1224 1526 vjd.
1271 1485 1313 1516 In
1336 1485 1442 1517 obolis
1458 1496 1518 1527 pro
1534 1485 1712 1518 intervallo

475 1527 636 1568 temporis
659 1526 694 1558 in
718 1527 826 1568 prima
849 1527 1039 1569 incepcione
1062 1528 1169 1561 Officii
1185 1528 1245 1570 vjs.
1262 1528 1356 1570 viijd.
1401 1529 1442 1561 In
1465 1529 1634 1561 solucione
1656 1540 1716 1569 pro

476 1569 616 1602 diversis
639 1570 808 1602 Mandatis
831 1571 1018 1612 mittendis,
1035 1582 1101 1614 que
1123 1582 1220 1604 cause
1243 1571 1386 1604 fuerunt
1407 1573 1571 1604 discordie
1595 1573 1715 1605 Visita-

475 1613 578 1645 cionis
612 1614 754 1655 predicti
783 1615 1043 1657 Archiepiscopi,
1074 1627 1134 1657 pro
1165 1616 1372 1648 Consistorio
1400 1616 1526 1648 iterum
1556 1618 1714 1657 tenendo,

475 1657 538 1699 iijs.
584 1656 625 1690 In
645 1656 660 1699 J'
684 1658 776 1690 clave
791 1669 872 1690 enea
888 1669 948 1699 pro
963 1658 1050 1691 ostio
1066 1659 1271 1692 consistorii.
1311 1683 1319 1692 .
1358 1684 1365 1692 .
1406 1683 1414 1692 .

607 1701 910 1744 Summa-xxvjli.
928 1702 1004 1744 iiij⁸.
1020 1702 1094 1744 iijd.
1118 1702 1165 1735 ob.

172 1741 320 1781 Liberacio
434 1744 474 1777 In
490 1744 690 1777 liberacione
705 1745 850 1777 Domino
866 1756 927 1777 suo
942 1746 1104 1787 predicto,
1122 1757 1181 1788 per
1204 1746 1427 1779 Indenturam
1449 1747 1544 1789 signo
1567 1758 1628 1780 suo
1651 1748 1715 1788 sig-

171 1776 360 1803 d⁶¹¹²¹¹⁰f¹¹m
476 1791 592 1820 natam
607 1799 709 1830 super
723 1793 879 1830 compoto
893 1789 1090 1830 exhibitam,
1106 1790 1245 1823 xxxixli.
1262 1790 1348 1832 xiijs.
1368 1791 1440 1833 xjd.

606 1832 931 1865 Summa—xxxixa.
949 1833 1036 1875 xiijs.
1052 1834 1124 1875 xjd.

477 1875 617 1907 Summa
632 1876 785 1908 omnium
802 1887 1023 1918 expensarum
1040 1880 1076 1909 et
1091 1877 1332 1910 liberacionum
1354 1878 1448 1911 lxvli.
1465 1878 1577 1920 xviijs.
1593 1878 1651 1920 ijd.
1669 1878 1714 1911 ob.

433 1919 480 1950 Et
494 1919 598 1951 debet
612 1919 696 1961 vijli.
712 1920 796 1962 iiijd.
809 1920 866 1960 ob„
877 1931 962 1962 quos
976 1921 1133 1953 liberavit
1147 1921 1274 1953 Thome
1290 1922 1513 1964 Stayndrope,
1529 1922 1715 1963 Receptori‚

476 1973 578 2005 super
600 1963 775 1995 audicione
797 1964 895 1996 istius
921 1965 1080 2006 compoti,
1103 1965 1175 1997 sine
1197 1965 1314 2004 Tallia,
1340 1968 1402 1997 aut
1426 1966 1624 2006 ludentum,
1647 1966 1716 1998 sive

475 2007 724 2048 Acquietancia.
774 2008 820 2039 Et
834 2008 881 2040 sic
896 2008 959 2040 iste
975 2012 1175 2050 computans
1190 2009 1326 2050 quietus
1349 2010 1493 2041 recessit.

432 2050 599 2083 Eadm-sed
613 2051 926 2084 2—CONSIST0131UM
948 2052 1157 2084 Exonnmsn.

672 2095 843 2127 stoms
890 2096 1073 2128 Com’ows
1102 2097 1271 2129 Enuunm
1301 2096 1572 2138 MALunsntJLLs,
1596 2097 1716 2129 Ratus-

672 2147 792 2171 mann
813 2147 944 2178 unm-zu,
961 2139 1061 2172 Anno
1076 2144 1179 2172 xvmo.

282 2180 368 2221 [The
383 2181 515 2213 bottom
531 2181 568 2214 of
581 2181 651 2214 this
669 2182 854 2224 Compotus
868 2183 929 2215 has
944 2183 1028 2215 been
1044 2184 1147 2216 much
1162 2183 1353 2224 mutilated‚
1370 2195 1390 2216 a
1404 2184 1469 2216 few
1485 2185 1594 2217 words
1617 2185 1716 2226 being

324 2225 420 2266 quite
436 2225 626 2267 destroyed.
675 2226 710 2258 It
731 2226 884 2258 contains
906 2228 1032 2259 several
1054 2227 1255 2269 interesting
1278 2228 1463 2260 references
1487 2232 1523 2260 to
1547 2229 1607 2261 the
1629 2229 1716 2261 Visi-

325 2269 434 2300 tatiou
453 2268 513 2309 (or,
528 2269 652 2309 rather,
668 2269 820 2302 invasion
835 2270 903 2302 and
926 2273 1118 2313 temporat-y
1134 2271 1345 2312 occupation)
1369 2272 1404 2303 of
1427 2272 1486 2303 the
1509 2272 1648 2304 Diocese
1672 2273 1716 2314 by

325 2311 536 2354 Archbishop
552 2313 699 2344 William
715 2313 758 2345 de
774 2314 995 2356 Courtenay.]

169 1242 272 1272 dentis.
