1988 3256
476 362 764 398 REGISTRUM
800 362 1263 399 COMMUNE—ANNO
1306 353 1399 396 10⁰.
1610 343 1704 393 407

154 468 232 496 A.D.
303 467 532 518 personaliter
545 469 723 503 intendere
738 470 926 510 valeamus,
942 468 1055 511 vobis,
1070 469 1191 511 igitur,
1209 467 1418 501 auctoritate
1432 466 1600 516 ipsarum,
1611 471 1706 514 *com-

153 503 245 563 ξφ]
304 516 487 556 mittimus,
515 517 596 555 etc.,
624 515 789 557 quatinus
812 515 980 557 premissa
1004 514 1119 546 omnia
1142 517 1178 546 et
1202 511 1341 555 singula
1363 512 1400 543 in
1425 509 1554 542 eisdem
1579 509 1707 541 Literis

210 556 218 563 ”
247 557 255 564 “
304 560 478 597 contenta,
495 557 600 598 juxta
614 559 828 600 exigenciam
842 558 1038 597 earundem,
1057 558 1094 590 in
1110 555 1264 589 Ecclesia
1279 558 1400 588 nostra
1414 551 1614 588 Cathedrali
1630 562 1706 594 pre-

302 599 407 642 dicta,
434 601 470 633 in
495 600 778 634 Processionibus
804 601 1028 644 solempniter
1051 599 1230 640 faciendis,
1258 599 1421 642 quociens
1445 596 1623 630 videbitur
1648 606 1703 628 ex-

302 643 431 686 pedire,
448 643 563 677 debite
579 644 786 688 publicetis;
810 646 1040 678 certificantes
1056 655 1130 685 nos,
1148 648 1211 676 aut
1224 647 1383 676 nostrum
1399 641 1590 675 Officialem
1606 640 1704 672 Prin-

302 687 448 729 cipalem
466 687 708 730 Exoniensem,
731 699 803 730 seu,
824 689 900 731 ipso
921 688 1073 729 absente,
1095 688 1207 721 nostri
1226 686 1433 721 Consistorii
1451 684 1702 723 Presidentem,

303 731 393 763 citra
410 731 554 764 Festum
575 731 695 765 Sancti
714 732 853 765 Andr-ee
870 733 1027 774 proximo
1046 733 1120 773 jam
1140 731 1309 771 futurum,
1334 730 1498 763 distincte
1518 731 1554 761 et
1574 730 1704 770 aperte,

299 774 384 816 quid
399 774 550 807 feceritis
561 775 597 807 in
608 775 795 817 premissis,
810 786 880 807 una
892 785 971 808 cum
981 773 1178 807 nominibus
1194 778 1230 806 et
1247 772 1509 815 cognominibus
1526 771 1708 806 rebellium

300 821 336 850 et
360 818 685 860 contradicencium,
712 819 741 850 si
765 819 825 860 qui
849 818 992 858 fuerint,
1018 818 1055 850 in
1079 817 1144 850 hac
1169 820 1281 860 parte,
1307 827 1370 859 per
1393 816 1530 848 Literas
1555 819 1702 854 vestm,

301 862 530 895 etc.-—Dated
548 862 704 904 London,
725 865 747 894 4
767 861 1078 902 October.-—Item‚
1100 862 1219 894 eodem
1240 861 1305 901 die,
1329 863 1534 892 emanarunt
1554 863 1704 902 quatuor

300 905 367 938 alia
382 904 559 938 ‘Mandata
580 906 773 938 consimilia
794 906 927 939 directa
948 909 1100 948 quatuor
1122 904 1397 945 ArchidiaconiS,
1423 903 1465 937 de
1489 903 1609 936 eadem
1629 913 1699 936 ma-

300 949 398 981 teria.
447 949 524 990 [See
543 949 681 992 Bislwp
704 949 956 982 Grandisson's
978 949 1145 991 Iiwister,
1168 958 1256 990 page
1278 949 1389 989 1116.]

257 1018 512 1058 Confessions
528 1032 538 1066 ;
565 1020 633 1058 Ad
649 1019 900 1059 audiendum
927 1018 1267 1068 consessiones,—

257 1072 358 1115 Item,
382 1073 581 1116 Londoniis‚
605 1074 678 1116 vjto
700 1074 755 1107 die
775 1074 902 1107 mensis
924 1072 1098 1114 Octobris,
1123 1073 1294 1106 Dominus
1316 1071 1486 1105 concessit
1507 1071 1704 1104 Licenciam

300 1118 418 1150 Fratri
431 1117 585 1151 Johanni
599 1117 793 1159 Laurencii,
810 1117 951 1151 Ordinis
965 1118 1130 1150 Fratrum
1145 1116 1419 1156 Predicatorum,
1436 1116 1481 1149 ad
1495 1115 1705 1148 audiendum

149 1160 202 1187 fol.
219 1160 280 1188 ⁷⁵¹³-
299 1161 539 1237 (dlonfessiones
556 1160 775 1194 subditorum
792 1161 934 1194 Domini
951 1170 1258 1204 quorumcumque,
1272 1164 1336 1192 etc.
1354 1171 1362 1199 3
1381 1169 1444 1201 per
1454 1168 1563 1191 unum
1573 1167 1703 1190 annum

325 1208 515 1238 uraturam.

259 1269 464 1308 Oratories
480 1283 491 1318 ;
519 1269 682 1308 Licence
701 1275 738 1308 ιο
757 1269 1007 1315 celebrate,—

252 1324 354 1366 Item,
390 1323 530 1365 ibidem,
555 1324 592 1365 xj
620 1323 686 1364 die,
724 1323 894 1356 Dominus
929 1322 1098 1355 concessit
1136 1322 1335 1354 Licenciam
1366 1320 1527 1355 Johanne
1562 1321 1692 1361 Fouke,

300 1368 414 1400 facere
432 1366 597 1400 celebrari
617 1367 758 1407 Divina,
779 1371 860 1408 etc.,
882 1367 918 1399 in
937 1365 1079 1408 Capella
1098 1366 1171 1399 sive
1190 1365 1351 1399 Oratorio
1370 1366 1464 1398 infra
1482 1365 1699 1397 Mansionem

298 1411 407 1453 ipsius
426 1411 468 1443 de
486 1410 596 1453 Pylle,
618 1411 654 1443 in
672 1410 843 1443 Parochia
861 1410 902 1443 de
922 1411 1079 1443 Tantone
1098 1409 1276 1452 [Bishop’s
1300 1409 1486 1450 Tawton];
1513 1419 1576 1451 per
1592 1418 1700 1440 unum

296 1465 424 1487 annum
440 1454 653 1487 duraturam.

255 1498 355 1539 Item,
379 1498 506 1530 eisdem
527 1497 583 1530 die
603 1501 638 1530 et
656 1497 744 1540 loco,
768 1497 938 1529 Dominus
959 1497 1128 1529 concessit
1147 1496 1343 1528 Licenciam
1363 1495 1517 1528 Johanni
1537 1495 1643 1528 Huda
1665 1499 1700 1527 et

299 1541 455 1574 Dionisie
472 1542 548 1583 ejus
563 1541 674 1582 uxori,
693 1540 786 1583 quod
802 1541 937 1583 possint
953 1541 1077 1579 facere,
1096 1543 1177 1581 etc.,
1196 1540 1233 1572 in
1251 1538 1394 1582 Capella
1409 1539 1536 1573 Sancte
1552 1539 1698 1579 Wenne,

297 1585 391 1618 infra
409 1584 614 1618 Parochiam
634 1584 676 1617 (18
694 1585 868 1617 Lannowe
885 1584 951 1626 [St.
973 1584 1098 1625 Kew];
1126 1594 1189 1626 per
1207 1593 1315 1616 unum
1333 1593 1463 1615 annum
1481 1582 1696 1615 duraturam.

204 1655 460 1695 Confessions
477 1669 487 1703 ;
515 1656 583 1694 Ad
599 1655 851 1694 audiendum
872 1653 1577 1704 Gonfessiones—Haukesworthe‚—

253 1709 355 1751 Item,
379 1709 508 1743 eisdem
530 1708 586 1743 die
606 1713 642 1742 et
662 1709 749 1750 loco,
774 1709 945 1742 Dominus
968 1709 1137 1742 concessit
1159 1708 1337 1741 Licencias
1359 1708 1518 1741 Dominis
1541 1707 1696 1741 Roberto

294 1753 584 1794 Haukesworthe,
611 1753 785 1795 Perpetuo
808 1752 950 1785 Vicario
974 1751 1104 1784 Curato
1128 1753 1165 1784 in
1189 1751 1345 1784 Ecclesia
1367 1751 1559 1794 Collegiata
1584 1752 1692 1785 Cridi-

295 1798 400 1838 tonie,
422 1801 457 1830 et
475 1797 612 1839 Rogero
631 1796 773 1836 Perour,
794 1796 946 1829 Sacriste
962 1796 998 1827 in
1017 1795 1172 1828 Ecclesia
1190 1794 1384 1838 Collegiata
1400 1796 1509 1829 Beate
1527 1795 1640 1828 Marie
1657 1796 1699 1828 (18

297 1840 417 1883 Otery,
439 1840 532 1883 quod
551 1850 669 1873 eorum
687 1843 833 1881 uterque
851 1839 968 1872 valeat
987 1837 1112 1881 eligere
1133 1837 1200 1871 sibi
1219 1849 1328 1871 unum
1347 1838 1403 1872 vel
1421 1839 1538 1882 plures
1558 1838 1698 1871 Confes-

297 1895 401 1926 sores,
429 1885 592 1927 quociens
616 1887 652 1916 et
677 1883 816 1926 quando
840 1883 948 1915 fuerit
972 1886 1194 1925 oportunum,
1223 1882 1284 1924 qui
1310 1882 1404 1924 ipsos
1430 1893 1451 1914 a
1477 1886 1700 1924 peccatorum

296 1939 436 1962 suorum
451 1927 596 1961 maculis
613 1926 791 1960 absolvere
808 1927 930 1969 possit,
950 1930 986 1959 et
1003 1926 1217 1969 penitencias
1234 1936 1298 1968 pro
1315 1926 1506 1960 commissis
1523 1927 1699 1969 imponere

295 1972 474 2013 salutares
498 1972 606 2005 eciam
626 1971 661 2003 in
682 1969 819 2003 casibus
839 1971 988 2002 Domino
1009 1969 1206 2012 specialiter
1225 1970 1420 2003 reservatis.

255 2037 525 2088 Illegitimacy
539 2049 549 2083 3
578 2034 838 2085 Dispensacio
857 2048 948 2073 cum
967 2034 1244 2085 illeyitimo,—

249 2091 351 2133 Item,
375 2091 575 2132 Londoniis,
600 2091 672 2132 xij&
697 2089 764 2131 die,
789 2089 960 2122 Dominus
984 2088 1199 2131 dispensavit
1224 2099 1302 2122 cum
1326 2088 1509 2121 Edmundo
1534 2089 1688 2132 Knythe,

293 2135 427 2175 clerico,
445 2134 486 2167 de
501 2133 614 2166 soluto
629 2133 747 2176 genito
761 2136 796 2165 et
811 2131 936 2171 soluta,
954 2132 1163 2164 auctoritate
1179 2131 1375 2164 Literarum
1390 2132 1595 2173 Reverendi,
1613 2136 1693 2173 etc.,

294 2179 435 2211 Domini
459 2177 640 2218 Johannis,
667 2176 892 2209 miseracione
915 2175 1046 2208 Divina
1070 2174 1181 2207 Tituli
1205 2175 1331 2208 Sancte
1355 2173 1483 2208 Sabine
1507 2176 1696 2210 Presbiteri

293 2221 497 2261 Cardinahs,
519 2221 563 2253 ad
584 2231 702 2252 omnes
722 2219 868 2252 Ordines
889 2222 924 2251 et
945 2218 1155 2250 Beneficium
1176 2217 1470 2258 Ecclesiasticum,
1494 2222 1574 2258 etc.,
1599 2223 1638 2252 ut
1660 2221 1697 2252 in

293 2265 426 2303 forma3
455 2262 673 2307 presentibus
694 2262 866 2305 Magistro
887 2262 1037 2304 Hugone
1058 2261 1099 2294 de
1122 2260 1350 2304 Hickelynge‚
1376 2259 1550 2295 Canonico
1571 2263 1607 2295 in
1629 2263 1693 2296 Ec-

293 2309 397 2342 clesia
422 2307 620 2342 Cathedrali
645 2307 790 2347 Exonie,
817 2310 854 2339 et
878 2304 1028 2339 Domino
1052 2304 1186 2337 Thoma
1211 2304 1252 2337 de
1279 2303 1429 2347 Organ0‚
1459 2304 1632 2339 Canonico
1657 2307 1694 2340 in

291 2351 417 2386 Libera
445 2350 588 2394 Capella
614 2350 726 2392 Regia
754 2350 872 2383 Sancti
901 2348 1069 2392 Stephani
1098 2348 1412 2388 westmonasterii,
1442 2349 1693 2384 Londoniensis

291 2396 460 2438 Diocesis,
477 2394 627 2429 testibus
644 2395 689 2428 ad
704 2394 883 2437 premissa,
902 2397 967 2426 etc.

253 2461 424 2511 Chapels
441 2474 452 2507 ;
480 2459 643 2498 Licence
663 2465 699 2497 to
719 2458 971 2503 celebrate,—

246 2515 348 2557 Item,
370 2514 499 2548 eisdem
519 2513 574 2548 die
594 2517 630 2547 et
646 2512 734 2552 loco,
757 2512 928 2545 Dominus
948 2510 1116 2543 concessit
1136 2510 1332 2543 Licenciam
1353 2510 1525 2553 Magistro
1547 2512 1690 2556 Hugoni

289 2558 518 2601 Hickelynge,
544 2558 684 2591 Rectori
709 2556 862 2589 Ecclesie
887 2555 930 2587 de
955 2552 1150 2595 Mahynyet
1175 2553 1428 2595 [Mamm-vot}
1456 2555 1548 2597 quod
1575 2558 1687 2599 possit

283 2599 464 2642 celebrare,
483 2605 519 2635 et
533 2601 647 2634 facere
662 2598 839 2639 celebrari,
858 2597 988 2630 Divina
1002 2597 1037 2629 in
1054 2595 1204 2639 Capellis
1220 2597 1327 2630 Beate
1344 2597 1455 2632 Marie
1472 2599 1513 2632 de
1529 2599 1682 2642 Trengof

289 2650 324 2679 et
340 2645 483 2686 Trethu,
503 2655 634 2678 necnon
651 2644 687 2675 in
706 2641 848 2684 Capella
865 2641 974 2674 Beate
991 2639 1103 2673 Marie
1119 2639 1351 2683 Magdalene‚'
1372 2643 1476 2684 juxta
1493 2643 1682 2686 Lyskerde,

287 2690 324 2722 in
336 2688 509 2723 Parochia
526 2688 569 2722 de
588 2687 783 2730 Mahynyet
801 2684 959 2728 predicta
978 2684 1128 2725 situatis,
1152 2688 1217 2717 etc.

141 2784 148 2804 ¹
174 2783 259 2817 This
291 2794 364 2816 was
398 2793 420 2816 a
453 2782 617 2826 Hospita]
653 2782 708 2815 for
741 2779 864 2822 lepers.
990 2777 1026 2809 in
1043 2776 1103 2810 the
1119 2776 1372 2821 neighbouring
1388 2779 1514 2813 Par-ish
1529 2781 1566 2813 of
1582 2781 1681 2815 War-

178 2827 343 2869 Trengoff
369 2827 457 2866 (now
480 2826 672 2868 Trengove)
698 2823 766 2857 and
788 2823 868 2856 Tre-
990 2820 1126 2863 leggan,
1145 2821 1260 2854 which
1275 2833 1347 2855 was
1362 2822 1423 2856 the
1438 2823 1520 2857 Seat
1536 2825 1592 2857 for
1606 2835 1682 2863 cen<

179 2871 273 2904 thew
297 2881 354 2904 are
378 2869 464 2903 both
487 2870 523 2902 in
548 2867 773 2910 Menhenyot,
801 2866 870 2899 and
995 2866 1103 2898 turies
1138 2865 1174 2897 of
1209 2864 1270 2898 the
1305 2865 1439 2898 antient
1475 2866 1613 2911 Family
1649 2869 1686 2901 of

178 2914 240 2948 the
256 2915 384 2947 former
401 2916 496 2946 must
512 2915 574 2944 not
592 2911 635 2945 be
654 2909 870 2945 coniounded
992 2908 1165 2951 Trengoff.

179 2957 267 2992 with
286 2957 347 2991 the
367 2957 494 2990 Manor
514 2955 551 2988 of
571 2954 634 2989 the
655 2965 747 2989 same
769 2963 869 2987 name
