1988 3256
294 323 390 367 264

295 434 372 461 A.D.

295 468 371 495 1372.

294 502 361 529 Vol.
374 502 400 529 1.

290 1781 337 1808 sol.

289 1817 332 1841 21.

289 1867 387 1900 [Jum-

499 334 603 368 THE
637 335 881 370 REGISTER
915 335 977 368 OF
1012 335 1190 369 BISHOP
1225 336 1625 373 BRANTYNGHAM.

448 437 688 470 Prebendarios
706 438 851 470 Ecclesie
874 441 989 470 nostre
1014 438 1213 471 Exoniensis
1236 440 1277 471 ad
1301 442 1564 482 comparendum
1587 452 1699 474 coram
1724 441 1830 479 nobis,

447 481 546 512 certis
569 482 623 513 die
639 485 674 514 et
689 482 770 522 loco,
786 483 828 513 ad
851 482 1067 514 subeundum
1090 482 1328 516 Visitacionem
1352 488 1500 517 nostram
1523 486 1734 524 ordinariam,
1758 484 1836 527 jure

447 528 572 565 nostro,
589 530 691 565 prout
706 526 741 557 in
759 526 929 557 Citatoriis
945 526 1069 557 nostris
1087 526 1209 558 Literis
1225 528 1318 559 vobis
1334 528 1369 560 in
1385 539 1424 560 ea
1441 533 1536 570 parte
1551 529 1687 561 directis
1700 529 1834 570 plenius

449 569 666 607 continetur;
691 580 759 609 vos,
776 573 900 608 tumen,
917 580 978 601 nos
1000 570 1206 602 cerciorastis
1228 572 1319 612 quod
1343 570 1526 604 Canonicos
1542 576 1577 604 et
1594 572 1836 604 Prebendarios

450 612 484 643 in
503 613 629 644 Cedula
644 613 708 644 hiis
724 624 853 644 annexa
863 614 1064 652 nominatos,
1081 614 1258 655 diligenter
1275 626 1333 656 per
1349 626 1406 648 vos
1421 617 1580 658 quesitos,
1598 616 1749 648 invenire
1766 626 1833 648 non

450 656 617 697 potuistis,
635 660 670 688 et
685 657 807 688 idcirco
823 658 957 688 eosdem
973 667 1038 688 non
1055 657 1182 689 citastis
1199 668 1207 696 3
1224 659 1313 690 unde
1329 659 1488 692 Visitacio
1499 663 1613 692 nostra
1627 659 1835 701 hujusmodi,

451 704 588 740 propter
614 711 681 732 non
709 701 914 733 Citacionem
938 701 1132 740 eorundem,
1160 702 1335 743 hucusque
1365 703 1469 735 dilata
1498 704 1624 743 extitit,
1649 708 1685 735 et
1707 703 1833 735 existit.

450 743 587 783 Verum,
604 744 684 785 quia
699 745 844 785 quedam
861 744 1083 786 comperimus
1093 745 1126 776 in
1139 746 1254 777 eadem
1266 756 1342 787 que,
1357 747 1428 778 sine
1443 747 1611 779 Citacione
1623 747 1832 788 singulorum

449 787 694 819 Oanonicorum
711 791 745 819 et
761 788 1063 820 Prebendariorum
1075 789 1313 829 predictorum,
1323 791 1365 821 ad
1383 790 1541 822 bonorem
1559 791 1618 822 Dei
1635 794 1670 822 et
1686 790 1834 823 Ecclesie

451 834 564 863 nostre
587 831 744 872 expedire
767 835 941 873 nequeunt
963 835 1003 864 ut
1027 832 1197 872 deberent,
1222 834 1355 865 eosdem
1378 834 1617 866 Probendarios
1640 835 1704 866 sub
1726 834 1835 866 forma

450 886 516 915 qne
539 876 695 916 sequitur
717 875 928 907 decernimus
952 876 1143 907 evocandos.
1192 877 1353 916 Quocirca
1375 878 1479 917 vobis,
1502 879 1536 910 in
1562 879 1689 910 virtute
1712 878 1834 910 Sancte

450 919 660 958 Obediencie,
677 919 922 950 committimus
938 923 973 951 et
989 920 1188 951 mandamus
1204 921 1366 962 quatinus
1382 922 1527 962 prefatos
1539 922 1733 960 Canonicos‚
1751 931 1832 963 quo·

449 973 526 994 rum
543 962 678 994 nomina¹
702 963 736 994 in
753 963 843 994 dicta
857 963 984 994 Cedula
1000 963 1227 1004 continentur,
1243 964 1272 996 si
1290 965 1508 1005 personaliter
1527 965 1670 997 inveniri
1685 965 1830 1003 valeant;

449 1006 500 1037 sin
513 1010 626 1038 autern
641 1007 875 1038 Procuratores
891 1018 979 1046 suos,
992 1007 1020 1038 si
1036 1017 1120 1048 quos
1136 1008 1335 1048 dimiserint,
1347 1009 1494 1050 alioquin
1510 1009 1641 1050 publice
1653 1008 1832 1041 Citacionis

449 1050 559 1081 edicto
575 1050 611 1081 in
628 1050 774 1082 Ecclesia
790 1054 906 1082 nostra
929 1051 1087 1091 predicta,
1105 1062 1142 1082 ac
1165 1051 1198 1082 in
1224 1052 1335 1083 Ohoro
1358 1056 1393 1083 et
1419 1053 1533 1084 Stallis
1558 1053 1740 1084 Prebendis
1762 1052 1832 1084 suis

449 1094 727 1125 concernentibus
763 1094 895 1135 publice
926 1095 1106 1135 proposito,
1138 1095 1259 1134 citetis-1,
1291 1106 1349 1127 seu
1381 1096 1477 1127 citari
1507 1096 1648 1134 faciatis,
1681 1106 1830 1137 peremp-

448 1138 543 1177 torie,
561 1138 651 1178 quod
675 1141 898 1178 compareant,
922 1141 958 1169 et
981 1148 1096 1169 eorum
1120 1138 1264 1179 quilibet
1286 1146 1487 1180 compareat,
1504 1150 1615 1171 coram
1639 1139 1747 1178 nobis,
1771 1142 1834 1171 aut,

448 1185 563 1212 nostro
578 1181 612 1212 in
630 1182 691 1213 hac
708 1185 802 1222 parte
825 1181 1060 1214 Commissario
1084 1192 1309 1223 quocumque,
1327 1182 1361 1214 in
1383 1184 1488 1215 Domo
1511 1186 1625 1215 nostra
1648 1183 1832 1225 Capitulari

451 1225 588 1263 Exonie,
624 1225 775 1266 proximo
802 1225 856 1256 die
881 1224 903 1256 J
908 1225 1035 1256 uridico
1059 1229 1135 1266 post
1160 1226 1298 1257 Festum
1323 1226 1548 1258 Exaltacionis
1572 1228 1693 1259 Sancte
1717 1225 1834 1258 Crucis

448 1269 600 1309 proximo
627 1279 716 1300 nunc
739 1269 908 1307 futurum,
931 1268 1170 1300 Visitacionem
1202 1274 1362 1310 nostram,
1385 1270 1485 1311 juxta
1510 1271 1587 1309 vim,
1615 1270 1769 1310 formam,
1797 1273 1832 1302 et

448 1312 603 1343 effectum
621 1310 897 1343 Mandati'nostri
915 1312 1007 1343 vobis
1031 1313 1123 1353 prius
1146 1312 1273 1352 directi,
1293 1317 1331 1344 ut
1346 1314 1500 1355 superius
1523 1314 1668 1346 habetur
1691 1312 1830 1354 mencio,

445 1356 625 1387 actualiter
640 1356 786 1387 subituri
803 1367 811 1393 ;
828 1356 951 1387 facturi
967 1356 1110 1387 ulterius
1126 1367 1163 1388 ac
1179 1356 1364 1388 exhibituri
1380 1361 1414 1388 et
1429 1358 1606 1399 recepturi,
1622 1358 1657 1389 in
1674 1358 1832 1390 omnibus

446 1402 481 1431 et
497 1410 556 1440 per
571 1399 693 1438 omnia,
710 1410 776 1441 que
792 1400 825 1430 in
844 1400 935 1431 dicto
953 1400 1114 1431 Mandato
1130 1404 1244 1431 nostro
1260 1401 1377 1441 primo,
1394 1402 1437 1432 ad
1453 1401 1545 1442 quod
1561 1401 1616 1433 hic
1632 1411 1692 1432 nos
1707 1405 1742 1432 et
1754 1411 1831 1433 con-

445 1446 542 1474 tenta
562 1443 595 1474 in
620 1444 737 1474 eodem
761 1443 948 1482 referimus,
974 1446 1009 1475 et
1037 1454 1096 1484 pro
1125 1443 1179 1475 hic
1210 1444 1345 1475 insertis
1368 1444 1484 1476 haberi
1508 1444 1674 1484 volumus,
1698 1445 1831 1486 plenius

444 1487 682 1525 continentur3
710 1492 745 1518 et
760 1498 798 1518 ea
821 1487 856 1518 in
880 1487 998 1518 eodem
1025 1488 1184 1518 Mandato
1200 1491 1360 1519 contenta
1383 1488 1508 1520 eisdem
1525 1499 1584 1529 per
1601 1499 1658 1520 vos
1674 1489 1830 1520 volumus

444 1531 547 1562 eciam
562 1531 694 1571 exponi.
741 1531 787 1562 Et
800 1529 882 1572 quid
894 1531 929 1562 in
942 1531 1111 1571 premissis
1127 1531 1281 1570 feceritis,
1294 1536 1330 1563 et
1345 1531 1475 1563 factum
1487 1532 1636 1564 fueritin
1651 1532 1830 1573 premissis,

445 1585 515 1613 nos,
532 1578 593 1606 aut
616 1578 769 1606 nostrum
796 1573 1083 1614 Commissarium,
1100 1575 1142 1606 ad
1166 1575 1273 1606 dictos
1297 1576 1386 1606 diem
1409 1579 1445 1607 et
1468 1575 1589 1610 locum.
1613 1574 1773 1607 distincte
1796 1579 1831 1607 et

445 1621 560 1659 aperte
583 1618 772 1649 certificetis
796 1629 854 1658 per
877 1618 1005 1649 Literas
1030 1621 1156 1650 vestras
1181 1622 1344 1659 patentes,
1369 1619 1490 1651 harum
1513 1618 1673 1659 [sei-iem),
1689 1630 1727 1651 ac
1749 1619 1828 1651 cita-

444 1665 558 1693 torum
583 1662 720 1693 nomina
743 1665 777 1693 et
800 1662 997 1702 cognomina
1020 1662 1137 1693 cedule
1161 1661 1225 1693 hiis
1241 1673 1370 1694 annexe
1386 1665 1538 1694 tenorem
1562 1663 1832 1696 continentes-

445 1706 556 1737 Dated
573 1706 607 1736 in
624 1705 683 1737 the
701 1705 826 1744 Palaee,
844 1706 977 1745 Exeter,
996 1707 1037 1737 29
1054 1706 1142 1747 May.

400 1783 704 1833 Testamentary
725 1796 736 1830 ;
773 1783 932 1820 Finalis
963 1783 1232 1832 acquietancia
1258 1783 1362 1821 inter
1387 1782 1601 1822 Dominum
1627 1791 1663 1822 et
1691 1784 1833 1822 Execu·

456 1845 552 1875 tores
571 1837 766 1875 Johannis
783 1838 830 1875 de
851 1837 1181 1884 Grandissono‚——

291 1901 351 1932 usq
404 1891 576 1923 Universis
590 1895 704 1931 pateat
715 1902 774 1932 per
787 1892 962 1922 Presentes
972 1892 1061 1932 qnod
1073 1902 1142 1927 nos,
1157 1892 1311 1930 Thomas,
1323 1896 1395 1932 etc.‚
1409 1893 1594 1934 recepimus
1604 1895 1639 1924 et
1651 1892 1832 1924 habuimus

443 1936 485 1966 de
501 1935 615 1966 Nobili
635 1935 722 1971 Viro,
736 1935 879 1966 Domino
892 1935 1045 1966 Johanne
1058 1936 1100 1966 de
1115 1936 1230 1967 Monte
1242 1939 1350 1975 acuto,
1364 1936 1482 1976 Milite,
1497 1936 1666 1977 Magistris
1684 1936 1830 1968 Rnberto

444 1979 486 2010 de
501 1978 686 2019 Wykforde
709 1982 744 2009 et
761 1978 921 2009 Nieholao
937 1979 979 2009 de
998 1979 1196 2019 Braybroke,
1214 1980 1389 2011 Canonicis
1408 1980 1543 2019 Exonie,
1556 1990 1594 2011 ac
1609 1979 1774 2011 willelmo
1788 1980 1831 2011 de

444 2022 645 2062 Braybroke,
665 2022 850 2061 domicello,
869 2022 1112 2053 Executoribus
1135 2023 1344 2054 Testamenti
1366 2027 1401 2054 et
1423 2023 1588 2055 bonorum
1606 2023 1830 2059 Administra-

442 2065 572 2096 toribus
590 2066 673 2096 bone
691 2065 849 2096 memorie
867 2065 1002 2096 Domini
1026 2066 1191 2097 Johannis
1213 2066 1255 2097 de
1279 2067 1515 2101 Grandissono.
1536 2066 1689 2108 Episcopi
1706 2067 1828 2098 Exoni·

443 2109 541 2148 ensis,
559 2109 723 2148 defuncti,
742 2109 987 2140 Predecessoris
1004 2109 1110 2140 nostri
1126 2109 1311 2148 inmediati,
1336 2110 1404 2141 duo
1424 2110 1517 2142 milia
1533 2120 1722 2142 marcarum
1745 2110 1831 2142 bone

444 2156 479 2184 et
495 2153 607 2194 legalis
623 2157 769 2188 monete,
785 2163 822 2183 ac
838 2152 941 2184 eciam
961 2152 1093 2183 Mitram
1111 2156 1146 2183 et
1163 2153 1325 2184 Baculum
1344 2154 1547 2185 Pastoralem
1571 2153 1724 2195 ejusdem
1749 2154 1829 2185 Pre-

443 2196 623 2228 decessoris
639 2196 746 2227 nostri
761 2196 923 2233 meliores,
942 2206 1008 2227 una
1023 2206 1100 2228 cum
1117 2199 1190 2227 toto
1205 2196 1357 2232 instauro
1374 2200 1509 2229 mortuo
1531 2197 1636 2238 ipsius
1652 2197 1828 2229 Predeces-

442 2240 524 2271 soris
548 2239 653 2271 nostri
674 2240 715 2271 ad
740 2239 998 2270 husbandariam
1026 2239 1225 2280 pertinente,
1249 2243 1285 2271 et
1306 2240 1340 2271 in
1365 2241 1520 2272 Maneriis
1542 2251 1580 2272 ac
1603 2241 1763 2272 membris
1786 2241 1828 2272 nd

448 2284 683 2325 Episcopatum
702 2284 925 2314 Exoniensem
942 2283 1086 2314 ubilibet
1110 2284 1342 2324 spectantibus
1358 2284 1534 2324 existente,
1553 2295 1612 2325 pro
1635 2284 1828 2316 omnimoda

442 2328 653 2368 reparacione
669 2337 961 2368 quorumcumque
977 2327 1200 2367 dampnorum
1224 2330 1259 2358 et
1281 2327 1475 2359 defectuum
1500 2328 1534 2359 in
1558 2327 1828 2369 quibuscumque

445 2371 598 2402 Maneriis
612 2374 647 2401 et
657 2370 826 2410 membris,
839 2381 876 2401 ac
889 2370 977 2410 locis,
990 2370 1130 2411 aliisque
1146 2371 1246 2402 rebus
1258 2371 1419 2403 universis
1431 2371 1473 2402 ad
1486 2371 1727 2412 Episcopatum
1740 2371 1826 2403 Exo-

442 2415 591 2446 niensem
617 2414 822 2454 ubicumque
838 2417 873 2444 et
889 2414 1178 2455 qualitercumque
1194 2414 1434 2455 spectantibus,
1450 2425 1594 2456 quorum
1611 2414 1830 2455 reparscionis

441 2468 526 2489 onus
542 2459 584 2489 ad
600 2458 730 2489 dictum
748 2458 1016 2489 Predecessorem
1034 2460 1196 2496 nostrum,
1213 2458 1296 2488 dum
1315 2457 1408 2497 vixit,
1426 2458 1625 2498 pertinebat,
1645 2468 1704 2489 seu
1720 2457 1764 2490 ad
1778 2458 1826 2499 ip-

441 2502 511 2533 sius
538 2502 740 2533 Executores
767 2501 933 2542 pertinere
958 2500 1071 2541 potuit
1096 2503 1156 2532 aut
1182 2501 1301 2532 debuit
1325 2501 1555 2542 quovismodo.
1613 2502 1663 2533 De
1689 2501 1825 2542 quibus,

442 2546 589 2586 quidem,
617 2545 751 2576 duobus
778 2544 915 2575 milibus
939 2554 1136 2583 marcarum,
1164 2544 1276 2583 Mitra,
1299 2548 1334 2575 et
1358 2545 1481 2576 Baculo
1498 2545 1668 2584 Pastorali,
1691 2555 1730 2576 ac
1751 2547 1827 2577 toto

435 2592 575 2620 ‚mortuo
591 2589 751 2626 instauro,
768 2588 858 2619 sicut
873 2587 1096 2628 premittitur,
1122 2587 1218 2619 nobis
1242 2598 1300 2628 per
1322 2588 1490 2629 predictos
1508 2589 1711 2621 Executores
1729 2588 1825 2630 plene

441 2636 476 2663 et
490 2633 619 2672 integre
635 2632 754 2663 solutis
778 2635 813 2662 et
835 2631 993 2670 liberatis,
1009 2634 1045 2662 et
1067 2642 1124 2672 per
1147 2641 1207 2662 nos
1230 2631 1381 2672 receptis,
1405 2642 1464 2673 pro
1487 2632 1680 2664 omnimoda
1695 2642 1822 2672 repara-

440 2676 533 2707 cione
551 2676 774 2716 dampnorum
792 2678 827 2706 et
849 2675 1044 2706 defectuum
1068 2674 1268 2715 supradicta,
1286 2685 1345 2715 per
1366 2685 1427 2706 nos
1442 2679 1503 2707 aut
1529 2676 1731 2707 Executores
1746 2685 1823 2707 nos-

442 2723 510 2750 tros
527 2722 756 2760 competenter
771 2722 806 2749 et
822 2718 935 2749 debite
950 2718 1110 2756 facienda,
1128 2718 1277 2749 fatemur
1299 2729 1359 2749 nos
1382 2719 1519 2750 omnino
1534 2719 1606 2750 fore
1620 2722 1797 2750 contentos
1812 2729 1822 2756 ς

440 2773 478 2794 ac
494 2763 699 2793 Executores
714 2772 829 2792 omnes
844 2764 880 2792 et
895 2761 1043 2802 singulos
1065 2761 1273 2802 supradictos
1296 2762 1374 2792 inde
1397 2762 1530 2803 quietos
1545 2766 1580 2793 et
1596 2762 1731 2802 penitus
1746 2772 1821 2794 exo-

441 2809 583 2838 neratos.
630 2806 709 2844 Nos,
726 2805 874 2846 insuper,
901 2805 1046 2836 Thomas
1069 2805 1253 2846 Episcopus
1269 2805 1472 2845 antedictus,
1489 2805 1628 2847 prefatis
1645 2805 1820 2837 Predeces·

438 2849 505 2880 sori
530 2853 645 2880 nostro
671 2859 709 2880 ac
737 2848 981 2880 Executoribus
1004 2848 1073 2879 suis
1096 2847 1304 2880 omnimodas
1335 2849 1494 2888 acciones,
1518 2848 1681 2891 querelas,
1707 2851 1743 2880 et
1764 2849 1820 2880 de-

437 2893 588 2933 mandas,
614 2896 685 2923 tam
711 2892 816 2923 reales
838 2902 940 2933 quam
968 2891 1165 2932 personales,
1188 2901 1272 2932 quas
1294 2895 1412 2924 contra
1433 2902 1522 2932 eum,
1546 2891 1597 2924 vel
1621 2902 1738 2924 eorum
1760 2891 1820 2924 ali-

436 2946 547 2977 quem,
572 2947 590 2967 a
615 2939 764 2976 tempore
790 2934 976 2966 Creucionis
999 2938 1122 2974 nostre,
1146 2934 1275 2966 racione
1298 2936 1522 2977 dampnorum
1545 2935 1595 2967 vel
1623 2934 1819 2968 defectuum
