1988 3256
481 354 770 388 REGISTRUM
805 351 1263 388 GOMMUNE-—ANNO
1300 342 1361 384 2⁰.
1595 338 1688 383 261

145 459 223 511 AJ}
299 461 488 493 turbamur.
543 462 598 501 Et,
615 461 680 493 nisi
695 461 796 493 iidem
813 461 976 494 Officiales
992 460 1124 502 plenius
1139 459 1316 498 calculent,
1333 462 1374 490 nt
1390 461 1562 498 tenentur,
1587 468 1626 490 ac
1648 458 1691 489 de

146 494 241 556 &gfff
300 504 419 546 majori
445 515 579 536 summa
605 505 640 536 in
665 516 786 546 magna
813 509 907 546 parte
933 505 1166 546 respondeant,
1190 504 1378 544 dampnum
1409 513 1476 534 non
1508 501 1690 542 modicum,

205 549 212 555 '
245 550 252 557 ’
298 549 397 589 culpa
412 549 605 588 eorundem,
621 549 714 590 quod
729 549 834 580 nollet
843 549 990 590 justicia,
1002 549 1224 580 incurremus.
1273 547 1326 579 Ad
1341 546 1561 586 audiendum,
1573 546 1689 587 igitur,

302 596 497 634 compotum
514 593 549 624 in
565 593 627 624 hac
650 596 745 634 parte
768 596 802 624 et
825 593 1039 624 raciocinium
1063 591 1263 623 Officialium
1279 591 1518 632 predictorum,
1534 590 1691 630 ipsosque

300 636 408 677 plene,
420 635 521 677 juxta
539 637 691 676 Registra
707 637 858 677 antiqua,
878 647 937 677 per
951 647 1017 677 que
1033 634 1230 677 hujusmodi
1254 635 1505 676 procuraciones
1520 633 1592 665 fieri
1607 633 1689 664 sole-

299 680 392 719 bant,
409 683 450 711 ut
465 680 632 719 convenit,
656 681 875 719 onerandum,
892 691 930 711 ac
945 680 1079 711 eosdem
1103 679 1276 718 Officiales,
1301 678 1330 710 si
1354 688 1486 710 necesse
1508 677 1623 716 fuerit,
1647 677 1690 708 ad

301 724 462 764 premissa
478 724 592 755 debite
607 724 902 764 compellendum3
926 724 1029 763 vobis,
1053 724 1095 755 de
1118 733 1263 764 quorum
1287 722 1460 760 fidelitate,
1477 724 1551 760 etc„
1574 724 1690 752 tenore

301 767 517 799 Presencium
533 768 782 799 committimus
803 767 892 799 vices
915 771 1046 798 nostras
1068 770 1104 798 et
1127 767 1310 807 plenariam
1326 768 1539 807 potestatem.
1587 764 1689 796 Volu-

301 821 387 851 mus,
404 816 531 848 autem,
549 812 651 852 quod,
667 811 697 842 si
713 822 770 842 vos
793 822 909 842 omnes
933 811 997 842 hiis
1019 810 1225 852 exequendis
1247 810 1409 841 interesse
1431 819 1500 840 non
1523 808 1688 850 poteritis,

299 858 368 886 tres
384 855 437 886 vel
452 855 521 886 duo
536 858 698 894 vestrum,
714 854 933 896 conjunctim,
950 866 988 886 ea
1004 855 1242 886 nichilominus
1257 852 1642 895 exequantur.—Dated
1654 854 1692 883 at

297 898 498 940 Faringdon,
515 898 556 932 27
573 899 697 931 March.

253 953 453 992 Oratories
468 966 479 1001 3
506 954 662 992 Licence
681 960 718 992 to
736 954 982 1000 celebrate,—

145 1005 246 1036 [Arm-
258 1007 358 1046 Item,
376 1007 568 1048 Londoniis,
588 1008 764 1039 undecimo
788 1008 842 1039 die
865 1008 999 1049 Aprilis,
1017 1006 1143 1047 Sibilla,
1161 1018 1227 1049 que
1252 1006 1321 1038 fuit
1345 1017 1429 1038 uxor
1453 1005 1625 1047 Radulphi
1647 1006 1689 1037 de

146 1041 215 1071 ΗΞ]
297 1052 524 1091 Stouehowse,
540 1076 548 1084 .
565 1077 572 1084 .
594 1076 600 1081 .
620 1052 655 1083 in
673 1052 818 1092 Capellis
832 1052 902 1083 suis
919 1051 1045 1092 ubique
1059 1062 1067 1088 ;
1091 1051 1267 1092 quamdiu,
1283 1053 1345 1082 etc.

255 1106 293 1143 N
295 1106 540 1145 orthmolton
557 1120 568 1154 ;
597 1107 835 1144 Mandatum
851 1107 907 1144 ad
924 1106 1138 1154 citandum,
1157 1105 1437 1144 vicissitmlinis
1455 1111 1622 1153 optentu,
1644 1105 1689 1143 in

308 1174 425 1199 causa
441 1161 706 1210 reparacionis
724 1161 887 1199 Ecclesie
905 1161 950 1198 de
970 1160 1332 1207 Now-thmoltone,—

256 1214 456 1254 Venerabili,
473 1218 545 1254 etc,
566 1215 710 1246 Domino
726 1216 872 1247 Roberto
888 1215 944 1255 [de
968 1214 1167 1254 StrettoneJ,
1191 1215 1253 1246 Dei
1275 1214 1386 1255 gracia
1409 1213 1629 1246 coventrensi
1652 1216 1689 1244 et

300 1258 546 1290 Lichefeldensi
578 1259 748 1300 Episcopo,
776 1259 932 1298 Thomas,
959 1263 1034 1298 etc,
1061 1258 1216 1298 salutem,
1244 1258 1406 1290 ete—Ex
1432 1260 1527 1299 parte
1551 1257 1688 1288 Domini

305 1302 441 1334 Walteri
458 1303 602 1343 Almaly,
620 1303 770 1334 Rectoris
788 1302 932 1334 Ecclesie
947 1303 989 1333 de
1002 1302 1284 1341 ,Northmoltone,
1301 1302 1398 1333 nobis
1420 1301 1536 1333 extitit
1551 1301 1686 1332 intima-

302 1350 378 1377 tum
394 1346 485 1387 quod
509 1357 624 1387 nuper,
648 1349 799 1387 tempore
822 1346 908 1377 bone
931 1346 1091 1377 memorie
1114 1346 1252 1378 Domini
1273 1345 1440 1377 Johannis
1461 1345 1504 1376 de
1528 1345 1687 1376 Grandis-

300 1400 391 1429 son0,
409 1390 566 1431 Episcopi
581 1390 788 1429 Exonien‘sis,
803 1390 980 1421 inmediati
997 1389 1243 1421 Predecessoris
1265 1389 1382 1428 nostri,
1399 1388 1562 1427 defuncti,
1579 1389 1621 1419 ad
1637 1388 1687 1419 in-

301 1433 464 1465 stanciam
481 1433 563 1465 dicti
578 1434 728 1473 Walteri,
745 1444 845 1474 super
860 1433 1061 1465 defeetubus
1076 1433 1111 1464 in
1129 1433 1292 1472 Cancello,
1308 1432 1427 1472 Libris,
1443 1435 1479 1464 et
1494 1432 1567 1463 aliis
1583 1432 1687 1464 Orna-

303 1477 440 1516 mentis,
459 1477 638 1517 domubus,
655 1480 690 1508 et
712 1477 875 1509 clausuris
898 1477 1052 1508 Rectorie
1074 1477 1165 1508 dicte
1183 1476 1328 1508 Ecclesie
1350 1477 1393 1508 de
1415 1476 1688 1515 Northmoltone‚

304 1521 514 1561 temporibus
529 1521 654 1562 quibus
670 1521 828 1562 Religiosi
842 1521 924 1560 Viri,
941 1521 1055 1562 Abbas
1070 1523 1106 1552 et
1123 1521 1318 1553 Conventus
1334 1520 1376 1551 de
1391 1519 1608 1559 Lulleshulle,
1626 1519 1687 1551 Co·

305 1565 492 1596 ventrensis
507 1568 543 1596 et
558 1564 821 1596 Lichefeldensis
845 1564 1001 1603 Diocesis,
1025 1565 1108 1596 dum
1132 1565 1273 1596 eandem
1296 1563 1479 1595 Ecclesiam
1502 1566 1687 1595 tenuerunt

237 1622 247 1623 r
303 1608 588 1649 contingentibus,
605 1619 690 1650 quos
706 1619 764 1649 per
778 1619 873 1640 suam
890 1608 1064 1648 incuriam,
1079 1607 1326 1649 necligenciam,
1343 1610 1380 1639 et
1396 1607 1530 1647 culpam
1555 1607 1687 1638 dimise-

303 1654 386 1683 runt
411 1652 631 1693 insuppletos,
657 1652 866 1693 irreparatos,
890 1654 926 1683 et
948 1662 1016 1683 non
1036 1652 1201 1691 refectos3
1224 1654 1260 1683 et
1282 1651 1342 1692 qui
1366 1650 1523 1692 Religiosi
1544 1650 1687 1690 fructus,

302 1695 469 1735 redditus,
485 1699 520 1727 et
536 1700 719 1737 proventus
735 1696 825 1727 dicte
843 1696 986 1727 Ecclesie
998 1706 1057 1736 per
1071 1706 1139 1727 non
1157 1695 1285 1726 modica
1300 1698 1454 1735 tempora.
1469 1697 1690 1736 perceperunt

301 1742 337 1770 et
352 1739 754 1780 habuerunt,1nquisicio
776 1739 864 1770 facta
887 1739 963 1777 fuit,
980 1739 1015 1770 in
1038 1739 1147 1770 forma
1168 1739 1264 1780 juris,
1288 1738 1403 1770 debita
1423 1741 1459 1770 et
1481 1738 1688 1778 solempnis3

303 1793 362 1823 per
377 1793 478 1824 quam
496 1783 756 1824 Inquisicionem
773 1783 926 1814 defectus
949 1782 1091 1824 predicti
1112 1782 1155 1814 ad
1173 1783 1279 1814 varias
1301 1781 1519 1823 pecuniarum
1538 1791 1689 1813 summas

302 1826 452 1866 fuerunt,
476 1827 602 1859 vocatis
624 1827 658 1858 in
682 1827 744 1858 hae
766 1830 862 1868 parte
885 1826 1051 1866 vocandis,
1076 1826 1321 1867 particulariter
1343 1825 1492 1857 estimat-i
1513 1828 1550 1857 et
1571 1825 1689 1866 taxati,

304 1873 405 1911 prout
419 1870 454 1901 in
472 1870 712 1902 Certifieatorio
736 1870 971 1912 Inquisicionis
994 1870 1152 1912 predicte,
1169 1870 1299 1911 prefato
1322 1869 1549 1901 Predecessori
1571 1873 1688 1900 nostro

302 1924 404 1955 super
417 1913 480 1945 hoc
495 1914 630 1951 directe,
647 1915 731 1946 etin
756 1915 918 1955 Registris
942 1914 1095 1955 ejusdem
1119 1913 1364 1946 Predccessoris
1386 1913 1502 1952 nostri,
1527 1913 1569 1944 de
1592 1912 1687 1944 Man-

304 1957 385 1988 dato
402 1961 526 1997 nostro,
541 1962 690 1989 scrutate
705 1962 740 1989 et
763 1961 902 1999 reperte,
920 1957 1052 1999 plenius
1075 1957 1268 1989 continetur
1282 1968 1290 1997 3
1313 1957 1413 1998 cujus
1429 1957 1542 1988 Litere
1558 1956 1687 1988 Certifi-

302 2001 424 2032 catorie
447 2001 682 2042 Inquisicionis
706 2002 854 2042 predicte
875 2005 973 2033 tenor
995 2004 1047 2033 est
1071 2001 1407 2041 talis,—Reverend0,
1424 2003 1501 2040 etc.,
1525 2000 1686 2040 Johanni,

305 2044 368 2076 Dei
382 2045 492 2086 gracia
510 2045 690 2076 Exoniensi
707 2046 880 2086 Episcopo,
904 2056 986 2077 suus
1009 2045 1147 2077 humilis
1171 2045 1327 2077 Officialis
1351 2044 1585 2076 Archidiaconi
1607 2044 1686 2075 Bar-

303 2088 488 2129 nastapolie
523 2089 760 2129 obedienciam,
789 2089 1099 2121 etc—Mandatum
1131 2093 1283 2120 vestrum
1313 2089 1535 2119 reverendum
1568 2087 1688 2128 recepi,

304 2135 456 2163 tenorem
472 2132 648 2164 continens
663 2132 1107 2174 subsequentem—Divina
1124 2132 1337 2163 miseracione
1352 2131 1535 2169 Johannes,
1552 2131 1687 2172 Episco-

306 2186 369 2216 pus
397 2175 605 2216 Exoniensis,
634 2176 874 2208 Archidiacono
899 2176 1157 2217 Burnastapolie,
1182 2176 1233 2206 vel
1257 2175 1331 2217 ejus
1353 2175 1504 2215 Officiali,
1531 2175 1687 2213 salutem,

304 2219 593 2258 etc.-Querelam
617 2220 732 2252 dilecti
754 2221 789 2251 in
814 2220 948 2252 Christo
971 2220 1042 2258 filii,
1067 2219 1204 2251 Domini
1220 2219 1360 2251 Walteri
1374 2219 1520 2260 Almaly,
1538 2218 1688 2250 Rectoris

306 2262 452 2294 Ecclesie
479 2263 522 2294 de
546 2263 818 2303 Northmoltone,
845 2274 980 2304 gravem
1011 2263 1207 2304 recepimus,
1236 2264 1465 2294 continentem
1489 2263 1581 2304 quod
1604 2273 1687 2293 non-

151 2303 204 2364 {zlf'
302 2306 389 2337 nulli
405 2306 568 2346 defectus,
585 2310 654 2338 tam
671 2308 706 2338 in
725 2307 888 2345 Cancello,
906 2307 1025 2346 Libris,
1049 2310 1085 2338 et
1106 2307 1179 2338 aliis
1202 2306 1428 2345 Ornamentis,
1445 2316 1548 2347 quam
1570 2306 1606 2337 in
1629 2306 1686 2336 do-

206 2357 214 2364 ·
303 2349 427 2381 mubus
443 2354 479 2381 et
490 2350 651 2381 clausuris
664 2349 852 2382 Sanctuarii
867 2351 1013 2382 Ecclesie
1028 2350 1229 2390 supradicte,
1242 2349 1373 2381 invenit
1386 2349 1597 2391 reparacione
1614 2349 1687 2390 plu-

303 2393 428 2424 rimum
444 2393 642 2434 indigentes,
659 2404 744 2435 quos
760 2394 915 2435 Religiosi
931 2394 1012 2434 Viri,
1030 2394 1142 2426 Abbas
1165 2396 1201 2426 et
1224 2394 1420 2426 Conventus
1435 2393 1631 2424 Monasterii
1646 2393 1689 2424 de

303 2436 507 2476 Lilleshulle,
519 2438 603 2469 dum
614 2437 740 2469 dictam
753 2438 933 2469 Ecclesiam
949 2441 1136 2469 tenuerunt
1151 2437 1370 2479 percipientes
1380 2437 1513 2468 fructus
1525 2436 1688 2478 ejusdem,

301 2490 360 2520 per
375 2490 470 2511 suam
486 2480 650 2512 incuriam
666 2481 879 2513 dimiserunt.
924 2481 1094 2521 Volentes,
1117 2481 1232 2522 igitur,
1249 2481 1379 2522 prefato
1397 2480 1553 2519 Waltero,
1570 2481 1612 2511 ad
1627 2490 1688 2511 sue

304 2524 478 2564 peticionis
493 2524 702 2564 instanciam,
719 2525 762 2556 de
777 2528 944 2566 oportuno
966 2525 1001 2556 in
1025 2525 1086 2556 hac
1109 2528 1203 2566 parte
1225 2524 1373 2556 remedio
1393 2524 1576 2564 providere,
1593 2523 1688 2555 vobis

306 2567 553 2599 committimus
579 2572 614 2599 et
640 2569 842 2600 mandamus
864 2569 1037 2609 quatinus,
1063 2568 1190 2600 vocatis
1212 2568 1254 2599 de
1277 2567 1353 2609 jure
1377 2567 1543 2607 vocandis,
1567 2567 1609 2598 de
1631 2568 1687 2598 de-

305 2610 464 2642 feetubus
492 2611 700 2652 hujusmodi,
727 2613 787 2653 qui
813 2621 849 2644 et
873 2612 988 2653 quales
1018 2612 1098 2651 sint,
1125 2614 1161 2643 et
1184 2612 1219 2642 in
1246 2612 1369 2653 quibus
1399 2611 1500 2642 rebus
1529 2611 1688 2650 existant,

306 2664 366 2694 pro
381 2657 510 2695 quanto
525 2654 630 2686 eciam
645 2656 769 2696 reperti
784 2656 938 2687 defectus
953 2666 1098 2696 congrue
1122 2658 1283 2696 poterunt
1305 2654 1459 2695 reparari,
1475 2664 1688 2695 quorumque

309 2697 519 2738 temporibus
545 2699 748 2739 acciderunt,
773 2700 816 2730 ad
843 2709 928 2740 quos
956 2702 1086 2740 spectat
1112 2699 1279 2740 reparacio
1306 2697 1501 2738 eorundem,
1524 2708 1584 2739 per
1609 2698 1688 2729 fide-

304 2738 436 2782 dignos,
462 2744 533 2773 tam
557 2742 691 2774 clericos
714 2753 816 2784 quam
843 2743 952 2782 laicos,
980 2753 1081 2783 super
1107 2742 1277 2783 premissis
1304 2741 1461 2773 omnibus
1487 2744 1523 2773 et
1549 2741 1691 2782 singulis

306 2784 488 2824 pleniorem
512 2785 670 2817 noticiam
693 2786 897 2825 obtinentes,
914 2786 1055 2827 juratos,
1080 2785 1258 2826 diligenter
1279 2788 1315 2817 et
1336 2785 1476 2816 sollicite
1498 2785 1689 2826 inquiratis.

306 2828 363 2864 Et,
387 2828 476 2868 quia,
500 2839 541 2859 ex
564 2829 672 2860 causis
695 2830 865 2870 premissis
887 2834 923 2861 et
944 2830 1018 2861 aliis
1041 2829 1199 2870 legitimis
1222 2839 1282 2860 nos
1305 2828 1529 2867 moventibus,
1548 2829 1691 2868 fructus,

303 2870 470 2911 redditus,
497 2875 534 2903 et
563 2876 748 2913 proventus
775 2883 1007 2914 quoscumque
1038 2871 1183 2904 Ecclesie
1212 2872 1413 2914 supradicte,
1440 2882 1526 2912 quos
1552 2871 1694 2913 predicti

303 2913 462 2955 Religioni
488 2915 562 2947 Viri
585 2916 628 2947 ad
654 2926 690 2947 se
715 2917 882 2958 pertinere
906 2916 1125 2958 pretendunt,
1150 2916 1185 2947 in
1212 2916 1485 2957 quibuscumque
1507 2916 1610 2947 rebus
1635 2920 1695 2946 seu

305 2957 472 2998 manibus,
490 2958 595 2990 eciam
617 2959 645 2991 si
668 2959 703 2990 in
726 2960 920 2992 nominibus
939 2959 1133 2997 debitorum
1157 2959 1314 2999 existant,
1331 2958 1539 3000 providimus
1561 2968 1694 2999 seques-
