1988 3256
276 332 371 380 274

280 449 315 476 A.
319 448 356 476 n.

280 481 356 510 1372.

281 516 427 550 [v01.11]

282 1290 337 1319 fol.

280 1324 342 1351 23b.

286 1748 364 1782 [.Vol
368 1747 382 1771 l

286 1751 333 1811 t11
337 1784 347 1814 ]

490 345 590 379 ΤΗΕ
625 344 867 379 REGISTER
906 344 967 379 OF
1002 345 1182 380 BISHOP
1217 341 1623 379 BRANTYNGHAM.

434 450 582 482 Diocesis
598 451 823 483 Ecclesiarum
846 451 1005 482 Rectores
1028 450 1099 491 qui,
1118 450 1265 483 dimissis
1288 450 1477 482 animarum
1500 449 1590 482 curis
1605 448 1731 481 eisdem
1743 457 1832 481 com·

441 494 561 534 missis,
573 495 714 526 avaricie
727 494 811 526 vicio
823 494 981 533 excecati,
997 505 1015 525 a
1027 494 1128 526 dictis
1139 495 1208 526 suis
1221 494 1376 526 Ecclesiis
1386 504 1422 525 se
1433 493 1623 533 absentant,
1640 495 1675 524 et
1690 491 1837 523 residen-

444 539 529 570 ciam
541 538 650 570 facere
661 549 695 569 se
712 538 871 579 fingunt·
862 548 895 569 ιι]
914 518 1061 569 Ecclesia
1076 541 1191 570 nostra
1208 538 1392 579 Collegiata
1407 537 1568 579 predicta,
1580 537 1614 568 in
1628 546 1695 578 qua
1706 535 1834 576 absque

433 582 527 623 juste
553 582 737 613 residencie
768 581 911 619 meritis,
935 581 1000 612 sibi
1026 585 1194 623 usurpant
1220 582 1311 623 longi
1337 581 1499 622 temporis
1525 580 1664 619 victum,
1691 579 1834 610 eandem

433 626 626 663 Ecclesiam,
652 629 692 657 ut
707 635 824 657 verum
837 625 998 664 dicamus,
1015 626 1120 666 magis
1137 630 1315 657 onerantes
1331 635 1433 667 quam
1449 625 1652 656 honorantes
1667 623 1711 654 ad
1726 622 1832 654 hono-

434 679 505 700 rem
528 672 564 701 et
588 670 721 701 laudem
746 669 819 701 Dei.
879 669 978 701 Unde
1008 669 1175 710 contingit
1192 670 1283 710 quod
1306 668 1454 700 intencio
1477 668 1712 706 Fundatorum
1736 666 1772 697 in
1795 675 1835 696 ea

434 715 528 754 parte
538 713 759 750 subvertitur,
767 716 802 744 et
812 723 891 744 cura
901 712 1060 744 continue
1070 713 1251 745 residencie
1261 712 1447 753 necligetur
1458 712 1657 743 animarum.
1671 709 1834 749 Quocirca

435 757 529 787 vobis
552 760 669 788 tenore
690 757 904 788 Presencium
925 756 1128 797 p1ecipimus
1150 761 1185 788 et
1206 757 1418 795 mandamus,
1443 755 1586 787 firmiter
1600 754 1832 796 injungentes,

434 800 597 850 quatinus
607 810 724 832 omnes
740 804 775 831 et
790 800 939 841 singulos
957 800 1181 832 Ecclesiarum
1198 800 1442 832 Parochialium
1459 798 1658 841 hujusmodi
1675 799 1832 829 Rectores

434 844 470 875 in
484 844 578 875 dicta
595 844 742 875 Ecclesia
757 847 872 875 nostra
890 843 1072 884 collegiata
1088 844 1282 883 residentes,
1298 843 1500 875 auctoritate
1522 845 1646 882 nostra,
1669 840 1836 873 moneatis

435 891 485 927 ut,
509 887 597 919 infra
620 898 678 919 sex
701 887 772 922 dies
795 888 1019 919 Monicionem
1042 891 1190 920 vestram
1213 888 1364 929 proximo
1388 892 1576 928 sequentes,
1604 886 1647 918 ad
1670 884 1835 917 Ecclesiae

434 941 512 962 suas
550 931 759 963 Parochiales
790 931 1010 972 personaliter
1040 942 1074 962 se
1100 932 1317 968 transferant,
1347 935 1382 962 et
1411 930 1572 962 continue
1599 928 1771 961 resideant
1796 927 1830 959 in

434 975 572 1014 eisdem,
591 976 655 1006 sub
671 986 756 1016 pena
768 974 866 1016 juris.
917 975 1075 1016 Alioquin
1089 976 1132 1007 ad
1148 975 1430 1017 sequestrandum
1446 974 1579 1006 fructus
1605 972 1829 1004 Ecclesiarum

434 1029 584 1057 suarum,
608 1022 644 1050 et
664 1019 976 1060 Sequestracionem
1000 1019 1142 1052 eandem
1166 1019 1418 1060 publicandum,
1443 1021 1479 1050 et
1495 1016 1756 1049 custodiendum
1773 1025 1832 1056 per

436 1073 494 1094 vos
510 1063 562 1094 vel
579 1063 670 1102 alios,
693 1067 809 1094 tenore
833 1062 1048 1094 Presencium
1070 1063 1105 1094 in
1129 1073 1167 1094 ea
1188 1067 1282 1104 parte
1304 1061 1551 1094 committimus
1573 1061 1660 1094 vices
1687 1062 1829 1091 nostras.

437 1106 483 1137 Et
498 1106 581 1147 quid
597 1106 752 1146 feceritis,
769 1109 804 1138 et
819 1106 902 1138 dicti
922 1107 1076 1137 [tectores
1093 1107 1228 1138 interim
1245 1106 1406 1138 duxerint
1428 1105 1631 1143 faciendum,
1654 1114 1725 1143 nos,
1748 1103 1832 1134 citra

437 1150 577 1181 Festum
594 1150 711 1182 Sancti
726 1150 902 1182 Laurencii
917 1150 1070 1199 proximo
1087 1150 1255 1182 futurum.
1272 1149 1502 1190 ubicumque
1494 1159 1529 1180 m
1545 1147 1669 1180 nostris
1685 1128 1832 1179 civitate

436 1193 488 1224 vel
506 1194 637 1225 Diocesi
653 1197 736 1225 tunc
760 1193 935 1234 fuerimus,
953 1190 1113 1226 distincte
1127 1197 1164 1226 et
1186 1183 1303 1235 aperte
1325 1192 1525 1232 certificetis,
1549 1190 1771 1224 ete-Dated
1797 1194 1835 1221 at

436 1237 571 1278 Bishop'
573 1248 589 1268 s
605 1238 755 1276 Tawton,
774 1237 814 1271 27
831 1238 852 1269 J
857 1237 924 1279 uly

391 1291 548 1330 Letters
578 1292 868 1343 Dimissory‚—-

396 1346 603 1378 —Benedict
631 1346 673 1377 de
701 1347 840 1387 Eresby,
871 1346 942 1377 “ad
970 1357 1086 1378 omnes
1118 1346 1273 1386 Minores,
1298 1349 1333 1377 et
1363 1345 1467 1377 eciam
1499 1345 1543 1376 ad
1568 1354 1686 1376 omnes
1716 1344 1834 1375 Sacros

437 1390 613 1421 Ordines”
631 1390 779 1432 (Bishop'
782 1401 796 1421 s
812 1390 963 1430 Tamen,
980 1391 1022 1422 28
1039 1391 1060 1422 J
1064 1390 1145 1432 uly)

394 1445 614 1493 Shevioke;
651 1445 841 1484 Benedict
859 1445 908 1484 de
928 1445 1091 1496 Eresby,
1123 1445 1169 1483 R.
1173 1469 1239 1493 ,—

397 1499 498 1539 Item,
525 1499 660 1539 ibidem,
692 1503 728 1531 et
754 1500 870 1531 eodem
902 1500 966 1539 die,
998 1500 1169 1541 predictus
1193 1500 1241 1538 Β.,
1269 1500 1392 1531 Rector
1419 1498 1566 1531 Ecclesie
1592 1498 1634 1529 de
1660 1495 1836 1536 Shevioke,

440 1542 562 1575 habuit
577 1544 726 1575 Literam
742 1543 972 1585 reparacionis,
989 1544 1150 1576 directam
1169 1525 1310 1576 Offi’ciali
1327 1543 1489 1575 Peculiari
1506 1541 1682 1574 cornubie.

395 1598 591 1650 Oratory·
581 1628 592 1647 ‚
628 1599 785 1637 Licence
805 1605 842 1637 to
860 1599 1105 1645 celebrate,—

396 1652 496 1692 Item,
513 1654 604 1694 apud
621 1653 774 1684 Tantone
789 1652 984 1695 [Episcopi],
1001 1657 1087 1685 xxx0
1103 1652 1156 1684 die
1172 1653 1254 1685 dicti
1270 1652 1402 1692 mensis,
1421 1652 1471 1685 W.
1487 1651 1608 1684 Monke
1620 1654 1655 1682 et
1664 1649 1739 1692 ejus
1751 1659 1838 1682 uxor

439 1696 633 1728 habuerunt
648 1697 846 1736 Licenciam‚
863 1699 937 1736 etc„
954 1697 989 1729 in
1006 1697 1140 1738 Capella
1153 1707 1235 1736 sua3
1259 1707 1317 1738 per
1332 1707 1470 1728 annum.

400 1734 572 1801 Against
590 1753 739 1790 certain
761 1753 993 1790 miscreants
1014 1752 1100 1790 who
1120 1752 1199 1790 had
1219 1751 1366 1793 robbed
1387 1751 1495 1790 John
1515 1750 1748 1802 Skydmore,
1768 1749 1838 1788 the

452 1806 628 1844 Marshal
647 1806 689 1844 of
717 1806 785 1844 the
806 1806 985 1857 Bishop's
1005 1806 1111 1852 Hall,
1116 1830 1168 1835 —

401 1858 556 1899 Thomas,
573 1864 648 1899 etc,
664 1860 915 1892 Archidiaconis
930 1861 1088 1892 Tottonie
1101 1864 1137 1892 et
1154 1860 1414 1901 Barnastapolie,
1427 1865 1463 1891 et
1474 1859 1607 1891 Decano
1619 1859 1661 1891 de
1670 1858 1839 1896 Toriwne,

444 1914 482 1935 ac
498 1904 600 1935 eciam
622 1904 756 1935 Rectori
773 1904 918 1935 Ecclesie
935 1904 1136 1935 Parochialis
1159 1905 1201 1935 de
1224 1904 1392 1943 Tor-itone,
1416 1906 1453 1936 et
1475 1903 1632 1934 omnibus
1648 1907 1683 1934 et
1698 1901 1840 1944 singulis

446 1948 581 1980 Curatis
597 1947 632 1979 in
648 1947 774 1979 eisdem
798 1947 1136 1979 Archidiaconatibus
1160 1948 1281 1979 Divina
1305 1947 1562 1986 celebrantibus,
1589 1946 1747 1985 salutem,
1774 1949 1839 1977 etc.

446 1991 589 2030 Querela
605 1992 624 2023 J
629 1991 769 2022 ohannis
786 1991 983 2032 Skydmore,
1000 1991 1209 2023 Marescballi
1232 1991 1319 2023 Aule
1342 1994 1465 2030 nostre,
1488 2001 1623 2032 gravem
1640 1990 1840 2031 recepimus,

447 2035 678 2066 continentem
695 2035 786 2076 quod
809 2035 947 2076 quidam
970 2035 1100 2066 subditi
1115 2035 1231 2074 nostri,
1247 2046 1307 2066 sue
1329 2034 1449 2066 salutis
1463 2036 1676 2073 inmemores,
1693 2042 1839 2075 quorum

447 2078 584 2110 nomina
599 2079 792 2118 ignoramus
804 2082 839 2110 et
854 2089 1023 2119 personas,
1038 2089 1141 2110 unam
1154 2079 1318 2110 citheram
1330 2079 1372 2110 de
1383 2078 1536 2109 char-ecta
1548 2081 1663 2110 nostra
1678 2079 1841 2119 ceperunt

447 2125 483 2154 et
515 2124 743 2163 asportarunt,
769 2125 805 2153 et
835 2122 927 2162 apud
952 2132 1007 2153 eos
1033 2123 1256 2154 detinuerunt
1286 2126 1389 2163 atque
1416 2122 1582 2161 detinent,
1605 2123 1781 2162 occupant,
1804 2123 1841 2152 et

449 2166 632 2204 concelent,
660 2165 787 2207 absque
809 2175 908 2197 causa.
938 2166 1130 2197 racionabili
1153 2176 1212 2197 seu
1239 2165 1376 2197 licencia
1399 2175 1624 2207 quacumque,
1655 2169 1782 2197 temere
1805 2166 1842 2195 et

449 2209 587 2251 injuste,
604 2212 721 2241 contra
738 2209 947 2241 voluntatem
963 2209 1067 2250 ipsius
1083 2209 1247 2242 Johannis
1263 2209 1460 2251 Skydmore‚
1477 2212 1512 2241 et
1527 2209 1562 2240 in
1577 2208 1682 2250 ipsius
1693 2207 1840 2250 prejudi-

449 2253 539 2285 cium
562 2253 659 2284 valde
681 2262 790 2293 grave,
813 2263 880 2285 non
904 2253 1031 2294 absque
1057 2253 1150 2294 gravi
1173 2263 1312 2285 suarum
1336 2253 1483 2292 periculo
1506 2253 1720 2292 animarum3
1743 2261 1846 2293 super

451 2307 519 2338 quo
535 2307 554 2327 a
569 2297 666 2327 nobis
681 2296 867 2328 remedium
884 2296 1154 2328 Ecclesiasticum
1173 2297 1366 2338 postulavit.
1395 2296 1586 2336 Devocioni‚
1596 2297 1710 2338 igitur,
1723 2301 1843 2336 vestre,

451 2340 677 2372 communiter
692 2350 750 2371 seu
767 2340 911 2379 divisim,
929 2340 963 2371 in
981 2341 1109 2373 virtute
1127 2340 1335 2380 Obediencie,
1360 2339 1503 2372 firmiter
1518 2340 1738 2382 injungendo,
1754 2350 1843 2372 com-

453 2384 625 2416 mittimus
641 2387 677 2415 et
699 2384 899 2415 mandamus
915 2384 1077 2425 quatinus
1100 2384 1135 2416 in
1158 2384 1316 2416 Ecclesiis
1331 2386 1367 2415 et
1389 2384 1462 2416 aliis
1484 2384 1564 2415 locis
1590 2383 1844 2415 Archidiacona·

453 2431 554 2459 tuum
571 2427 811 2468 predictorum,
827 2428 951 2469 quibus
974 2438 1034 2469 per
1057 2432 1186 2469 partem
1210 2428 1314 2469 ipsius
1336 2427 1501 2460 Johannis
1523 2427 1657 2461 fueritis
1679 2426 1844 2468 requisiti,

452 2482 530 2503 cum
548 2470 655 2512 major
667 2471 701 2502 in
714 2471 838 2502 eisdem
853 2471 1006 2503 Ecclesiis
1022 2472 1154 2503 affuerit
1171 2471 1286 2513 populi
1302 2471 1498 2512 multitudo,
1523 2471 1687 2503 moneatis
1709 2480 1847 2512 surrup-

454 2522 544 2547 tores
575 2515 656 2554 (sic),
683 2517 918 2565 asportatores,
944 2515 1146 2554 detentores,
1168 2518 1393 2556 occupatores,
1417 2518 1453 2547 et
1475 2515 1697 2547 concelatores
1719 2514 1846 2546 cithero

455 2558 615 2600 predicte,
646 2559 737 2599 quod
767 2558 856 2590 infra
879 2558 938 2600 viij
963 2558 1034 2590 dies
1058 2558 1280 2590 Monicionem
1311 2562 1456 2590 vestram
1484 2558 1638 2600 proximo
1666 2561 1846 2600 sequentes

455 2601 662 2643 hujusmodi,
677 2602 840 2633 citheram
855 2602 1039 2634 restituant
1054 2602 1282 2641 effectualiter,
1305 2601 1458 2642 liberent,
1480 2605 1584 2644 atque
1609 2602 1755 2641 tradant,
1781 2601 1848 2633 sub

457 2656 543 2687 pena
552 2645 920 2677 Excommunicacionis
931 2645 1079 2687 Majoris,
1091 2656 1194 2687 quam
1207 2646 1242 2678 in
1254 2646 1398 2682 eosdem,
1414 2646 1506 2686 lapso
1521 2645 1667 2678 termino
1682 2645 1844 2688 predicto,

456 2689 526 2721 suis
541 2689 639 2730 culpa
653 2692 689 2720 et
705 2699 797 2720 mora
813 2689 1078 2730 precedentibus,
1096 2689 1259 2721 Canonice
1282 2689 1481 2728 fulminetis,
1503 2693 1540 2721 et
1560 2689 1695 2721 eosdem
1717 2698 1849 2721 excom-

457 2732 647 2769 municetis,
664 2743 701 2763 ac
717 2732 934 2773 postmodum
949 2732 1254 2764 excommunicatos
1277 2733 1409 2774 publice
1424 2736 1459 2764 et
1474 2732 1700 2774 solempniter,
1717 2733 1751 2764 in
1768 2732 1849 2764 locis

459 2776 627 2816 predictis,
659 2776 859 2807 auctoritate
883 2779 998 2807 nestra
1022 2776 1233 2808 denuncietis
1257 2780 1293 2808 et
1318 2776 1512 2808 denunciari
1536 2776 1679 2816 faciatis,
1707 2775 1849 2818 pulsat‘u

459 2819 639 2860 campanis,
655 2820 801 2851 candelis
816 2819 962 2851 accensis
976 2823 1013 2851 et
1027 2820 1196 2858 extinctis,
1212 2823 1248 2851 et
1263 2829 1340 2851 cum
1357 2819 1450 2851 omni
1465 2817 1702 2861 solempnitate
1724 2819 1789 2851 alia
1811 2819 1847 2851 in

459 2862 626 2894 similibus
648 2863 966 2894 denunciacionibus
989 2863 1061 2894 fieri
1084 2866 1254 2903 consueta,
1278 2862 1406 2894 Diebus
1436 2863 1622 2896 Dominicis
1647 2866 1683 2896 et
1705 2862 1850 2895 Festivis

308 2942 320 2964 ²
343 2943 499 2980 Written
514 2954 557 2976 on
573 2954 593 2976 a
609 2944 711 2976 blank
726 2955 809 2987 page
826 2943 896 2984 (fol.
915 2944 993 2984 14b)
1009 2945 1045 2976 of
1060 2944 1120 2977 the
1137 2943 1291 2987 Register
1306 2944 1342 2976 of
1364 2944 1472 2988 Royal
1489 2945 1623 2977 Letters
1637 2944 1706 2977 and
1723 2942 1845 2983 Writs.
