1988 3256
492 348 778 411 REGISTRUM
804 376 1261 411 COMMUNE——ANNO
1293 366 1356 410 9⁰.
1605 362 1700 410 387

155 479 231 505 A-D·
312 481 453 523 ydoneis
474 480 612 513 interim
629 481 671 512 ad
700 481 843 521 firmam,
859 491 918 512 seu
934 481 1068 512 eosdem
1084 480 1118 512 in
1135 490 1238 512 manu
1261 490 1322 512 sua
1344 479 1478 521 propria
1501 478 1699 516 tenendum,

154 512 256 575 ilsff'l'.
312 528 415 566 prout
437 525 500 556 sibi
523 525 696 556 videbitur
719 525 839 556 melius
861 525 1044 566 expedire;
1075 524 1168 565 dum,
1193 527 1319 564 tamen,
1343 523 1491 556 Ecclesie
1512 532 1582 562 sue,
1613 521 1699 553 etc.''

311 569 476 609 (London,
495 568 513 602 7
532 569 652 609 April.)

262 623 390 663 Forde
409 623 550 674 Abbey
565 636 576 670 3
606 623 800 672 Professio
820 629 855 660 et
877 622 1105 662 Obediencia
1124 623 1284 661 Abbatis
1302 622 1348 660 de
1365 621 1562 667 For-de,—

263 677 512 710 Memor-andum
523 677 614 718 quod
627 677 690 708 Die
704 677 879 708 Dominica
889 678 922 708 in
936 678 1051 709 Ramis
1067 677 1270 715 Palmarum,
1284 676 1442 708 videlicet
1453 675 1487 716 xj
1500 674 1554 706 die
1570 673 1695 705 mensis

300 721 436 762 Aprilis,
465 721 499 752 in
531 720 668 761 Capella
698 720 814 752 Sancti
845 721 1020 762 Stephani,
1050 722 1143 762 apud
1181 719 1538 755 XVestmonasterium,
1573 718 1694 749 Frater

305 765 476 797 Walterus
503 764 681 802 Burstoke,
710 764 822 795 Abbas
847 764 1042 797 Monasterii
1064 765 1107 797 de
1127 765 1244 804 Forde,
1267 768 1341 804 etc.,
1357 763 1440 795 fecit
1462 772 1540 794 suas
1564 760 1693 793 Profes-

305 809 432 840 sionem
456 812 492 840 et
509 808 746 840 obedienciam
771 808 925 846 Domino,
949 809 1013 840 sub
1037 809 1099 840 hac
1122 809 1369 849 forma‚—Ego‚
1387 807 1507 839 Frater
1522 804 1694 837 Walterus

306 852 483 890 Burstoke,
496 852 610 883 Abbas
626 852 822 883 Monasterii
837 852 879 883 de
891 852 1008 890 Forde,
1025 852 1161 884 Ordinis
1172 851 1413 889 Cisterciensis‚
1427 848 1693 890 Subjeccionem,

305 896 552 935 Reverenciam,
569 900 605 927 et
622 895 859 927 Obedienciam
882 906 902 927 a
917 896 1049 927 Sanctis
1073 896 1232 928 Patribus
1255 895 1488 932 constitutam,
1505 891 1693 924 secundum

306 940 469 981 Regulam
486 939 602 971 Sancti
618 939 803 978 Benedicti,
827 939 900 978 tibi,
925 940 1069 971 Domine
1085 939 1257 981 Episcope‚
1281 939 1420 980 tuisque
1442 936 1695 969 Successoribus

305 983 471 1016 canonice
501 983 759 1022 substituendis,
787 986 824 1014 et
850 983 974 1014 Sancte
999 983 1191 1024 Apostolice
1216 984 1304 1022 Sedi,
1335 982 1427 1014 salvo
1455 980 1583 1013 Ordine
1608 989 1693 1030 meo,

304 1030 469 1068 perpetuo
485 1037 539 1058 me
554 1026 788 1058 exhibiturum
811 1027 985 1068 promitto.
1035 1028 1081 1059 Et
1104 1027 1257 1068 prefatus
1278 1026 1392 1058 Abbas
1407 1026 1442 1057 in
1458 1025 1694 1057 testimonium

306 1071 545 1112 premissorum
561 1080 664 1102 manu
681 1070 815 1111 propria
837 1071 1038 1112 subscripsit
1060 1072 1171 1110 Amen,
1188 1074 1273 1103 tunc
1294 1070 1430 1102 ibidem.

263 1125 725 1176 Letters—Dimissory,—

262 1180 390 1212 Robert
414 1180 546 1219 Mowta,
563 1180 713 1218 aecolite,
742 1179 815 1211 “ad
833 1179 950 1212 Sacros
974 1179 1245 1212 Subdiaconatus
1260 1183 1296 1212 et
1314 1179 1563 1211 Presbiteratus
1580 1176 1694 1217 (sic,—

303 1235 323 1255 a
337 1224 469 1255 clerical
485 1235 578 1255 error
593 1223 646 1255 for
661 1223 882 1263 Diaconatus)
900 1223 1044 1255 Ordines
1057 1224 1075 1237 ”
1095 1224 1192 1262 (East
1209 1224 1364 1265 Horsley,
1384 1225 1424 1255 15
1443 1221 1562 1263 April).

264 1267 392 1299 Walter
423 1268 602 1318 Maysmer,
629 1267 780 1306 accolito,
815 1267 888 1298 “ad
919 1278 1036 1299 omnes
1066 1267 1183 1300 Sacros
1215 1268 1359 1300 Ordines
1371 1268 1390 1280 ’'
1417 1267 1514 1306 (East
1540 1263 1695 1305 Horsley,

152 1351 254 1380 sol-71·
269 1311 608 1394 Αὲἓνὲῐεῃὶὲθωετθ,
641 1354 823 1386 “Primam
853 1355 1040 1387 Tonsuram
1064 1355 1215 1394 habenti,
1242 1355 1286 1386 ad
1312 1364 1428 1386 omnes
1455 1353 1599 1385 Ordines
1623 1354 1696 1383 tam

308 1399 455 1430 Minores
484 1409 587 1439 quam
616 1399 756 1436 Sacros3
787 1399 881 1438 dum,
910 1401 1036 1439 tamen,
1062 1399 1222 1431 inventus
1249 1399 1356 1431 fuerit
1381 1398 1534 1440 ydoneus
1547 1397 1565 1409 ’⁵
1597 1396 1696 1435 (East

306 1443 458 1484 Hoxsley,
476 1443 517 1474 28
535 1442 655 1483 April).

155 1497 235 1543 MN·
259 1498 563 1548 Testamentary
572 1511 582 1544 ;
599 1497 786 1535 Probacio
807 1498 1040 1535 Testamenti
1051 1498 1242 1548 Maqistri
1258 1497 1418 1536 Walteri
1430 1497 1699 1539 timenem,—

154 1539 200 1558 ω’
262 1552 362 1590 Item,
395 1552 587 1590 Londouiis,
621 1554 739 1583 octavo
770 1551 826 1583 die
851 1552 977 1583 mensis
1006 1552 1096 1592 Maii,
1124 1552 1306 1593 probatum
1338 1552 1407 1584 fuit
1438 1552 1699 1599 Testamentum

306 1595 460 1636 Magistri
492 1595 633 1627 Walteri
667 1595 865 1633 Redeuesse,
900 1596 1053 1627 Rectoris
1083 1597 1167 1628 dum
1197 1596 1285 1628 vixit
1316 1595 1461 1628 Ecclesie
1496 1592 1698 1626 Parochialis

306 1640 430 1671 Sancte
455 1639 619 1670 Columbe
644 1638 793 1679 Majoris,
819 1639 854 1670 in
880 1639 1060 1679 Cornubia,
1085 1650 1196 1672 coram
1228 1640 1384 1679 Domino,
1407 1643 1444 1671 et
1465 1649 1525 1680 per
1552 1636 1699 1669 eundem

306 1683 542 1723 approbatum.
576 1683 738 1714 Dominos
753 1683 916 1714 'rhomam
932 1683 1145 1724 Stayndrope
1160 1688 1196 1715 et
1207 1683 1372 1715 Thomam
1382 1684 1539 1720 Bartone,
1552 1681 1698 1718 clericos,

307 1727 514 1758 Executores
543 1726 579 1757 in
604 1726 824 1758 Testamento
847 1726 930 1758 dicti
953 1727 1107 1759 defuncti
1130 1727 1331 1767 nominatos,
1354 1737 1484 1759 necnon
1507 1724 1699 1757 Walterum

307 1770 419 1809 Baret,
433 1770 608 1801 Rectorem
619 1770 662 1801 de
675 1770 862 1811 Poghhulle
873 1770 1051 1811 [Pouqlziffl
1065 1773 1102 1802 in
1115 1770 1248 1811 Devon],
1260 1771 1331 1802 loco
1344 1770 1439 1803 tercii
1451 1767 1698 1806 Coexeeutoris,

307 1814 341 1845 in
358 1813 548 1845 subsidium
563 1813 735 1845 dictorum
752 1814 992 1852 Executorum,
1009 1825 1050 1846 ex
1067 1814 1182 1846 Officio
1198 1815 1377 1856 deputavit
1391 1814 1435 1846 ad
1458 1813 1556 1846 fidele
1578 1812 1697 1861 Inven-

308 1857 435 1889 tarium
453 1857 495 1888 de
511 1857 669 1888 omnibus
691 1857 788 1888 bonis
810 1858 916 1898 ipsius
939 1858 1094 1891 defuncti
1109 1858 1364 1898 conficiendum,
1388 1861 1566 1898 ceteraque
1586 1864 1698 1887 omma

309 1904 345 1933 et
360 1901 492 1941 singula
516 1901 720 1940 faciendum,
737 1902 992 1941 excercendum,
1009 1906 1044 1934 et
1061 1903 1309 1943 expediendum
1334 1913 1400 1944 que
1415 1902 1458 1933 ad
1475 1900 1698 1933 Administra-

306 1945 435 1976 cionem
452 1944 649 1986 hujusmodi
666 1945 832 1976 bonorum
848 1948 1037 1978 noscuntur
1049 1946 1229 1987 pertinere,
1241 1956 1334 1978 more
1345 1946 1445 1978 solito
1455 1944 1617 1983 oneravit,
1629 1946 1691 1974 etc.

422 2152 643 2210 Μαικία
703 2153 835 2206 aaut
899 2154 1291 2208 &nummatum
1340 2154 1558 2207 ffumini.

265 2239 400 2291 ginno
429 2237 609 2291 {Homini
638 2240 687 2282 nt
716 2252 859 2293 supra,
894 2242 936 2284 et
967 2242 1322 2287 OEonzetracioniz
1361 2240 1542 2295 {flamini
1570 2252 1694 2283 nouo.

262 2316 548 2354 Northmolton
562 2330 573 2365 3
594 2317 750 2356 Licence
770 2324 806 2356 to
825 2319 1072 2366 celebrate,—

262 2370 363 2410 Item,
379 2370 516 2408 ibidem,
534 2372 634 2403 xxv‘*o
657 2372 711 2403 die
734 2372 888 2414 ejusdem
913 2375 1048 2413 mensis,
1073 2375 1240 2407 Dominus
1262 2374 1427 2407 concessit
1449 2373 1592 2405 Ricardo
1615 2373 1695 2412 Say-

304 2424 415 2452 mour,
436 2414 546 2454 Militi,
571 2418 607 2447 et
629 2415 706 2457 ejus
728 2417 835 2455 uxori,
852 2427 890 2448 ac
908 2418 1063 2450 Murielle
1086 2419 1224 2458 Blount,
1244 2419 1431 2451 Licenciam
1447 2417 1539 2459 quod
1556 2416 1693 2458 possint,

304 2460 383 2495 etc.,
400 2457 435 2488 in
453 2457 588 2498 Capella
604 2459 675 2491 sive
692 2460 847 2492 Oratorio
862 2461 951 2492 infra
974 2461 1163 2494 Manerium
1179 2463 1221 2494 de
1237 2463 1269 2495 N
1271 2461 1512 2500 orthmoltone,
1530 2471 1589 2502 per
1604 2470 1694 2501 pres-

305 2501 432 2576 bii‘geros
453 2502 611 2543 ydoneos,
629 2503 663 2534 in
681 2503 854 2544 presencia
870 2504 1021 2546 ipsorum
1037 2509 1073 2538 et
1088 2506 1271 2547 cujuslibet
1287 2504 1472 2538 eorundem
1488 2515 1496 2544 ;
1519 2503 1693 2546 quamdiu,

305 2554 324 2576 e

152 2599 243 2660 {¹2⁸¹-
259 2598 720 2652 Letters-Dimissory‚—

194 2652 200 2659 '
259 2652 351 2685 John
369 2653 577 2694 Guynnowe,
599 2658 697 2695 prim.
724 2660 818 2695 tona,
844 2657 862 2671 ‘¹
875 2657 919 2689 ad
944 2667 1060 2691 omnes
1079 2658 1226 2690 Minores
1242 2661 1279 2691 et
1293 2658 1397 2691 eciam
1414 2658 1457 2690 ad
1473 2658 1590 2691 Sacros
1607 2656 1694 2690 Sub·

304 2696 504 2729 diaconatus
519 2700 555 2729 et
572 2698 778 2731 Diaeonatus
795 2700 939 2732 Ordines
953 2701 973 2714 ’⁹
989 2701 1156 2742 (London,
1173 2704 1191 2735 3
1208 2703 1322 2740 June).

259 2750 409 2801 Chapel
427 2751 469 2788 in
488 2750 558 2789 the
577 2751 652 2790 Old
673 2753 775 2791 Park
795 2759 838 2792 at
858 2754 1115 2803 Liskeard,—-

261 2804 361 2843 Item,
385 2804 522 2843 ibidem,
546 2805 605 2847 viij
631 2807 695 2846 die,
713 2807 879 2840 Dominus
901 2810 1065 2842 concessit
1088 2810 1275 2842 Licenciam
1300 2810 1442 2842 Rieardo
1465 2811 1585 2852 Lagge,
1602 2821 1691 2852 pres-

303 2847 424 2886 bitero,
448 2848 540 2889 quod
562 2850 669 2890 possit
691 2851 858 2883 celebrare
881 2852 1004 2884 Divina
1026 2853 1060 2885 in
1085 2853 1221 2895 Capella
1242 2854 1332 2886 infra
1354 2854 1462 2886 Vetus
1485 2854 1627 2886 Pamum
1651 2854 1709 2886 de*

306 2891 477 2932 Lyskerde
493 2892 630 2932 situata,
648 2903 710 2934 pro
725 2897 820 2926 statu
835 2895 963 2927 salubri
987 2897 1279 2937 Exeellenffissimi,
1296 2902 1370 2937 etc.,
1388 2898 1525 2930 Domini
1547 2897 1692 2937 Ricardi,

304 2933 368 2966 Dei
387 2934 502 2984 gracia
521 2935 620 2976 Regis
636 2937 766 2978 Anglie,
779 2942 854 2978 etc.,
870 2949 909 2970 ac
930 2950 992 2982 pro
1014 2940 1190 2974 animabus
1213 2941 1470 2982 Progenitorum
1495 2952 1635 2974 suorum
1657 2945 1694 2973 et

284 3009 290 3015 ‚
304 2987 456 3010 omnium
473 2977 625 3011 fidelium
640 2979 882 3014 defunctorum
899 2993 907 3022 3
930 2984 1093 3025 quamdiu
1110 2984 1256 3017 Domino
1271 2985 1436 3026 placuerit
1450 2986 1658 3018 duraturam.

432 3021 529 3071 213²
