1988 3256
292 371 384 416 198
491 383 592 416 THE
628 383 873 417 REGISTER
907 383 968 416 oF
1002 383 1181 418 BISHOP
1212 383 1625 420 BRANTYNGHAM.

287 487 365 514 Α-Β·
442 489 627 531 Episcopus
643 490 853 530 Exoniensis,
872 490 999 522 virtute
1015 489 1213 531 hujusmodi
1237 490 1361 530 Brevis,
1376 490 1564 531 recepimus
1584 489 1829 522 ammocionem

289 520 394 582 ἔξω·
440 533 606 565 ,Iohannis
624 534 744 576 Wilby,
761 544 863 575 quem
879 534 1047 566 Robertus
1063 534 1250 574 Somptere,
1268 534 1422 566 Decanus
1447 533 1594 566 Ecclesie
1616 533 1713 565 Beati
1736 532 1829 564 Petri

291 589 332 616 11,
345 575 352 582 '
441 577 650 617 Exoniensis,
666 580 702 609 et
717 578 915 619 Capitulum
931 577 1086 619 ejusdem
1102 577 1258 616 Ecclesie,
1275 580 1310 609 et
1325 578 1347 610 J
1349 577 1497 609 ohannes
1512 577 1661 619 Wylyet,
1678 576 1828 616 clericus,

444 621 537 662 prins
552 623 812 653 attornaverunt
826 631 937 653 coram
962 621 1107 652 Domino
1131 621 1230 662 Rege,
1247 621 1319 653 loco
1341 621 1500 662 ipsorum,
1516 621 1552 652 in
1575 620 1707 662 loquela
1729 619 1830 651 infra-

441 665 574 706 scripta.
621 665 667 696 Et
682 665 825 706 predicti
841 665 994 696 Decanus
1019 668 1055 696 et
1079 665 1276 706 Capitulum
1299 668 1335 696 et
1357 665 1530 697 Johannes
1545 664 1684 706 Wylyet
1706 663 1830 695 substi-

441 711 585 740 tuerunt
606 719 717 740 coram
740 708 848 748 nobis,
873 709 945 740 loco
967 719 1038 748 suo,
1063 708 1226 740 Thomam
1252 709 1437 750 Reymond,
1461 711 1497 740 et
1523 708 1635 750 ipsum
1663 707 1829 739 'rhomam

441 752 514 784 loco
536 752 685 793 ipsorum
709 756 904 793 posuerunt,
921 753 964 783 ad
987 752 1187 783 lucrandum
1211 755 1246 783 et
1268 752 1487 794 perdendum,
1511 752 1546 783 in
1569 751 1703 793 loquela
1725 750 1828 782 infra-

441 795 574 836 scripta,
604 799 704 836 prout
730 796 824 827 istud
850 797 955 827 Breve
981 796 1017 827 in
1044 806 1078 827 se
1103 796 1207 837 exigit
1231 799 1267 827 et
1293 796 1594 837 requirit-Pater
1619 798 1655 826 et
1685 794 1831 826 Domine

444 840 646 879 Reverende,
664 839 758 871 vobis
778 842 895 871 tenore
920 839 1133 871 Presencium
1157 839 1381 880 significamus
1398 840 1499 881 quod,
1516 842 1665 871 ammoto
1688 849 1748 880 per
1769 848 1831 870 nos

442 883 463 914 J
466 883 596 914 ohanne
612 883 734 924 Wilby,
751 893 860 924 nuper
875 886 1048 915 attornato
1063 887 1179 915 nostro
1194 884 1228 914 in
1246 883 1449 925 quibusdam
1466 883 1597 924 placitis
1613 893 1671 914 seu
1688 881 1831 923 loquelis

443 937 503 958 nos
519 927 747 967 tangentibus,
765 930 799 958 et
814 927 849 958 in
867 927 978 958 Banco
995 927 1131 958 Domini
1148 927 1254 958 nostri
1278 927 1376 968 Regis
1399 927 1635 969 pendentibus,
1651 924 1830 957 substitui·

442 981 528 1008 mus,
545 970 617 1001 loco
640 981 710 1010 suo,
727 970 761 1002 in
785 971 910 1002 eisdem
935 971 1065 1011 placitis
1088 981 1147 1002 seu
1170 971 1322 1012 loquelis,
1339 971 1478 1003 dilectos
1501 970 1598 1002 nobis
1620 970 1656 1002 in
1680 969 1827 1009 Christo,

441 1014 605 1045 Thomam
625 1014 798 1055 Reymond
818 1017 853 1046 et
876 1014 1066 1046 Johannem
1085 1014 1286 1055 Coplestone
1301 1017 1490 1046 attornatos
1512 1016 1655 1053 nostros,
1671 1012 1830 1054 conjunc-

442 1058 506 1089 tim
522 1061 556 1089 et
573 1058 718 1096 divisim,
737 1058 780 1089 ad
803 1058 1004 1089 lucrandum
1028 1058 1080 1089 vel
1104 1058 1324 1099 perdendum,
1340 1059 1527 1090 secundum
1552 1057 1712 1089 Brevium
1735 1056 1830 1088 vobis

441 1111 541 1142 super
557 1101 620 1133 hoc
635 1101 842 1133 directorum
858 1102 1062 1143 exigenciam
1078 1105 1113 1133 et
1135 1102 1291 1133 effectum
1308 1113 1317 1140 ;
1341 1106 1496 1143 rogantes
1519 1101 1681 1143 quatinus
1703 1110 1828 1132 ammo-

442 1145 571 1176 cionem
595 1148 631 1176 et
657 1145 938 1176 substitucionem
965 1145 1172 1186 hujusmodi,
1199 1145 1300 1187 juxta
1322 1146 1437 1177 datam
1465 1145 1559 1177 vobis
1585 1145 1620 1176 in
1647 1145 1709 1176 hac
1736 1147 1831 1185 parte

441 1188 628 1229 specialiter
644 1192 857 1230 potestatem,
874 1189 1031 1229 recipere,
1049 1199 1087 1220 ac
1103 1190 1144 1220 de
1168 1189 1361 1220 nominibus
1384 1189 1552 1221 dictorum
1576 1190 1827 1220 attornatorum

439 1236 634 1263 nostrorum
656 1232 691 1263 in
717 1232 920 1264 Cancellaria
942 1232 1025 1264 dicti
1048 1233 1185 1264 Domini
1208 1233 1316 1265 nostri
1341 1233 1439 1274 Regis
1462 1232 1653 1272 certificare,
1670 1231 1830 1272 dignetur

439 1278 550 1307 vestra
566 1276 756 1307 Paternitas
771 1276 961 1314 reverenda,
1008 1276 1119 1315 Quam
1134 1277 1168 1307 in
1186 1274 1408 1317 prosperitate
1432 1277 1545 1308 votiva.
1560 1276 1619 1308 diu
1636 1278 1669 1307 et
1685 1275 1830 1307 feliciter

439 1319 564 1360 dirigat
575 1319 771 1396 Altis7simus
783 1322 818 1352 et
830 1317 1211 1352 conservet!—Written
1223 1320 1258 1351 in
1270 1320 1329 1352 the
1342 1320 1632 1361 Chapter-House,
1645 1322 1682 1351 at
1696 1319 1829 1359 Exeter,

440 1364 481 1395 26
505 1363 592 1402 Jan.,
610 1364 651 1394 13
676 1364 741 1395 4-5.

285 1428 336 1456 fol.
392 1428 573 1465 63.-ΤΗΕ
587 1428 871 1460 ARGHDEACONRY
887 1437 930 1460 OF
946 1430 1086 1460 ΕΧΕΤΕΒ
1097 1428 1300 1469 (9).—Li0et
1314 1440 1421 1470 nuper
1433 1428 1740 1471 recuperaverimus
1752 1428 1828 1460 Pre-

284 1464 344 1490 15b.
437 1472 663 1504 sentacionem
678 1476 828 1504 nostram
852 1473 893 1504 ad
911 1472 1231 1505 Archidiaconatum
1256 1474 1479 1505 Exoniensem
1496 1483 1612 1504 versus
1628 1483 1687 1504 vos
1709 1475 1745 1503 et
1768 1472 1827 1504 Pe-

438 1519 531 1548 trum
555 1516 597 1547 de
612 1516 760 1547 Venrhio
777 1515 859 1556 (sic),
883 1515 1095 1548 Oardinalem
1119 1517 1220 1548 Curie
1243 1517 1401 1557 Romane,
1419 1517 1510 1548 dicto
1533 1516 1828 1548 Archidiaconatui

437 1563 520 1591 tunc
542 1559 806 1599 incumbentem,
824 1571 882 1601 per
907 1560 1218 1592 Consideracionem
1243 1561 1343 1593 Ourie
1366 1566 1490 1600 nostre,
1507 1563 1542 1592 et
1564 1560 1694 1592 dictum
1713 1559 1827 1591 Archi-

435 1603 649 1635 diaconatum
667 1604 860 1635 dederimus
875 1606 910 1635 et
926 1604 1185 1636 concesserimus
1208 1604 1332 1636 dilecto
1355 1605 1473 1636 clerico
1492 1607 1618 1643 nostro,
1634 1603 1763 1635 'rhome
1785 1603 1828 1635 de

438 1647 568 1688 Swaby,
586 1646 790 1686 habendum,
808 1658 884 1679 cum
901 1647 970 1678 suis
992 1647 1126 1689 juribus
1149 1653 1184 1679 et
1207 1648 1421 1689 pertinenciis
1437 1648 1708 1689 quibuscumque
1724 1657 1733 1686 ;
1755 1657 1827 1686 nos,

437 1693 562 1729 tamen,
576 1701 782 1732 quamquam
799 1690 960 1732 premissa
974 1692 1016 1723 de
1031 1691 1108 1733 jure
1124 1695 1360 1733 processerant,
1372 1692 1532 1731 volentes,
1542 1691 1586 1723 ob
1601 1691 1824 1723 reverenciam

438 1734 534 1766 Sedis
550 1734 752 1775 Apostolice,
767 1735 881 1775 ipsum
897 1735 1121 1774 cardinalem,
1139 1735 1206 1777 qui*
1220 1736 1328 1776 gracie
1351 1739 1466 1767 nostre
1488 1746 1525 1767 ac
1548 1734 1772 1776 disposicioni,
1788 1745 1827 1766 ac

438 1778 707 1810 Consideracioni
731 1778 831 1810 Ourie
854 1781 967 1809 nostre
990 1778 1024 1809 in
1047 1779 1109 1810 hac
1132 1783 1238 1820 parte,
1262 1779 1438 1811 humiliter
1460 1790 1494 1810 se
1517 1779 1688 1818 submisit,
1713 1778 1827 1810 favore

438 1821 592 1862 prosequi
607 1822 764 1862 gracioso,
784 1821 1006 1863 Collacionem
1022 1825 1171 1854 nostram
1187 1823 1297 1854 eidem
1313 1823 1441 1854 Thome
1456 1823 1503 1855 sic
1518 1823 1643 1855 factam
1666 1822 1827 1854 duximus

437 1865 666 1904 revocandam,
682 1865 835 1897 nolentes
851 1866 942 1906 quod
957 1864 1048 1897 idem
1066 1866 1260 1904 Cardinalis,
1277 1866 1446 1898 occasione
1469 1866 1731 1907 recuperacionis
1754 1876 1827 1906 pre·

436 1909 535 1948 dicte,
552 1919 611 1939 seu
628 1909 842 1949 possessionis
857 1909 940 1940 dicti
955 1909 1083 1940 Thome
1099 1909 1178 1941 inde
1193 1910 1317 1950 habite,
1335 1910 1462 1942 futuris
1478 1909 1689 1951 temporibus
1705 1909 1823 1941 moles-

435 1955 529 1983 tetur
553 1952 588 1983 in
615 1952 727 1993 aliquo
753 1963 811 1984 seu
839 1955 1007 1993 gravetur,
1035 1956 1136 1994 prout
1163 1953 1197 1984 in
1227 1954 1347 1985 Literis
1374 1953 1498 1985 nostris
1526 1953 1722 1994 patentibus
1745 1953 1824 1984 inde

433 1995 594 2027 confectis
610 1995 743 2036 plenius
758 1996 960 2027 continetur.
1009 1997 1054 2028 Et
1069 1997 1145 2028 ideo
1160 1997 1254 2028 vobis
1270 1997 1470 2029 mandamus
1493 1998 1585 2039 quod
1608 1997 1720 2038 ipsum
1745 1997 1822 2029 Car-

434 2039 590 2078 dinalem,
608 2049 667 2080 per
690 2039 946 2071 Procuratorem
962 2050 1072 2078 suum,
1090 2041 1131 2071 ad
1156 2041 1394 2081 possessionem
1418 2040 1501 2072 dicti
1523 2040 1826 2072 Archidiaconatus

434 2082 505 2114 sine
528 2082 691 2114 dilacione
713 2083 912 2121 restituatis,
933 2094 970 2114 ac
985 2083 1097 2124 ipsum
1114 2084 1368 2116 Procuratorem
1393 2085 1435 2115 de
1451 2084 1734 2116 Archidiaconatu
1750 2094 1823 2125 pre-

434 2126 535 2164 dicto,
564 2126 634 2157 vice
661 2129 696 2157 et
723 2126 858 2158 nomine
881 2126 1035 2168 ejusdem
1058 2127 1245 2159 Cardinalis
1271 2128 1374 2159 libere
1401 2128 1577 2168 disponere
1605 2127 1822 2169 permittatis,

434 2170 525 2201 dicta
546 2170 800 2210 recuperacione
815 2181 872 2201 seu
891 2171 1095 2211 possessione
1117 2171 1223 2212 ipsius
1245 2171 1374 2203 Thome
1395 2171 1545 2212 predicta
1567 2182 1634 2203 non
1656 2171 1822 2203 obstanti—

433 2212 675 2245 bus.—Tested
691 2217 728 2245 at
745 2213 991 2253 Westminster,
1007 2215 1024 2246 1
1043 2214 1167 2254 March,
1182 2213 1301 2248 1374-5
1318 2214 1394 2256 [not
1411 2214 1543 2254 1375-6,
1561 2225 1596 2247 as
1612 2215 1647 2246 in
1664 2214 1708 2247 Le
1724 2214 1822 2255 Neve,

433 2257 498 2288 vol.
515 2257 538 2296 i,
561 2267 641 2298 page
658 2256 961 2299 394].—Received
978 2259 1017 2289 19
1035 2258 1159 2290 March.
1207 2258 1262 2290 See
1277 2259 1340 2291 No.
1359 2258 1409 2292 57.

389 2322 659 2359 64.—Received
686 2326 723 2356 at
750 2323 856 2365 Clyst,
885 2324 926 2356 25
953 2324 1080 2363 March,
1112 2324 1220 2363 1375;
1255 2325 1429 2366 repeating
1454 2325 1515 2357 No.
1541 2325 1764 2357 60.—Tested
1787 2328 1824 2357 at

432 2367 679 2407 Westminster,
692 2367 736 2409 by
750 2367 801 2399 W.
818 2367 941 2405 Tauke,
957 2368 997 2400 15
1012 2368 1130 2400 Feb.—
1138 2369 1348 2400 Return:—“
1362 2369 1498 2400 Eisdem
1508 2368 1562 2400 die
1577 2371 1614 2400 et
1629 2369 1710 2408 loco,
1723 2379 1824 2410 super

434 2410 602 2442 contentis
633 2411 668 2442 in
702 2411 820 2443 eodem
848 2411 947 2443 Brevi
973 2412 1143 2444 emanavit
1167 2412 1399 2454 Sequestracio
1429 2412 1554 2444 directa
1581 2412 1824 2445 Archidiacono

432 2454 610 2493 Cornubie,
628 2454 680 2486 vel
697 2454 770 2496 ejus
786 2454 949 2491 Officia1i;
971 2465 1110 2495 necnon,
1135 2456 1176 2487 ad
1201 2456 1376 2488 citandum
1400 2456 1513 2497 ipsum
1536 2456 1703 2488 ,Iacobum
1727 2455 1820 2496 [Tre-

431 2498 574 2539 verbyn]
590 2498 681 2539 quod
698 2499 743 2530 sit
765 2499 807 2530 ad
823 2498 911 2530 diem
929 2502 965 2530 et
979 2499 1091 2530 locum
1114 2500 1147 2530 in
1172 2499 1289 2531 eodem
1314 2500 1411 2531 Brevi
1434 2502 1621 2532 contentos.
1667 2500 1714 2531 Et
1727 2499 1821 2532 istud

431 2541 632 2573 Mandatum
660 2542 728 2574 fuit
753 2542 930 2581 traditum,
954 2542 996 2574 acl
1024 2543 1254 2583 deferendum,
1283 2544 1415 2574 cuidam
1441 2543 1590 2583 Fulconi,
1617 2543 1753 2576 Cursori
1779 2543 1822 2576 de

431 2585 533 2616 Curia
549 2585 649 2626 Regis
666 2595 674 2624 ;
697 2586 766 2627 qui,
783 2586 930 2627 quidem,
949 2586 1053 2618 Fulco
1068 2587 1103 2618 in
1119 2587 1231 2619 reditu
1255 2597 1316 2618 suo
1339 2587 1482 2619 asseruit
1504 2597 1540 2618 se
1563 2587 1720 2619 liberasse
1735 2586 1822 2619 illud

431 2629 631 2660 Mandatum
658 2629 792 2661 cuidam
817 2629 927 2669 (blank
948 2631 1056 2671 space)
1078 2630 1192 2670 Seeke,
1215 2631 1258 2662 ad
1286 2631 1491 2663 tradendum
1518 2630 1650 2672 prefato
1680 2629 1823 2663 Officiali

431 2672 665 2704 Archidiaconi
682 2673 834 2714 predicti.

276 2736 352 2797 Ag?-
384 2737 692 2779 65.—Concerninq
714 2738 813 2771 landa
838 2739 876 2771 in
900 2739 1088 2779 Oulmstock,
1113 2739 1390 2780 etc.—Received,
1415 2741 1434 2772 8
1459 2740 1564 2781 April,
1591 2739 1822 2774 1375.—Cum

278 2771 310 2797 ¹3
328 2772 352 2797 ⁵·
429 2781 638 2822 Coustancia,
666 2792 732 2823 que
763 2782 831 2815 fuit
853 2793 939 2815 uxor
964 2783 1128 2815 «Iohannis
1153 2783 1340 2822 Coleforde,
1364 2784 1399 2816 in
1430 2784 1531 2816 Curia
1554 2787 1678 2823 nostra,
1709 2793 1822 2816 coram

429 2825 630 2857 Justiciariis
660 2826 784 2858 nostris
821 2826 912 2868 apud
944 2827 1290 2867 Westmonasterium,
1322 2831 1455 2869 peteret
1486 2838 1601 2859 versus
1634 2827 1817 2860 Ricardum

430 2868 605 2900 Coleforde
621 2869 758 2901 terciam
774 2872 906 2911 partem
923 2870 1024 2902 unius
1040 2871 1200 2912 mesuagii
1216 2871 1316 2902 unius
1338 2874 1493 2903 carucate
1509 2874 1607 2911 terre,
1624 2870 1820 2913 quindecim

427 2922 578 2944 acrarum
602 2913 698 2954 prati,
722 2924 781 2946 sex
803 2924 954 2946 acrarum
979 2914 1077 2954 bosci,
1100 2917 1137 2946 et
1160 2913 1265 2946 trium
1285 2914 1505 2947 solidatarum
1529 2917 1564 2947 et
1587 2917 1737 2956 quat-nor
1761 2914 1820 2947 de-

426 2958 622 2988 naratarum
638 2957 800 2997 redditus,
817 2968 895 2990 cum
914 2958 1128 2999 pertinenciis
1143 2957 1179 2991 in
1192 2958 1395 2998 Colmstoke,
1412 2958 1447 2991 in
1463 2958 1638 2991 Comitatu
1655 2957 1818 2998 Devonie,

429 3002 470 3031 ut
484 2999 599 3032 dotem
615 3000 719 3040 ipsius
737 3001 944 3042 Constancie,
962 3012 1002 3034 ex
1018 3001 1193 3034 dotacione
1215 3001 1357 3044 predicti
1372 3002 1394 3035 J
1396 3001 1548 3043 ohannis,
1565 3002 1738 3044 quondam
1753 3000 1819 3034 viri
