1988 3256
0 2408 13 2583 ——2-3--2-
0 2318 10 2400 -w-
0 2286 5 2309 w
0 2238 3 2244 -
0 2187 10 2195 Α.
0 2154 2 2160 -

142 473 217 500 AD.

143 508 216 533 1384.

145 541 204 567 Vol.
229 540 249 567 Ι.

452 368 740 402 REGISTRUM
787 366 1243 401 COMMUNE—ANNO
1278 359 1365 401 14⁰.
1593 357 1688 404 527

299 475 448 513 fructus,
466 475 635 514 redditus,
652 477 688 506 et
704 476 896 515 proventus
912 473 1005 504 dicte
1030 473 1184 504 Ecclesie
1207 474 1336 505 nititur
1352 474 1418 505 sibi
1435 477 1568 506 temere
1591 485 1691 506 usur-

298 530 393 560 pare,
410 520 447 550 iu
463 520 574 560 ipsius
597 523 633 551 et
657 519 949 560 parochianorum
973 518 1066 549 dicte
1092 518 1247 549 Ecclesie
1271 519 1468 550 animarum
1492 530 1599 559 grave
1623 520 1691 551 dis-

298 564 465 605 pendium
491 567 528 595 et
551 565 699 595 aliorum
722 563 983 604 quamplurium
1006 563 1241 603 perniciosum
1265 564 1475 604 exemplum.
1523 564 1694 603 Quocirca

297 609 406 647 vobis,
423 609 658 639 communiter
673 612 709 639 et
725 608 875 646 divisim,
891 610 969 646 etc„
986 607 1194 638 mandamus
1210 608 1375 648 quatinus
1398 609 1526 648 palam,
1543 609 1692 649 publice,

296 656 332 684 et
348 663 511 694 expresse
526 653 715 684 inhibeatis
731 652 954 693 parochianis
972 651 1134 682 omnibus
1157 655 1194 682 et
1218 652 1367 691 singulis
1392 653 1546 683 Ecclesie
1571 663 1690 693 supra-

297 698 400 736 dicte,
417 700 453 728 et
472 698 748 738 quibuscumque
772 696 860 734 aliis,
877 706 921 726 ne
945 696 1023 736 quis
1046 696 1202 736 ipsorum
1225 696 1340 727 eidem
1364 697 1514 728 Domino
1537 698 1691 728 Johanni

298 743 425 782 Avery,
449 746 618 782 tanquam
638 741 778 772 Rectori
804 740 958 771 Ecclesie
974 743 1177 778 memorate,
1195 740 1336 771 obediat
1359 742 1619 781 quomodolibet
1635 742 1690 773 vel

297 787 470 824 intendat,
494 796 556 817 seu
578 786 692 817 eidem
716 786 759 816 de
782 785 958 815 fructibus
980 787 1016 815 et
1039 785 1267 824 proventibus
1290 786 1427 825 prefate
1452 786 1606 817 Ecclesie
1630 787 1691 817 ali-

297 831 449 871 qualiter
464 830 670 869 satisfaciat,
686 830 796 861 donec
813 830 914 860 nobis
929 829 972 859 de
988 829 1093 859 titulo
1114 829 1224 869 ipsius
1247 830 1268 860 J
1270 830 1419 860 ohannis
1442 830 1478 860 in
1503 831 1568 861 hac
1591 834 1692 871 parte

298 875 483 906 sufficienti
500 875 700 906 constiterit
715 875 906 912 evidenter,
924 874 988 904 sub
1012 883 1104 913 pena
1128 874 1511 905 Excommunicacionis
1536 876 1691 916 Majoeis,

298 921 335 951 in
366 919 672 951 contravenientes
699 929 768 949 non
800 918 977 949 immerito
1007 918 1239 949 fulminande.
1301 919 1441 957 Omnes,
1474 919 1626 959 insuper,
1654 924 1690 950 et

300 965 455 1003 singulos
487 963 667 1004 Sequestri
697 963 809 994 nostri
843 963 879 993 in
917 962 1104 1001 fructibus,
1142 963 1349 1001 redditibus,
1388 966 1424 994 et
1462 964 1691 1003 proventibus

299 1009 456 1050 predicte
482 1008 645 1046 Ecdesie,
667 1008 754 1038 alias
777 1007 845 1038 rite
866 1010 902 1038 et
918 1007 1076 1046 legitime
1095 1007 1304 1047 interpositi,
1326 1007 1514 1039 violatores
1541 1011 1690 1040 temera·

300 1054 370 1084 rios
402 1053 625 1084 Sentenciam
658 1051 1041 1082 Excommunioacionis
1066 1051 1210 1092 Majoris
1235 1051 1271 1081 in
1306 1051 1515 1083 Sanctorum
1543 1053 1690 1084 Patrum

301 1097 623 1129 Constitucionibus
644 1097 681 1127 in
697 1097 763 1127 hac
784 1098 884 1136 parte
900 1096 1043 1136 provide
1067 1096 1186 1134 latam,
1204 1095 1477 1136 dampnabiliter
1491 1097 1690 1136 incurrisse,

299 1152 408 1183 eaque
425 1142 552 1181 ligatos
568 1141 678 1172 fuisse
693 1143 730 1172 et
745 1150 832 1178 esse,
845 1141 881 1170 in
898 1150 1037 1180 genere,
1054 1140 1191 1180 publice
1207 1143 1243 1170 et
1260 1141 1489 1181 solempniter
1504 1142 1690 1180 nuncietis,

299 1189 336 1218 et
345 1183 492 1217 *faciatis
507 1196 571 1226 per
585 1186 671 1216 alios
688 1195 784 1216 more
801 1185 906 1215 simili
923 1185 1101 1222 nunciari3
1125 1185 1353 1224 inquirentes,
1369 1185 1627 1224 nichilominus,
1649 1187 1692 1217 de

299 1231 501 1262 nominibus
516 1233 553 1261 et
569 1229 836 1269 cognominibus
860 1229 1060 1270 hujusmodi
1082 1228 1259 1269 Sequestri
1276 1230 1495 1261 violatorum.
1545 1230 1589 1261 Et
1605 1241 1692 1271 quos

300 1285 341 1306 ac
356 1278 440 1316 quot
457 1275 494 1306 in
517 1275 583 1305 hac
606 1277 706 1315 parte
730 1274 921 1314 culpabiles
945 1283 1005 1304 seu
1025 1273 1216 1304 infamatos
1243 1274 1479 1314 reppereritis,
1497 1275 1614 1305 citetis
1630 1285 1692 1306 seu

300 1320 401 1350 citari
425 1319 565 1350 faciatis
587 1319 739 1356 eosdem,
756 1318 1001 1358 peremptorie,
1025 1318 1118 1358 quod
1141 1320 1368 1358 compareant
1389 1328 1506 1349 coram
1528 1320 1638 1358 nobis,
1655 1320 1692 1350 in

302 1364 459 1395 Manerio
482 1366 603 1394 nostro
627 1363 669 1394 de
692 1363 801 1403 Clyst,
827 1363 980 1393 secundo
1007 1362 1063 1392 die
1090 1362 1247 1393 Juridico
1271 1365 1351 1403 post
1377 1363 1596 1394 Dominicam
1624 1375 1692 1404 qua

301 1411 466 1439 cantatur
479 1408 638 1438 Officium
656 1407 860 1446 Qnasimodo
871 1406 977 1444 yenitt'
988 1407 1147 1447 proximo
1164 1417 1256 1437 nunc
1272 1407 1441 1446 futuram,
1455 1417 1560 1448 super
1572 1408 1692 1449 hujus-

301 1453 395 1483 modi
412 1452 603 1483 violacione
621 1452 799 1492 Sequestri
821 1451 937 1482 debite
965 1451 1166 1491 responsuri
1183 1454 1218 1481 et
1234 1451 1303 1491 juri
1320 1461 1383 1491 per
1399 1452 1516 1482 omnia
1532 1453 1692 1492 parituri,

301 1507 342 1528 ac
366 1497 409 1527 de
425 1497 574 1527 veritate
598 1496 747 1527 dicenda
769 1496 806 1526 in
828 1496 894 1526 hac
910 1498 1022 1536 parte,
1039 1495 1067 1525 si
1084 1498 1255 1535 oporteat,
1272 1496 1503 1536 personaliter
1517 1497 1670 1537 juraturi
1684 1512 1692 1535 3

301 1541 518 1581 ulteriusque
554 1540 684 1571 facturi
715 1542 751 1571 et
789 1540 964 1580 recepturi
995 1539 1088 1580 quod
1117 1540 1260 1580 justicia
1297 1540 1469 1572 suadebit.
1529 1541 1574 1571 Et
1608 1542 1692 1582 quid

302 1586 459 1617 feceritis
475 1586 511 1616 in
527 1584 717 1625 premissis,
734 1584 963 1615 etc.-—Dated
979 1587 1016 1614 at
1034 1584 1144 1625 Clyst,
1161 1584 1183 1614 9
1199 1585 1310 1624 April.

255 1651 492 1698 Tawstock;
519 1638 770 1699 Sequestmni,
798 1649 1076 1698 interpositum
1103 1648 1151 1686 in
1180 1649 1292 1687 boni-3
1317 1650 1492 1687 Rectori8
1517 1651 1563 1689 de
1594 1651 1694 1688 Tou-

308 1705 421 1751 stoke,
442 1704 690 1753 defuncti,—

258 1761 420 1799 Thomas,
439 1763 516 1798 etc„
542 1760 682 1791 Decano
707 1759 981 1800 Barnaetapolie,
1005 1769 1046 1789 ac
1070 1759 1210 1790 Rectori
1235 1760 1390 1790 Ecclesie
1414 1760 1627 1791 Parochialis
1650 1761 1693 1792 de

302 1805 592 1845 Atheryngtone;
618 1814 764 1842 necnon,
791 1804 975 1844 Perpetuis
999 1803 1148 1834 Vicariis
1173 1804 1409 1835 Ecclesiarum
1435 1805 1692 1836 Parochialium

303 1849 568 1889 Barnastapolie
598 1850 634 1879 et
666 1849 708 1879 de
739 1848 896 1878 Tautone
929 1846 1143 1888 [Episcopi],
1168 1851 1204 1879 et
1235 1849 1384 1879 Domino
1411 1849 1563 1880 Johanni
1589 1850 1692 1890 Boys,

301 1894 491 1934 capellano,
508 1893 669 1931 salutem,
685 1892 888 1923 ete—Cum
911 1892 1064 1922 virorum
1090 1892 1427 1931 Eccleffiasticorum,
1443 1903 1484 1924 ac
1507 1895 1693 1934 presertim

303 1938 490 1969 Rectorum
514 1947 555 1968 ac
578 1937 798 1968 Vicariorum
824 1937 1077 1977 Perpetuorum
1103 1937 1337 1968 Ecclesiamm
1362 1937 1454 1968 dicte
1470 1940 1590 1969 nostre
1614 1939 1693 1969 Dio-

301 1983 400 2020 cesis,
417 1982 461 2012 ab
477 1982 646 2012 intestato
662 1981 921 2019 decedencium,
938 1981 1108 2011 bonorum
1131 1982 1288 2012 omnium
1311 1982 1493 2012 mobilium
1517 1983 1693 2013 Adminis-

300 2027 412 2058 tracio
428 2027 472 2057 ad
488 2036 562 2065 nos,
580 2026 623 2057 de
639 2026 784 2066 antiqua
799 2028 836 2056 et
852 2025 1018 2056 laudabili
1035 2026 1297 2064 consuetudine,
1308 2026 1355 2056 sit
1367 2027 1502 2057 notorie
1519 2027 1693 2066 devoluta,

301 2081 342 2102 ac
359 2071 398 2109 si,
415 2071 566 2111 quidem,
584 2070 807 2101 testamentis
823 2070 974 2100 conditis
990 2070 1220 2109 migraverint
1236 2070 1280 2100 ab
1296 2070 1361 2101 hac
1386 2070 1472 2108 luce,
1490 2070 1693 2102 Testamen-

301 2118 417 2146 torum
441 2125 583 2146 suorum
607 2114 809 2155 hujusmodi
833 2114 1044 2152 Insinuacio,
1062 2114 1298 2152 Examinacio,
1314 2116 1350 2145 et
1367 2115 1597 2155 Approbacio,
1614 2126 1693 2146 nec-

301 2170 370 2190 non
387 2159 658 2200 disposicionum
676 2159 890 2190 Ultimarum
908 2168 1050 2189 suarum
1068 2159 1299 2189 Voluntatum
1323 2159 1441 2197 tuicio,
1459 2169 1499 2190 ac
1515 2160 1692 2190 Adminis-

302 2203 468 2234 tracionis
490 2203 661 2234 bonorum
685 2203 886 2243 hujusmodi
909 2213 951 2233 ex
982 2203 1219 2241 Testamento,
1246 2213 1308 2234 seu
1333 2203 1377 2234 ab
1401 2203 1572 2234 intestato
1595 2204 1692 2235 dece-

301 2248 475 2285 dencium,
505 2247 721 2285 Commissi0‚
747 2250 821 2277 tam
853 2247 895 2278 de
925 2247 1003 2287 jure
1034 2257 1139 2287 quam
1170 2248 1282 2278 eciam
1310 2248 1562 2278 consuetudine
1593 2248 1694 2279 nobis

262 2301 267 2307 ·
302 2294 500 2332 competere
516 2291 762 2328 dinoscantur;
786 2301 934 2331 cumque
950 2292 1081 2322 nostris
1097 2292 1142 2322 sit
1159 2292 1302 2322 auribus
1325 2292 1464 2323 noviter
1486 2293 1693 2323 nunciatum

147 2599 193 2626 sol.
210 2601 267 2626 122.

302 2336 490 2366 Dominum
516 2336 727 2366 willelmum
751 2335 973 2374 Wollastone,
990 2336 1174 2366 Rectorem
1199 2336 1282 2366 dum
1298 2336 1387 2367 vixit
1411 2336 1565 2367 Ecclesie
1590 2337 1693 2368 Paro-

302 2380 425 2411 chialis
452 2380 494 2410 de
521 2380 696 2410 Toustoke
722 2379 869 2420 prefate,
901 2380 1006 2411 sortis
1028 2380 1180 2411 hu'mane
1204 2380 1362 2411 debitum
1385 2381 1614 2420 persolvisse3
1650 2392 1694 2412 ne

301 2425 470 2455 honorum
503 2434 645 2454 suorum
676 2424 869 2462 mobilium,
896 2427 933 2455 et
963 2425 1127 2465 precipue
1159 2424 1494 2463 Ecclesiasticorum,
1522 2426 1694 2456 ammocio

303 2479 364 2499 seu
401 2468 597 2508 dissipacio,
628 2469 671 2499 de
709 2468 835 2509 quibus
869 2469 1107 2499 verisimiliter
1143 2468 1384 2507 formidamus,
1424 2469 1692 2510 subsequantur,

302 2513 394 2543 bona
421 2512 562 2543 mobilia
591 2513 756 2543 universa
785 2516 821 2543 et
851 2513 999 2552 singula,
1031 2523 1097 2553 que
1129 2513 1289 2553 prefatus
1321 2513 1449 2544 Rector
1479 2514 1563 2544 dum
1595 2514 1692 2552 vixit,

302 2560 338 2587 et
369 2557 492 2587 mortis
523 2566 584 2587 sue
615 2559 782 2597 tempore,
806 2557 901 2588 infra
930 2559 1069 2588 nostras
1094 2557 1283 2588 Civitatem
1308 2560 1344 2588 et
1372 2558 1545 2588 Diocesim
1570 2558 1694 2589 habuit

303 2604 339 2632 et
363 2601 526 2641 optinuit,
554 2603 674 2631 tenore
699 2601 922 2632 Presencium
947 2603 1208 2642 sequestramus
1235 2611 1276 2632 ac
1302 2611 1366 2641 per
1392 2611 1454 2632 vos
1481 2603 1693 2642 sequestrari

302 2645 463 2676 volumus
489 2648 526 2676 et
549 2645 779 2683 mandamus;
804 2646 1005 2687 hujusmodi
1033 2646 1143 2676 nostri
1169 2646 1347 2686 Sequestri
1372 2647 1567 2676 custodiam
1595 2647 1694 2677 vobis

302 2689 339 2720 in
367 2689 516 2720 Domino
543 2689 815 2721 committentes.
871 2690 1085 2728 Inhibemus,
1112 2690 1266 2730 insuper,
1293 2693 1329 2720 et
1356 2700 1419 2730 per
1444 2700 1506 2720 vos
1532 2691 1694 2721 volumus

302 2733 462 2771 inhiberi,
479 2733 544 2764 sub
567 2743 658 2774 pena
681 2734 717 2764 in
742 2733 950 2765 Sanctorum
974 2734 1119 2764 Patrum
1137 2734 1460 2765 Coustitucionibus
1480 2738 1704 2775 expressam„⁴

301 2787 347 2808 ne
384 2778 461 2818 quis
493 2777 718 2818 Sequestrum
752 2781 912 2808 nostrum
944 2778 1144 2819 hujusmodi
1175 2781 1356 2818 presumat
1386 2780 1519 2809 temere
1551 2779 1692 2810 violare.

302 2821 420 2860 Vobis,
431 2822 550 2861 igitur,
563 2822 779 2862 conjunctim
796 2828 832 2853 et
848 2823 998 2860 divisim,
1011 2823 1275 2860 committimus,
1287 2824 1364 2860 etc„
1378 2823 1544 2862 quatinus
1560 2823 1693 2853 dictum

301 2868 461 2896 nostrum
490 2865 717 2906 Sequestrum
741 2866 802 2905 sic,
823 2869 864 2897 ut
887 2867 1116 2906 premittitur,
1144 2866 1254 2897 fuisse
1279 2868 1315 2896 et
1339 2876 1415 2897 esse
1434 2867 1693 2906 interpositum,

302 2910 386 2940 locis
402 2912 439 2940 et
454 2910 671 2950 temporibus
687 2910 732 2941 ad
748 2910 783 2941 id
800 2911 964 2949 congruis
980 2911 1176 2950 publicetis,
1193 2914 1229 2940 et
1245 2910 1385 2940 faciatis
1401 2920 1464 2950 per
1486 2910 1573 2941 alios
1596 2921 1692 2941 more

302 2953 406 2985 simili
430 2954 611 2997 publicari.
658 2954 828 2994 citantes,
852 2964 914 2985 seu
937 2955 1038 2986 citari
1063 2954 1244 2995 facientes,
1261 2954 1517 2992 nichilominus,
1534 2964 1692 2998 peremp-
