1988 3256
521 358 812 394 REGISTRUM
848 359 1308 394 commune—Anno
1346 344 1405 394 3⁰.
1467 396 1470 398 ,
1512 396 1514 398 ,
1636 349 1727 398 291

179 457 256 519 ⁴¹³3&
294 461 394 503 Item,
411 473 527 495 omnes
542 467 792 506 extorquentes,
810 475 869 507 per
885 465 952 510 vitu
965 467 1001 498 et
1015 465 1214 507 potenciam,
1232 463 1466 497 Absolucionis
1491 463 1695 496 Beneficium
1709 474 1729 495 a

180 525 246 552 vo!
261 526 284 553 1
343 505 523 539 sentencia
538 508 915 541 Excommunicacionis.

298 550 397 590 Item,
413 561 529 583 omnes
551 553 837 584 communicantes
859 563 938 585 cum
959 552 1273 584 excommunicato·
1263 563 1298 583 in
1314 551 1454 584 crimine
1477 554 1614 593 propter
1637 550 1728 592 quod

336 595 649 627 excommunicatus
661 596 788 634 existit,
804 596 963 628 videlicet
978 599 1056 638 post
1067 596 1302 628 indiccionem.

294 638 393 678 Item,
416 648 532 670 omnes
555 640 792 690 compellentes
816 640 961 672 Clericos
984 640 1112 671 solvere
1134 639 1274 681 pedagia
1297 638 1349 671 vel
1373 638 1539 680 vuydagia
1555 637 1584 679 [2
1596 637 1726 679 viagia],

336 692 396 713 seu
411 681 492 713 alias
508 683 699 714 exacciones
711 693 944 726 quascumque
956 694 1016 725 pro
1030 683 1132 715 rebus
1146 683 1216 715 suis
1232 693 1317 724 quas
1332 693 1400 714 non
1416 692 1516 714 causa
1531 682 1728 723 negociandi

338 726 590 759 transmittunt.

296 769 395 809 Item,
422 779 537 801 omnes
560 770 611 802 illi
636 770 706 812 qui,
733 773 872 802 vacante
910 770 1066 811 Ecclesia,
1105 770 1273 802 maliciose
1303 772 1492 811 opponunt,
1523 769 1577 801 vel
1603 769 1727 810 opponi

338 816 529 853 procurant,
555 815 766 855 questionem
791 815 834 846 de
858 814 935 856 jure
962 815 1174 854 Patronatus,
1199 817 1240 846 ut
1266 814 1314 845 sic
1339 823 1457 845 verum
1490 813 1673 845 Patronum
1708 823 1728 844 a

337 855 524 888 Cullacione
538 857 630 889 illius
648 857 792 890 Ecclesie
807 858 995 899 impediant
1010 858 1066 889 illa
1084 858 1166 889 vice.

296 899 394 939 Item,
419 910 536 932 omnes
560 901 609 933 illi
633 901 694 943 qui
726 901 892 933 maliciose
914 905 1163 942 contempnunt
1188 900 1309 943 exequi
1334 901 1534 932 Mandatum
1560 900 1660 942 Regis
1684 900 1727 932 de

335 944 634 976 excommunicatis
649 945 826 986 capiendis,
844 945 895 976 vel
911 955 1025 976 eorum
1043 945 1236 985 impediunt
1251 944 1453 985 capcionem,
1471 954 1531 976 seu
1544 947 1727 985 procurant

337 997 453 1019 eorum
469 987 633 1030 injustam
650 988 884 1020 liberacionem
898 991 1016 1020 contra
1033 989 1213 1020 Decretum
1231 988 1460 1020 Ecclesiastico
1479 988 1670 1029 Discipline.

294 1030 393 1070 Item,
409 1041 525 1063 omnes
539 1032 589 1063 illi
604 1032 663 1073 qui
679 1032 806 1064 habent
822 1032 1007 1073 temporale
1021 1032 1220 1070 dominium,
1238 1036 1274 1063 et
1288 1031 1434 1063 subditis
1456 1031 1668 1063 interdicunt
1683 1041 1726 1063 ne

336 1074 490 1106 Pei-sonis
506 1075 747 1108 Ecclesiasticis
761 1076 944 1118 quicquam
967 1075 1126 1115 vendant,
1150 1079 1212 1108 aut
1233 1075 1362 1117 aliquid
1385 1078 1500 1107 emant
1523 1075 1566 1107 ab
1588 1075 1724 1114 eisdem,

335 1128 378 1149 ne
392 1118 474 1160 ipsis
495 1118 634 1151 bladum
658 1119 787 1151 molant
803 1123 839 1151 et
855 1130 975 1161 panem
997 1123 1128 1160 cogant,
1144 1123 1207 1151 aut
1228 1119 1308 1150 alias
1331 1118 1492 1160 obsequia
1513 1128 1725 1161 quecumque

336 1161 384 1193 eis
399 1161 556 1194 exhibere
568 1166 775 1203 presumant.

295 1205 394 1245 Item,
411 1216 527 1238 omnes
538 1206 586 1238 illi
602 1207 662 1248 qui
678 1210 820 1248 possunt
842 1206 1022 1238 defendere
1045 1205 1223 1246 Clericum,
1239 1206 1293 1238 vel
1308 1206 1490 1238 Personam
1514 1205 1725 1247 Religiosam,

337 1249 379 1280 ab
395 1249 459 1280 alio
474 1259 517 1281 ne
532 1251 752 1291 percuciatur,
765 1260 827 1282 nec
842 1260 921 1282 eum
936 1250 1136 1290 defendunt,
1153 1249 1310 1281 videlicet
1324 1249 1384 1291 qui
1399 1249 1531 1281 racione
1547 1251 1725 1291 potestatis

335 1302 436 1333 quam
453 1292 581 1325 habent
595 1294 629 1325 in
645 1294 703 1325 illo
718 1294 778 1336 qui
802 1294 969 1336 percutit5
993 1294 1084 1336 quia,
1099 1293 1165 1325 uisi
1180 1303 1259 1325 eum
1277 1293 1479 1335 prohibeant
1495 1303 1573 1324 cum
1593 1294 1725 1334 effectu,
1775 1297 1780 1301 “

338 1336 498 1368 videntur
513 1338 712 1369 consentire.

294 1379 393 1419 Item,
409 1390 525 1412 omnes
547 1380 737 1413 auferentes
759 1381 947 1413 oblaciones
969 1391 1200 1422 quascumque
1222 1380 1257 1412 in
1282 1379 1450 1419 Ecclesiis,
1468 1380 1623 1421 Capellis,
1645 1381 1723 1412 Por-

337 1423 436 1462 ficiis,
451 1423 504 1455 vel
521 1423 712 1463 Cimiteriis,
735 1428 798 1457 aut
818 1424 883 1456 alio
905 1434 1121 1466 quocumque
1143 1424 1231 1456 Loco
1253 1424 1379 1456 Divino
1396 1423 1502 1455 factas
1523 1424 1655 1456 intuitu
1670 1425 1724 1456 vel

336 1466 529 1505 faciendasg
552 1478 612 1499 seu
631 1469 674 1500 de
695 1468 823 1500 eisdem
852 1468 1045 1509 aliqualiter
1074 1467 1300 1509 disponentes,
1330 1467 1395 1499 nisi
1418 1467 1460 1498 de
1482 1477 1646 1499 consensu
1677 1469 1724 1500 sit

334 1510 643 1543 Ecclesiasticarum
659 1512 881 1544 Personarum
897 1512 940 1543 ad
955 1522 1040 1554 quas
1063 1511 1252 1543 oblaciones
1274 1510 1474 1552 hujusmodi
1497 1511 1722 1544 dinoscuntur

337 1554 467 1585 notorie
493 1555 670 1596 pertinere.
1665 1563 1675 1574 ⁶

294 1597 446 1636 Quorum
461 1598 612 1630 omnium
629 1602 665 1631 et
678 1598 887 1639 singulorum
899 1598 1149 1638 Absoluciones,
1164 1600 1266 1639 prout
1276 1598 1319 1630 ad
1335 1608 1395 1629 nos
1410 1598 1453 1629 de
1467 1597 1546 1639 J‘ure
1557 1598 1724 1639 pertinere

335 1640 568 1682 dinoscuntur,
580 1642 835 1675 exhabundanti
846 1646 962 1674 tenore
976 1641 1188 1674 Presencium
1201 1641 1298 1673 nobis
1306 1641 1494 1682 specialiter
1505 1651 1723 1675 reservamus.

337 1685 388 1716 De
403 1684 469 1724 die,
486 1696 576 1725 vero,
594 1686 797 1728 recepcionis
819 1686 1044 1725 Presencium,
1067 1689 1103 1717 et
1124 1685 1208 1727 quid
1230 1685 1377 1717 feceritis
1399 1685 1434 1716 in
1458 1685 1638 1726 premissis,
1654 1696 1722 1718 cer-

336 1728 472 1760 tificetis
494 1738 564 1768 nos,
588 1729 672 1761 citra
695 1730 836 1762 Festum
859 1729 1108 1762 Purificacionis
1139 1729 1241 1760 Beate
1265 1729 1369 1760 Maris
1390 1728 1538 1769 Virginis
1569 1729 1723 1770 proximo

334 1771 502 1847 giturum,
521 1773 643 1850 Li7teris
658 1773 778 1806 vestris
794 1773 1000 1815 patentibus,
1017 1773 1223 1804 habentibus
1238 1772 1330 1805 hunc
1345 1772 1665 1805 tenorem.—Dated
1687 1776 1724 1805 at

366 1815 509 1855 rediton,
526 1817 546 1848 2
581 1817 666 1849 Nov.

292 1857 391 1898 Item,
404 1859 589 1892 consimilia
600 1860 760 1892 Mandata
769 1863 971 1892 emanarunt
980 1859 1121 1901 singulis
1131 1858 1382 1891 Archidiaconis
1394 1858 1429 1890 in
1442 1859 1590 1892 Ecclesia
1602 1861 1723 1892 Exoni-

333 1903 414 1942 ensi,
432 1903 590 1936 videlicet
605 1904 744 1943 Exonie‚
766 1904 1024 1945 Barnastapolie,
1041 1904 1221 1943 Cornubie,
1237 1906 1273 1935 et
1287 1902 1457 1935 Tottonie.

181 1972 254 2003 [Da-
289 1974 374 2014 The
412 1975 530 2015 Tithe
569 1977 610 2015 of
650 1977 751 2024 Tin3
787 1976 1063 2027 Aequietancia
1098 1989 1174 2014 xxv
1209 1988 1432 2014 marcarum
1462 1988 1539 2024 pro
1575 1975 1721 2013 decima

182 2041 264 2072 ιη]
343 2027 554 2080 Staqnarie
576 2006 764 2070 Oomubi'e
781 2038 816 2070 et
842 2030 1010 2069 Devonie
1022 2044 1099 2079 pro
1116 2043 1220 2068 anno
1238 2029 1366 2080 Requi
1382 2029 1500 2079 Reqis
1517 2029 1692 2078 αἰνῷ),-

180 2091 244 2122 [ῐοι.
290 2083 456 2116 Noverint
478 2085 627 2117 universi
649 2096 709 2126 per
731 2085 907 2117 Presentes
930 2095 1000 2124 nos,
1015 2084 1191 2124 Thomam,
1195 2087 1270 2115 ·.etc
1274 2082 1461 2124 ‚recepisse
1482 2083 1525 2115 de
1540 2083 1721 2124 Radulpho

177 2125 254 2157 291³.)
328 2127 581 2168 Trethewythe,
613 2129 806 2179 Receptore·
821 2128 1035 2160 denariorum
1063 2127 1202 2160 Domini
1232 2127 1397 2168 Principis
1426 2127 1462 2158 in
1493 2127 1720 2159 Comitatibus

335 2171 504 2203 cornubie
519 2175 555 2203 et
573 2173 732 2212 Devonie,
748 2171 844 2214 xvjli.
861 2170 944 2213 xiijs.
961 2174 997 2204 et
1018 2174 1168 2213 quatuor
1188 2171 1352 2210 denarios,
1369 2170 1506 2202 nomine
1527 2170 1655 2202 decime
1678 2170 1720 2202 de

332 2214 512 2247 Stannaria
528 2215 696 2247 Cornubie
712 2219 747 2247 et
763 2216 912 2247 Devonie
938 2215 1165 2257 provenientis
1180 2214 1277 2246 nobis
1299 2217 1335 2246 et
1359 2213 1503 2245 Ecclesie
1518 2217 1641 2254 nostre,
1659 2224 1719 2255 pro

332 2258 478 2289 termino
501 2259 617 2291 Sancti
641 2259 810 2291 Michaelis
833 2259 954 2291 ultimo
976 2258 1163 2300 preterito;
1194 2258 1284 2289 unde
1307 2268 1367 2298 pro
1389 2257 1519 2289 decima
1541 2257 1719 2289 Stannarie

332 2301 500 2333 Cornubie
537 2302 608 2343 vjli.
647 2302 746 2344 xiiijae.
783 2302 879 2344 iiijd„
916 2305 953 2334 et
989 2301 1139 2334 Devonie
1176 2301 1234 2333 xli.
1306 2301 1358 2332 De
1394 2301 1529 2342 quibus,
1567 2301 1716 2342 quidem,

330 2344 427 2385 xvjli.
445 2345 531 2387 xiijs.
547 2345 633 2387 iiijd.
652 2346 801 2378 fatemur
816 2356 876 2377 nos
890 2345 963 2378 fore
978 2345 1130 2377 solutum
1145 2347 1180 2376 et
1192 2344 1382 2386 predictum
1400 2343 1618 2385 Radulphum
1640 2354 1718 2385 erga

330 2388 499 2429 prefatum
527 2389 712 2422 Dominum
738 2389 925 2431 Principem
950 2389 1030 2420 inde
1055 2388 1127 2420 fore
1156 2355 1339 2430 qupietum3
1361 2387 1470 2429 sigillo
1495 2390 1612 2419 nostro
1639 2388 1716 2419 Pre-

328 2431 482 2464 sentibus
496 2432 807 2474 signatis—Dum
821 2436 858 2464 at
873 2433 1045 2472 Crediton,
1062 2433 1103 2464 18
1119 2431 1316 2464 December.

174 2500 227 2562 {3¹-
255 2503 544 2543 Procurations
562 2505 604 2543 of
623 2504 692 2543 the
711 2504 893 2543 Cardinal
897 2504 950 2542 N
953 2516 1114 2550 unclos
1149 2503 1365 2542 Secundum
1383 2503 1622 2541 Mandatum
1639 2503 1718 2541 Do-

320 2558 421 2595 mini
441 2555 658 2612 [Simonis]
677 2558 910 2598 cardinalis
927 2557 1234 2604 Οαηίπανίεηείε,
1249 2571 1362 2605 super
1372 2557 1717 2606 procuracionibus

327 2624 404 2660 pro
422 2613 580 2650 secundo
597 2626 700 2651 anno
719 2612 1000 2652 Nunciacionis
1017 2625 1090 2659 sue,
1107 2612 1278 2650 videlicet
1297 2611 1328 2660 ὴ
1324 2611 1378 2649 ’.d
1400 2611 1446 2649 de
1464 2611 1635 2658 libra,—

286 2664 413 2705 Simon,
437 2666 832 2707 ete.‚Venembi1i‚etc‚
856 2661 1020 2708 Episcopo
1045 2665 1235 2704 Exoniensi,
1258 2665 1311 2696 vel
1333 2664 1411 2706 ejus
1433 2664 1574 2705 vicario,
1587 2668 1662 2705 etc„

326 2708 375 2740 illi
393 2708 445 2740 vel
461 2709 526 2741 illis
542 2710 602 2751 qui
617 2713 708 2750 sunt,
724 2710 778 2742 vel
801 2715 912 2747 erunt,
936 2720 996 2751 pro
1018 2712 1170 2751 tempore
1184 2708 1318 2748 vicarii,
1334 2707 1508 2748 officiales,
1523 2718 1582 2740 seu
1599 2709 1715 2740 Admi-

329 2752 526 2784 nistratores
536 2753 758 2795 Episcopatus
773 2753 982 2793 Exouiensis,
998 2753 1042 2784 ad
1056 2762 1167 2794 quem,
1185 2752 1236 2784 vel
1252 2751 1294 2782 ad
1309 2761 1403 2792 quos,
1420 2755 1592 2793 presentes
1603 2751 1716 2784 Litere

330 2795 553 2835 pervenerint,
580 2797 724 2828 salutem
750 2797 786 2828 in
817 2797 1136 2836 Domina—Nuper
1165 2795 1412 2835 sanctissimus,
1444 2797 1518 2834 etc„
1549 2795 1715 2827 Dominus

330 2838 519 2879 Gregorius,
546 2839 669 2872 Divina
696 2840 913 2872 Providencia
936 2840 1026 2880 Papa
1048 2839 1265 2877 Undecimus,
1288 2838 1348 2879 qui
1371 2838 1614 2878 Reverendum,
1638 2842 1713 2879 etc-3

330 2881 514 2914 Dominum
537 2883 737 2924 Johnnnem,
760 2883 867 2916 Tituli
890 2883 1092 2916 Sanctorum
1113 2882 1197 2924 fiijor
1220 2882 1463 2914 Coronatorum
1486 2882 1715 2914 Presbiterum

330 2924 552 2966 cardinalem,
568 2929 605 2958 et
619 2937 692 2966 nos,
710 2927 899 2977 Apostolice
914 2926 1011 2959 Sedis
1026 2925 1176 2958 Nuncios
1190 2925 1234 2957 ad
1249 2924 1389 2957 Francis
1404 2927 1440 2957 et
1455 2924 1575 2965 Anglie
1589 2925 1714 2967 Regna,

331 2978 392 3009 pro
407 2969 520 3001 arduis
534 2973 570 3001 et
585 2970 715 3012 magnis
729 2970 875 3012 negociis
889 2970 1012 3012 quibus
1034 2968 1222 3001 insistimus
1243 2968 1436 3000 destinavit.
1486 2969 1541 3008 Et,
1557 2971 1598 3001 ut
1612 2969 1715 3011 possi-

321 3010 377 3061 U2
