1988 3256
261 464 311 496 [A.
318 465 353 492 D.

263 500 344 525 13⁶⁹-

262 532 316 563 701.

263 565 326 593 Vol.
346 565 386 593 ¹1.

261 779 313 807 fol.
323 779 370 807 ab.

790 360 891 394 THE
925 359 1169 395 REGISTER
1203 359 1265 395 oF

423 464 664 516 ampliandis
692 468 734 503 et
761 464 1044 503 conservandis
1072 464 1230 515 juribus
1263 465 1345 503 suis
1378 465 1434 503 sic
1461 477 1529 503 eos
1560 464 1622 502 tui
1651 461 1801 500 favoris

423 519 597 570 presidio
623 520 874 570 prosequaris
908 519 1014 569 quod
1047 520 1131 569 ipse
1159 519 1330 557 Thomas
1365 519 1538 564 Electus,
1569 521 1640 556 tuo
1672 516 1802 554 fultus

425 573 587 620 auxilio,
615 574 659 611 in
686 573 894 611 commisso
922 572 999 611 sibi
1020 573 1194 611 Ecclesie
1222 573 1378 623 prefate
1397 572 1588 623 regimine
1607 584 1649 610 se
1676 570 1802 621 possit

426 628 567 666 utilius
586 640 802 674 excercere,
823 630 948 678 tuque
968 627 1161 664 Divinam
1179 626 1491 666 misericordiam
1505 626 1639 664 valeas
1657 623 1803 664 exinde

427 681 589 720 uberius
607 681 833 731 promereri.
893 681 1028 733 (Same
1046 680 1170 733 date).

426 780 655 819 —Domino
674 780 775 830 Reqi
787 793 865 830 pro
884 780 1118 818 liberacione
1138 780 1484 830 temporalium,—

373 834 568 874 Urbanus
588 834 818 884 Episcopus,
842 834 988 872 Servus
1016 847 1221 873 servorum
1241 834 1328 880 Dei,
1349 834 1553 872 carissimo
1578 833 1622 870 in
1642 831 1803 871 Christo

426 889 518 935 filio,
542 888 752 935 Edwardo,
775 888 878 938 Regi
901 889 1051 938 Anglie
1078 889 1238 935 illustri,
1269 888 1440 926 salutem
1467 891 1509 926 et
1527 887 1804 937 Apostolicam

425 942 958 981 benediccionem.--Gracie
965 942 1114 981 Divine
1125 943 1321 992 premium
1333 946 1375 980 et
1388 942 1619 992 preconium
1630 940 1804 978 humane

426 996 557 1034 laudis
575 996 808 1046 acquiritur,
830 996 864 1034 si
891 1009 962 1046 per
984 997 1180 1035 seculares
1200 996 1406 1046 Principes
1426 996 1694 1034 Ecclesiarum
1714 995 1805 1032 Pre-

426 1050 531 1097 latis,
545 1050 756 1100 presertim
772 1050 1040 1088 Ecclesiarum
1056 1049 1358 1089 Cathedralium
1373 1050 1558 1100 regimini
1571 1048 1805 1099 presidenti-

426 1103 513 1151 bus,
534 1105 723 1154 oportuni
742 1104 891 1142 favoris
909 1104 1128 1154 presidium
1147 1108 1189 1143 et
1211 1104 1338 1143 honor
1355 1103 1516 1142 debitus
1534 1102 1802 1154 impendatur.

428 1158 594 1196 Dudum
626 1158 823 1208 siquidem
857 1187 865 1195 .
898 1183 907 1195 .-
938 1187 946 1195 .
979 1187 986 1196 .
1019 1187 1027 1196 .
1063 1159 1254 1208 suscipiet
1283 1158 1530 1196 incrementa
1558 1157 1622 1210 (ut
1648 1155 1802 1207 supra).

428 1212 542 1259 Cum,
563 1212 711 1262 itaque,
742 1212 800 1249 fili
828 1212 1039 1259 carissime,
1071 1213 1125 1250 sit
1152 1212 1319 1250 virtutis
1347 1225 1446 1262 opus
1476 1212 1551 1250 Dei
1580 1211 1803 1256 Ministros,

425 1269 468 1305 et
494 1266 706 1316 presertim
733 1265 934 1316 dignitate
963 1266 1192 1304 Pontificali
1219 1265 1409 1316 preditos,
1440 1265 1578 1304 favore
1605 1265 1802 1316 prosequi,

427 1333 474 1358 ac
496 1333 561 1358 eos
590 1319 723 1358 verbis
751 1323 793 1358 et
820 1319 1005 1370 operibus
1030 1333 1103 1370 pro
1131 1321 1275 1358 Eterni
1304 1320 1427 1370 Regis
1455 1320 1581 1370 gloria
1608 1319 1803 1365 venerari,

427 1374 694 1412 Serenitatem
731 1377 844 1411 tuam
875 1387 1058 1424 rogamus
1088 1378 1130 1412 et
1166 1374 1375 1412 hortamur
1410 1377 1569 1412 attente
1601 1373 1803 1423 quatinus,

426 1427 598 1466 eundem
616 1427 809 1466 Thomam
825 1428 1010 1466 Electum
1028 1432 1070 1466 et
1088 1428 1288 1478 prefatam
1304 1428 1523 1466 Ecclesiam
1538 1427 1806 1465 Exom‘ensem

427 1494 497 1520 sue
525 1494 618 1520 cure
645 1482 895 1520 commissam
923 1481 1086 1528 habens,
1117 1495 1189 1532 pro
1209 1482 1361 1519 Divina
1379 1485 1422 1520 et
1441 1481 1673 1531 Apostolice
1693 1480 1806 1519 Sedis

427 1539 470 1574 et
488 1539 627 1574 nostra
641 1536 869 1574 reverencia
883 1537 1117 1586 propensius
1132 1535 1440 1582 commendatos,
1455 1536 1511 1574 sic
1522 1536 1628 1585 ipsos
1642 1534 1807 1586 benigni

427 1589 577 1628 favoris
609 1590 761 1627 auxilio
788 1590 1036 1640 prosequeris
1065 1589 1169 1640 quod
1198 1589 1304 1628 idem
1332 1589 1504 1628 Thomas
1533 1589 1707 1635 Electus,
1737 1593 1807 1627 tue

428 1643 689 1681 Celsitudinis
709 1643 838 1682 fultus
856 1643 1040 1693 presidio,
1063 1644 1106 1681 in
1134 1644 1342 1682 commisso
1369 1643 1446 1682 sibi
1474 1657 1568 1682 cure
1588 1643 1807 1681 Pastoralis

427 1698 554 1736 officio
572 1698 708 1748 possit,
736 1698 823 1736 Deo
850 1698 1037 1748 propicio,
1067 1698 1303 1748 prosperari,
1333 1711 1379 1736 ac
1408 1697 1485 1735 tibi
1512 1696 1658 1736 exinde
1676 1710 1701 1735 a
1721 1697 1808 1735 Deo

429 1751 586 1801 plenius
619 1752 704 1790 vite
736 1752 933 1801 premium
961 1755 1002 1790 et
1031 1765 1056 1789 a
1086 1751 1202 1790 nobis
1229 1751 1428 1803 condigna
1460 1751 1672 1802 proveniat
1699 1751 1808 1789 accio

427 1805 662 1856 graciarum.
722 1805 856 1857 (Same
875 1805 997 1858 date).

267 1901 318 1928 ¹0¹·
330 1903 355 1928 4·
378 1899 506 1955 [Here
539 1901 692 1940 follows
722 1915 747 1939 a
779 1901 982 1951 duplicate
1014 1915 1115 1953 copy
1147 1901 1189 1940 of
1225 1902 1295 1940 the
1332 1902 1420 1940 first
1457 1902 1550 1940 Bull
1553 1902 1809 1952 ,—mar9in;

435 1955 568 1993 “alibi
586 1955 807 1994 scribitur
796 1969 839 1993 ln
858 1955 955 1994 folio
973 1956 1112 2006 primo.
1117 1954 1154 2009 ⁷²]

429 2051 674 2101 —Gaspiculo
692 2051 860 2090 Ecclesia
880 2052 1189 2099 Emoniensi8‚—

378 2106 538 2139 Urbanus
555 2107 748 2147 Episcopus,
764 2109 840 2142 etc.,
867 2106 1024 2148 Capitulo
1040 2107 1185 2138 Ecclesie
1205 2106 1399 2138 Exoniensis
1421 2106 1566 2139 salutem
1589 2110 1626 2139 et
1642 2108 1807 2148 Apostoli-

267 2272 316 2299 fol.
329 2271 373 2299 41³.

427 2160 502 2181 cam
542 2149 1007 2182 benediccionem—Romani
1045 2150 1227 2190 Pontificis,
1263 2154 1327 2182 etc.
1363 2150 1413 2190 (aa
1450 2152 1488 2182 in
1517 2150 1568 2182 tloe
1591 2150 1705 2182 second
1727 2151 1808 2183 Bau

426 2193 645 2234 throughout).
692 2192 806 2233 (Same
820 2193 924 2233 date).
964 2216 971 2230 s

429 2273 679 2312 -Vassallis
697 2273 864 2312 Ecclesie
883 2274 1190 2321 &oniensis—

376 2327 463 2368 [The
477 2338 569 2360 same
583 2338 620 2360 as
635 2328 696 2360 the
710 2329 815 2360 above
831 2328 1056 2370 throughout,
1076 2331 1209 2361 mutatis
1223 2328 1417 2370 mutandis}

267 2414 319 2442 101.
332 2416 358 2442 5.

432 2415 772 2453 -Juramentum
790 2415 978 2465 Episcopi
997 2415 1305 2465 Exoniensis‚-

379 2470 461 2512 Ego,
479 2470 632 2508 Thomas,
649 2470 832 2511 Episcopus
849 2470 1055 2509 Exoniensis,
1072 2470 1115 2502 ab
1130 2470 1192 2502 hac
1215 2470 1296 2502 hora
1311 2470 1448 2502 inantea
1472 2470 1578 2502 fidelis
1598 2473 1634 2502 et
1649 2471 1808 2505 obediens

429 2524 487 2545 ero
503 2514 608 2545 Beato
625 2514 726 2545 Petro
742 2514 932 2554 Sancteque
951 2514 1139 2554 Apostolice
1155 2514 1305 2545 Romane
1332 2514 1484 2552 Ecclesia,
1506 2524 1544 2545 ac
1562 2514 1706 2546 Domino
1723 2526 1806 2555 meo,

432 2556 576 2588 Domino
606 2557 744 2589 Urbano
774 2557 861 2597 Pape
888 2557 926 2595 V,
954 2557 1091 2598 suisque
1115 2557 1368 2589 Successoribus
1393 2557 1560 2589 Canonice
1586 2557 1806 2591 intrantibus.

431 2600 507 2632 Non
523 2610 579 2631 ero
594 2599 628 2631 in
643 2600 791 2637 consilio,
808 2610 981 2639 consensu,
998 2601 1049 2632 vel
1068 2601 1158 2632 facto
1174 2604 1215 2632 ut
1230 2601 1337 2632 vitam
1353 2600 1498 2641 perdant
1521 2603 1583 2632 aut
1607 2602 1806 2643 membrum,

429 2653 488 2675 seu
503 2643 679 2684 capiantur
695 2643 782 2675 mala
797 2644 961 2684 capcione.
994 2644 1189 2683 Consilium,
1208 2654 1295 2683 vero,
1313 2644 1404 2685 quod
1421 2643 1521 2675 michi
1538 2644 1699 2677 tradituri
1714 2650 1806 2686 sunt,

431 2697 489 2728 per
511 2697 546 2718 se
568 2690 630 2718 aut
654 2687 825 2718 Nuncium
852 2687 902 2718 vel
930 2697 990 2728 per
1013 2687 1153 2726 Lsteras,
1174 2687 1218 2718 ad
1240 2697 1358 2719 eorum
1380 2687 1576 2728 dampnum,
1593 2698 1648 2719 me
1670 2689 1806 2730 sciente,

429 2730 556 2762 nemini
583 2730 738 2770 pandam.
786 2731 953 2771 Papatutn
979 2731 1168 2762 Romanum
1193 2734 1229 2762 et
1255 2730 1390 2772 Regaiia
1413 2731 1528 2762 Sancti
1555 2731 1646 2763 Petri
1668 2732 1808 2774 adjutor

429 2774 477 2805 eis
492 2784 549 2805 ero
563 2773 606 2804 ad
622 2773 838 2805 retinendum
855 2777 891 2805 et
906 2773 1169 2812 defendendum,
1189 2774 1280 2805 salvo
1298 2784 1371 2805 meo
1387 2773 1522 2812 Ordine,
1538 2777 1656 2806 eontra
1671 2786 1807 2808 omnem

428 2817 608 2849 hominem.
655 2817 821 2867 Legatum
846 2817 1036 2857 Apostolice
1059 2817 1155 2849 Sedis
1177 2817 1212 2848 in
1239 2817 1352 2849 eundo
1373 2821 1410 2848 et
1432 2818 1604 2849 redeundo
1626 2818 1807 2851 honorifice

429 2860 592 2898 tractabo,
627 2863 663 2891 et
693 2860 727 2892 iu
758 2860 828 2892 suis
858 2860 1115 2892 necessitatibus
1155 2861 1334 2902 adjuvabo.
1390 2860 1538 2893 Vocatus
1567 2861 1611 2892 ad
1641 2862 1807 2895 Sinodum

429 2903 572 2943 veniam,
602 2903 667 2935 nisi
704 2903 901 2945 prepeditus
937 2904 1033 2935 fuero
1067 2904 1236 2937 Canonica
1265 2903 1505 2945 prepedicione.
1568 2905 1808 2946 Apostolorum

430 2947 562 2979 Limina
581 2946 722 2988 singulis
747 2947 915 2979 Trienniis
938 2947 1091 2987 visitabo,
1117 2950 1180 2981 aut
1206 2958 1266 2989 per
1289 2958 1343 2979 me
1370 2950 1433 2980 aut
1458 2958 1517 2989 per
1543 2949 1715 2990 nuncium,
1743 2949 1808 2982 nisi
