1988 3256
454 370 746 408 REGISTRUM
782 370 1247 408 COMMUNE-—ANNO
1287 361 1380 408 13⁰.
1600 359 1696 407 473

146 478 223 506 ΑΒ·
301 480 504 513 Executores
519 491 605 523 quos
620 480 656 513 in
671 481 741 513 suis
757 480 956 523 hujusmodi
972 481 1103 513 ultimis
1119 480 1361 522 deputaverint
1377 479 1517 522 eulogiis
1533 480 1698 513 reddendi

148 514 253 573 {fgffh
298 525 439 565 audicio,
456 525 708 566 eorundemque
724 525 880 556 liberacio
895 525 938 557 ab
955 525 1072 557 Officio
1089 529 1204 557 nostro
1223 535 1231 564 ς
1259 535 1416 566 cumque,
1433 525 1461 556 si
1477 525 1639 556 ultimum
1655 524 1698 555 ab

300 569 462 601 intestato
485 569 668 600 clauserint
689 569 779 600 diem
803 579 914 608 suum,
938 569 1103 600 bonorum
1127 579 1265 600 suorum
1291 569 1477 608 mobilium,
1495 569 1646 600 omnium
1663 571 1699 599 et

301 613 521 654 singulorum,
538 623 604 653 que
619 612 653 644 iu
670 613 802 644 Diocesi
819 616 932 644 nostra
948 613 1079 654 prefata
1095 623 1151 644 eos
1167 613 1320 654 optinere
1335 613 1517 653 contigerit
1528 612 1697 644 Adminis-

302 658 415 696 tracio,
433 668 470 688 ac
486 656 800 688 Administraoionis
816 656 1023 698 hujusmodi,
1041 656 1165 698 quibus
1181 657 1223 687 de
1237 657 1314 698 jure
1329 667 1388 688 seu
1404 656 1648 688 consuetudine
1663 655 1699 686 id

301 701 468 742 agendum
485 700 703 742 ipsorumque
718 700 907 732 animarum
924 700 1026 732 saluti
1043 701 1119 741 plus
1135 711 1207 731 esse
1222 700 1404 741 expediens
1417 700 1697 741 prospexerimus,

301 745 453 776 facienda
467 744 673 783 Commissio,
691 744 733 775 ad
749 755 820 783 nos,
840 745 882 775 de
895 744 1036 785 antiqua
1046 744 1206 775 laudabili
1217 744 1474 781 consuetudine,
1487 744 1557 775 sint
1569 744 1699 775 notorie

301 789 475 826 devolute;
493 788 686 829 nostrisque
698 788 836 820 auribus
851 788 896 819 sit
911 788 1044 819 noviter
1061 788 1259 819 nunciatum
1275 788 1367 829 quod
1380 788 1518 829 quidam
1532 787 1700 819 Dominus

302 832 491 864 &Villelmus
507 831 631 872 (lugan,
649 832 756 871 Miles,
773 842 874 872 quem
891 832 975 863 dum
992 831 1078 863 vixit
1094 831 1209 863 nullus
1232 835 1284 863 est
1301 829 1360 872 qui
1382 831 1526 873 ambigit
1541 831 1700 862 Nobilem

149 877 209 908 [fol.
223 878 280 907 99]
310 877 472 916 extitisse,
495 875 596 907 sortis
619 876 766 907 humane
789 875 944 907 debitum
969 875 1203 916 persolvebat;
1234 886 1305 914 nos,
1331 876 1446 916 igitur,
1466 875 1612 916 qualiter
1627 885 1699 916 pre-

311 921 403 952 fatus
427 920 568 959 Nobilis,
596 922 743 951 testatus
770 919 926 951 videlicet
951 923 1012 951 aut
1038 919 1231 958 intestatus,
1259 929 1355 950 suam
1387 919 1530 950 redditit
1553 919 1700 950 animam

307 963 457 996 Creatori
487 964 639 995 nondum
667 963 812 1004 plenarie
839 963 1024 1002 informati,
1051 963 1093 994 de
1119 963 1284 994 bonorum
1313 963 1489 994 mobilium
1516 973 1582 1004 que
1609 962 1700 994 idem

307 1008 438 1040 Nobilis
453 1007 507 1039 sui
522 1007 677 1038 decessus
693 1011 844 1048 tempore
859 1006 894 1038 in
910 1011 1025 1038 nostra
1038 1007 1167 1038 Diocesi
1184 1007 1355 1038 antedicta
1370 1007 1547 1038 obtinebat
1561 1006 1699 1047 dissipa-

306 1052 401 1083 cione
423 1051 651 1083 verisimiliter
674 1054 876 1090 metuentes,
900 1053 936 1082 et
959 1054 998 1082 ut
1013 1050 1180 1082 Voluntas
1204 1050 1334 1083 Ultima
1358 1050 1488 1082 Nobilis
1513 1050 1700 1089 memorati,

307 1095 451 1137 siquam
469 1095 679 1136 expresserit,
703 1094 824 1126 clarius
847 1099 950 1136 atque
973 1094 1138 1126 efficacius
1161 1095 1321 1126 effectum
1345 1094 1499 1126 debitum
1524 1095 1698 1133 sorciatur,

309 1140 395 1171 bona
412 1139 549 1170 mobilia
575 1138 737 1180 predicta,
757 1138 912 1169 universa
935 1141 971 1170 et
992 1138 1133 1179 singula,
1157 1138 1310 1179 ejusdem
1334 1138 1464 1170 Nobilis
1488 1141 1605 1170 tenore
1622 1138 1699 1169 Pre-

307 1184 458 1215 sencium
484 1183 646 1214 duximus
668 1182 910 1224 sequestranda
936 1192 975 1213 ac
1000 1192 1060 1223 per
1084 1192 1142 1213 vos
1168 1182 1324 1213 volumus
1352 1181 1456 1213 eciam
1484 1181 1699 1223 sequestrari,

307 1238 437 1259 necnon
460 1227 525 1258 sub
547 1230 621 1258 arto
643 1225 831 1258 conservari
858 1226 1050 1266 Sequestm,
1078 1229 1181 1267 prout
1208 1230 1320 1257 vestro
1349 1226 1522 1257 volueritis
1551 1225 1700 1266 periculo

308 1271 405 1302 nobis
427 1271 648 1312 imposterum
672 1271 880 1311 respondere.
939 1270 1102 1308 Quocirca
1125 1269 1229 1309 vobis,
1257 1269 1467 1310 conjunctim
1495 1273 1531 1301 et
1554 1269 1698 1308 divisim,

307 1315 554 1347 committimus
576 1317 612 1345 et
634 1315 835 1345 mandamus
858 1314 1019 1354 quatinus
1043 1313 1173 1344 dictum
1198 1317 1352 1345 nostrum
1369 1315 1602 1354 Sequestrum,
1622 1313 1700 1344 locis

308 1362 346 1390 et
360 1358 568 1399 temporibus
584 1357 626 1389 ad
642 1358 676 1389 id
692 1357 860 1398 congruis,
879 1357 1066 1398 publicetis,
1091 1361 1126 1388 et
1149 1357 1281 1389 faciatis
1304 1368 1363 1398 per
1385 1357 1467 1388 alios
1484 1367 1575 1388 more
1598 1357 1700 1388 simili

309 1402 482 1444 publicari.
531 1402 737 1440 Inhibentes,
755 1401 818 1432 sub
834 1411 920 1442 pena
935 1401 970 1432 in
994 1401 1196 1433 Sanctorum
1221 1401 1362 1432 Patrum
1385 1401 1700 1433 Constitucionibus

309 1450 508 1487 expressata,
539 1456 582 1477 ne
611 1445 689 1487 quis
716 1446 936 1487 Sequestrum
964 1448 1119 1476 nostrum
1144 1444 1342 1486 hujusmodi
1370 1447 1543 1486 presumat
1573 1448 1699 1475 temere

309 1490 442 1522 violare.
506 1489 639 1528 citetis,
671 1489 819 1530 insuper,
852 1489 1056 1520 Executores
1086 1488 1120 1519 in
1153 1489 1371 1520 Testamento
1408 1489 1531 1530 prefati
1562 1488 1700 1520 Domini

310 1534 479 1574 willelmi,
495 1533 523 1565 si
539 1533 631 1574 quod
646 1533 842 1572 condiderit,
860 1532 1059 1571 nominatos,
1076 1532 1224 1573 alioquin
1241 1532 1408 1563 dictorum
1423 1532 1586 1563 bonorum
1604 1542 1698 1563 occu-

309 1582 442 1619 patores
473 1588 531 1609 seu
562 1577 861 1613 administratores,
887 1576 979 1617 quod
1004 1579 1220 1617 compareant
1249 1586 1361 1607 coram
1392 1576 1487 1607 nobis
1517 1579 1615 1607 sexto
1645 1576 1700 1607 die

309 1622 462 1654 ‚Iuridieo
485 1632 504 1652 a
526 1624 680 1662 tempore
706 1620 906 1662 recepcionis
929 1619 1143 1651 Presencium
1171 1619 1408 1660 computando,
1433 1619 1639 1661 ubicumque
1663 1620 1698 1651 in

309 1669 425 1697 nostra
449 1665 582 1697 Diocesi
608 1664 758 1706 predicta
783 1663 1008 1702 extiterimus,
1033 1663 1289 1695 Testamentum
1316 1663 1524 1704 hujusmodi,
1552 1664 1580 1694 si
1607 1663 1699 1704 quod

309 1709 501 1740 confectum
525 1708 638 1745 fuerit,
663 1707 847 1739 exhibituri
870 1710 904 1738 et
927 1707 1101 1748 probaturi
1114 1717 1122 1746 3
1147 1707 1237 1746 alias,
1261 1710 1386 1747 autem,
1409 1717 1476 1749 qua
1498 1707 1700 1738 auctoritate

310 1753 397 1784 bona
412 1752 610 1794 hujusmodi
625 1751 862 1792 occupaverint
877 1761 935 1782 seu
951 1750 1264 1782 administraverint
1279 1751 1428 1792 legitime
1444 1751 1648 1792 proposituri
1665 1754 1700 1782 et

309 1796 484 1837 allegaturi
499 1806 507 1835 ;
531 1795 741 1836 ulteriusque
757 1794 880 1827 facturi
895 1797 931 1825 et
945 1794 1112 1835 recepturi
1127 1795 1219 1835 quod
1234 1794 1386 1835 ejusdem
1411 1795 1538 1835 negocii
1553 1795 1699 1835 qualitas

311 1840 500 1882 poposcerit
522 1843 558 1871 et
580 1841 714 1876 natura,
730 1838 891 1880 legitimis
914 1848 1049 1880 quoque
1071 1848 1109 1870 ac
1132 1838 1307 1870 Canonicis
1330 1838 1487 1870 convenit
1510 1838 1697 1870 Institutis.

312 1885 357 1915 Et
383 1883 467 1925 quid
492 1883 527 1914 in
555 1883 725 1924 premissis
758 1881 924 1914 duxeritis
950 1882 1153 1921 faciendum,
1182 1882 1402 1914 etc.—-Dated
1429 1885 1466 1914 at
1497 1882 1698 1923 Chudleigh,

311 1929 351 1959 24
375 1927 468 1969 July.

155 1982 218 2043 {32¹5-
268 1982 571 2032 Testamentary
592 1980 663 2032 (see
683 1994 715 2031 p.
737 1980 902 2031 471),-

267 2037 432 2069 vicesimo
455 2036 576 2077 quinto
599 2036 652 2067 die
675 2036 696 2067 J
701 2035 769 2074 ulii,
793 2035 828 2067 iu
853 2035 1056 2067 Cancellaria
1080 2034 1216 2066 Domini
1239 2035 1330 2075 apud
1354 2034 1605 2075 Chuddeleghe,
1623 2045 1698 2076 pro-

309 2081 428 2112 batum
445 2080 514 2111 fuit
535 2080 792 2112 Testamentum
815 2079 979 2111 ,Iohannis
1003 2079 1186 2120 Uppecote,
1211 2079 1270 2120 qui
1292 2079 1375 2110 dum
1399 2079 1494 2118 vixit,
1518 2083 1554 2111 et
1581 2079 1700 2110 mortis

308 2135 368 2156 sue
384 2129 544 2164 tempore,
561 2123 644 2155 dicti
662 2123 797 2154 Domini
812 2123 915 2162 gessit
931 2122 1027 2154 rohas
1042 2133 1050 2161 ;
1073 2122 1108 2153 in
1124 2133 1192 2163 quo
1209 2123 1373 2154 nominati
1395 2126 1478 2154 suut
1497 2124 1699 2155 Executores

311 2167 494 2206 Floreucia,
513 2178 597 2198 uxor
612 2166 765 2208 ejusdem
783 2166 957 2205 Johaunis,
980 2170 1016 2198 et
1038 2166 1242 2197 Edmundus
1266 2167 1487 2198 Beaucombe.
1547 2167 1603 2205 Et,
1620 2166 1700 2207 quia

310 2212 402 2243 dicta
418 2210 588 2243 Florencia
603 2221 669 2242 non
686 2211 800 2252 potuit
815 2220 1016 2251 comparere,
1029 2210 1120 2240 senio
1136 2209 1315 2249 confracta,
1332 2211 1475 2251 prestito
1493 2220 1550 2251 per
1565 2211 1699 2242 dictum

311 2255 532 2287 Edmundum
547 2254 741 2295 juramento
756 2254 798 2284 de
814 2254 911 2285 fidele
928 2253 1159 2285 Inventarium
1175 2254 1389 2293 conficiendo,
1406 2257 1441 2285 et
1456 2254 1498 2285 de
1510 2254 1700 2286 exhibendo

311 2299 398 2330 illud
428 2298 486 2339 xiij
515 2298 570 2329 die
600 2297 724 2329 mensis
749 2297 895 2338 Augusti
923 2297 1075 2337 proximo
1100 2297 1229 2336 futuro,
1254 2297 1431 2329 commissa
1457 2297 1526 2329 fuit
1550 2301 1700 2338 potestas

310 2342 470 2382 [Domino
486 2341 634 2373 Johanni
652 2340 913 2381 LanghebrokeJ,
930 2340 1062 2372 vicario
1084 2341 1126 2372 de
1150 2341 1391 2382 Ermyngtone,
1415 2341 1505 2372 dicte
1528 2341 1555 2373 F
1557 2341 1700 2373 lorencie

309 2386 553 2427 juramentum,
569 2395 662 2416 more
677 2384 788 2424 simili,
806 2387 846 2416 ut
861 2384 1019 2416 convenit
1032 2384 1224 2424 recipiendi.
1289 2385 1372 2424 Quo,
1397 2385 1544 2426 quidem,
1561 2385 1621 2426 xiij
1635 2386 1699 2425 die,

311 2431 347 2460 in
364 2428 566 2461 Cancellaria
589 2428 719 2470 prefata
741 2429 831 2469 apud
858 2427 1107 2468 Chuddeleghe,
1131 2438 1241 2459 coram
1266 2428 1427 2468 Magistro
1451 2429 1578 2468 Rogero
1602 2430 1698 2470 Page,

312 2472 548 2504 Commissario
564 2472 701 2503 Domini
716 2471 750 2502 in
768 2472 830 2503 hac
845 2474 939 2512 parte
954 2471 1129 2512 deputam,
1146 2472 1335 2511 comparuit
1357 2472 1469 2503 dictus
1487 2472 1698 2512 Edmundus,

313 2517 483 2548 Executor
499 2516 659 2557 prefatus,
677 2515 826 2556 predicta
843 2515 1013 2546 Floreucia
1029 2518 1112 2546 tunc
1128 2515 1277 2554 absente,
1293 2518 1329 2547 et
1344 2515 1499 2547 exhibuit
1515 2516 1701 2548 Inventari-

313 2570 372 2592 um
388 2560 430 2591 de
446 2560 541 2591 bonis
557 2559 737 2591 mobilibus
753 2558 875 2599 prefati
897 2558 1062 2590 ,Iohannis
1084 2558 1127 2590 ad
1150 2569 1318 2590 summam
1342 2559 1512 2600 ciiijxxijei.
1529 2570 1598 2591 xvs.
1618 2560 1673 2591 xd.
1692 2570 1700 2598 ;

312 2607 358 2642 et,
375 2603 517 2644 prestito
534 2613 592 2644 per
607 2603 738 2634 dictum
756 2602 977 2633 Edmundum
993 2602 1186 2643 juramento
1203 2602 1245 2633 de
1268 2602 1412 2634 fideliter
1434 2603 1700 2635 administrando

314 2651 350 2678 et
373 2646 577 2686 calculando,
605 2646 669 2678 nisi
695 2645 839 2687 graciam
864 2646 899 2677 in
926 2646 988 2677 hac
1012 2649 1109 2686 parte
1137 2646 1323 2677 uberiorem
1349 2646 1501 2687 optinere
1528 2647 1699 2686 meruerit,

312 2690 488 2722 commissa
502 2690 571 2722 fuit
585 2693 735 2732 potestas
750 2689 881 2721 Vicario
896 2689 939 2720 de
955 2689 1187 2731 Ermyngtone
1203 2689 1368 2730 prefatam
1386 2690 1591 2722 Florenciam
1609 2701 1700 2722 more

310 2734 411 2766 simili
426 2734 597 2766 onerandi.

157 2787 220 2848 22¹5·
270 2789 559 2840 Kilkhampton
577 2802 587 2837 ;
615 2788 878 2827 Denunciacio
897 2794 1031 2826 contra
1050 2789 1250 2826 violatores
1265 2788 1458 2837 Sequestrc
1470 2783 1715 2836 Domini,--·⁴

268 2843 425 2881 Thomas,
455 2847 515 2875 etc.
522 2865 707 2882 ......
713 2841 725 2861 ¹
786 2842 872 2874 Cum
900 2853 1016 2874 omnes
1043 2846 1078 2873 et
1104 2842 1228 2883 singuli
1256 2842 1450 2883 Episcopale
1478 2843 1699 2884 Sequestrum

162 2919 174 2940 ¹
199 2925 226 2953 A
244 2922 343 2954 blank
367 2933 474 2964 space,
498 2923 561 2955 left
583 2923 635 2955 for
658 2923 716 2954 the
739 2933 855 2954 names
963 2933 1030 2954 was
1046 2922 1205 2961 directed,
1223 2932 1289 2957 was
1305 2925 1366 2954 not
1382 2923 1470 2954 filled
1487 2923 1531 2955 in.

204 2965 240 2996 ot
270 2966 365 2998 those
391 2970 428 2998 to
458 2967 569 2999 whom
598 2966 667 2999 this
694 2966 853 2998 Mandate
