1988 3256
307 317 403 362 384

307 433 384 460 Α.Ι).

307 467 382 494 1377.

309 502 370 529 Vol.
383 502 406 528 1.

326 1558 388 1585 No-

324 1599 402 1618 vam-

325 1634 392 1653 aas.

329 1951 379 1980 sol.

328 1986 381 2013 70.¹

336 2654 396 2681 DE-

335 2696 410 2715 esm-

335 2730 402 2748 asa.

335 2825 347 2846 ¹
365 2826 434 2858 Fol.

515 328 618 361 THE
652 327 896 362 REGISTER
930 326 993 360 OF
1027 325 1205 360 BISHOP
1239 325 1640 362 BRANTYNGHAM.

415 434 592 527 Bingury
613 431 856 487 [Bykebury‚
879 429 980 484 MS.]
995 445 1005 480 3
1034 432 1185 470 Master
1204 431 1377 472 william
1398 433 1686 482 Poundestoke,
1707 432 1846 480 LL.B.‚

419 543 559 575 Licence
574 542 609 574 of
625 541 878 574 non-residence
893 541 947 573 for
961 551 981 572 a
995 551 1085 583 year,
1103 543 1140 573 to
1155 540 1259 583 study
1277 541 1382 582 (same
1397 542 1502 583 date).

418 604 474 642 St.
499 604 617 642 Erme
637 600 791 655 [Sancti
811 602 993 649 Ermetis,
1016 599 1117 654 MS.]
1135 615 1145 649 ;
1174 601 1237 639 Sir
1253 601 1360 640 John
1380 601 1593 653 Tregaeke,
1614 603 1732 649 R„—

419 658 559 690 Licence
574 658 610 689 of
624 656 878 688 non—residence
892 656 946 688 for
960 666 980 687 a
994 666 1074 697 year
1090 655 1195 696 (same
1210 655 1314 696 date).

421 713 553 750 North
576 712 706 762 Bovey
728 709 783 764 [N
787 711 996 762 orthbovy,
1018 707 1119 762 MS.]
1138 723 1148 758 3
1177 710 1239 748 Sir
1257 710 1363 749 John
1382 711 1432 749 de
1452 710 1686 758 Lichefelde,
1709 711 1827 757 R„—

423 767 562 801 Licence
578 766 614 798 of
629 765 892 805 non-residence,
910 765 929 780 ‘⁴
942 764 1106 806 quamdiu
1129 764 1265 796 steterit
1287 764 1323 796 in
1346 765 1515 806 obsequiis
1538 765 1676 797 Domini
1690 764 1852 797 willelmi

467 809 526 852 [de
542 805 819 851 Spridlingtone]‚
838 808 1032 840 Assavensis
1048 808 1204 849 Episcopi
1221 819 1229 847 ;
1252 808 1347 848 dum,
1366 812 1492 849 tamen,
1506 809 1653 841 Ecclesie
1668 819 1729 841 sue
1743 808 1854 840 deser·

466 854 581 886 viatur
595 854 629 885 in
647 853 787 892 Divinis,
805 853 890 885 etc.”
908 852 1073 892 (London,
1092 852 1131 885 17
1149 852 1251 891 Oet).

423 909 674 948 Confessions
693 922 701 956 ;
729 908 795 946 Ad
811 907 1051 946 audiendum
1072 907 1398 956 Confessz‘ones,—

425 964 525 1003 Item,
541 963 678 1002 ibidem,
695 966 786 994 xxmo
802 962 865 1002 die,
891 961 1056 993 Dominus
1078 962 1242 994 concessit
1266 961 1454 994 Licenciam
1470 962 1584 994 Fratri
1608 961 1754 994 Hem-ico
1776 961 1857 994 Sut-

470 1010 560 1047 tone,
586 1006 693 1039 Priori
716 1006 852 1039 Ordinis
880 1006 1040 1049 Fratrum
1068 1005 1331 1037 carmelitarum
1357 1005 1487 1038 Domus
1509 1005 1735 1054 de·Suttone,
1757 1005 1859 1047 juxta

470 1050 781 1127 ξὲιὲῑῐίιὶῐέἓέἱίἰὲἲέᾱ
796 1049 1004 1081 audiendum
1020 1049 1263 1089 Confessiones,
1279 1051 1343 1082 etc.
1365 1060 1374 1090 ;
1396 1049 1560 1091 quamdiu
1583 1049 1729 1081 Domino
1744 1049 1857 1091 placu-

428 1155 628 1193 Oratories
643 1167 653 1202 3
685 1154 836 1192 Licence
856 1159 893 1191 to
912 1153 1157 1200 celebrate,—

429 1209 529 1248 Item,
553 1209 688 1248 ibidem,
712 1206 826 1249 xxvjto
848 1207 913 1247 die,
937 1207 1104 1239 Dominus
1126 1207 1289 1239 concessit
1313 1206 1501 1239 Licenciam
1523 1206 1693 1239 Willelmo
1715 1206 1759 1239 de
1780 1206 1860 1240 cer·

472 1256 654 1295 vyngtone,
670 1255 707 1284 et
723 1251 851 1283 Imanie
874 1251 972 1282 uxori
992 1251 1154 1292 ejusdem,
1171 1251 1262 1292 quod
1278 1251 1408 1291 possint
1423 1251 1533 1282 facere
1547 1250 1718 1291 celebrari,
1734 1253 1809 1291 etc„
1825 1250 1862 1283 in

476 1296 657 1338 presencia,
681 1298 755 1335 etc.‚
780 1295 814 1327 in
839 1295 975 1336 Capella
997 1295 1066 1326 sive
1090 1294 1246 1326 Oratorio
1268 1294 1357 1327 infra
1380 1294 1568 1326 Manerium
1591 1294 1635 1326 de
1657 1295 1772 1336 Aury;
1802 1304 1864 1336 per

474 1350 582 1372 unum
598 1349 726 1371 annum
741 1339 950 1371 duraturam.

431 1384 531 1422 Item,
548 1384 645 1415 xxixo
668 1383 732 1422 die,
757 1383 923 1414 Dominus
945 1381 1109 1413 concessit
1132 1381 1320 1414 Licenciam
1342 1381 1505 1423 Magistro
1529 1381 1732 1423 Baldewyno
1755 1380 1861 1414 Schn-

475 1427 663 1470 lyngforde,
679 1427 723 1458 ad
738 1426 977 1458 celebrandum
995 1425 1126 1464 Divina,
1142 1427 1178 1457 et
1194 1435 1254 1466 per
1269 1425 1471 1466 presbiteros
1486 1425 1634 1467 ydoneos
1649 1425 1684 1457 in
1707 1434 1768 1457 sua

476 1471 585 1503 seucia
602 1471 794 1502 faciendum
809 1469 979 1508 celebrari,
996 1469 1030 1500 in
1048 1469 1183 1509 Capella
1198 1468 1267 1500 sive
1283 1469 1438 1501 Orator-io
1453 1469 1542 1500 infra
1558 1468 1755 1510 Hospicium
1769 1467 1864 1500 habi·

477 1515 618 1547 tacionis
633 1524 693 1546 sue
712 1514 839 1545 Exonie
855 1524 862 1552 ;
885 1513 1049 1554 quamdiu
1066 1512 1211 1544 Domino
1227 1512 1402 1553 placuerit,
1418 1515 1482 1545 etc.
1622 1547 1623 1550 Ἰ

437 1560 536 1598 Ite-m,
567 1558 704 1597 ibidem,
728 1557 838 1598 primo
861 1557 915 1588 die
938 1557 1062 1588 mensis
1085 1555 1296 1595 Novembris,
1320 1556 1487 1588 Dominus
1509 1556 1673 1588 concessit
1696 1554 1865 1587 Willelmo

482 1604 684 1641 Prestecote,
712 1601 866 1633 Johanue
890 1600 986 1632 uxori
1011 1599 1174 1641 ejusdem,
1197 1610 1235 1631 ac
1257 1599 1405 1631 Johanni
1430 1601 1622 1632 Prestecote
1642 1603 1679 1632 et
1701 1598 1867 1640 Margerie

481 1646 556 1687 ejus
572 1646 678 1684 uxori,
696 1645 882 1676 Licenciam
900 1643 991 1685 quod
1007 1644 1146 1684 possint,
1163 1646 1241 1683 ete„
1258 1643 1292 1675 in
1309 1643 1480 1684 presencia
1494 1643 1643 1684 ipsorum
1666 1653 1725 1675 seu
1748 1651 1867 1674 eorum

476 1690 629 1731 alicujus,
646 1689 681 1720 in
698 1688 834 1729 Capella
849 1688 892 1719 de
908 1688 1102 1719 Prestecote
1117 1685 1166 1728 [in
1186 1686 1387 1727 OulmatockL
1403 1690 1440 1720 et
1459 1687 1551 1719 Bake
1565 1686 1617 1726 [in
1641 1686 1719 1719 Weat
1735 1686 1865 1727 Alm‘ny-

477 1732 546 1774 ton]
564 1744 572 1772 ;
595 1732 756 1774 quamdiu
775 1731 921 1763 Domino
937 1731 1101 1772 placuerit
1116 1731 1326 1763 duraturam.

436 1779 538 1816 Item,
553 1777 679 1808 eisdem
689 1776 743 1807 die
754 1778 789 1807 et
801 1775 882 1815 loco,
901 1775 1066 1806 Dominus
1081 1774 1245 1806 concessit
1259 1774 1280 1806 J
1283 1773 1408 1805 ohanni
1423 1773 1648 1813 Mattisforde,
1661 1775 1697 1806 et
1711 1773 1734 1806 J
1736 1772 1868 1804 ohanne

479 1821 555 1862 ejus
571 1820 678 1858 uxori,
696 1819 884 1850 Licenciam
900 1819 989 1859 quod
1008 1818 1146 1858 possint,
1163 1821 1237 1857 etc„
1253 1817 1288 1849 in
1304 1817 1475 1859 presencia
1497 1818 1646 1859 ipsorum
1669 1827 1727 1849 seu
1751 1826 1868 1848 eorum

479 1864 630 1903 alterius,
647 1863 681 1894 in
699 1862 835 1903 Capella
850 1862 920 1893 sive
937 1862 1091 1894 Oratorio
1107 1861 1196 1893 infra
1212 1861 1401 1893 Manerium
1427 1861 1577 1902 ipsorum
1603 1861 1646 1892 de
1660 1860 1865 1902 Daledyche,

480 1909 515 1939 in
533 1907 693 1939 I’arochia
709 1906 751 1937 de
767 1906 948 1946 Louepitte
964 1904 1120 1946 [huppit]
1135 1905 1302 1937 situatum
1318 1916 1326 1942 ;
1349 1905 1525 1945 quamdiu,
1543 1908 1607 1936 etc.

441 1952 541 1991 Item,
558 1951 682 1982 eisdem
699 1950 754 1981 die
769 1952 806 1981 et
821 1947 915 1988 locol,
932 1949 1099 1980 Dominus
1120 1948 1284 1980 concessit
1301 1948 1468 1980 Willelmo
1482 1948 1613 1986 Talbot,
1630 1950 1667 1979 et
1682 1947 1872 1988 Margmete

484 1996 560 2036 ejus
583 1994 689 2030 uxori,
706 1993 914 2025 consimilem
939 1992 1125 2024 Licenciam
1148 1991 1240 2033 quod
1262 1991 1393 2032 possint
1415 1992 1448 2023 in
1472 1991 1613 2032 singulis
1636 1991 1780 2032 Capellis
1800 1990 1872 2022 sivo

483 2038 647 2071 Oratoriis
665 2037 892 2068 Maneriorum
908 2046 1058 2074 suorum,
1074 2035 1164 2066 infra
1182 2035 1364 2067 Civitatem
1380 2038 1416 2067 et
1432 2035 1598 2067 Diocesim
1617 2034 1746 2067 Exouie
1767 2033 1872 2066 situa-

481 2086 597 2115 torum
614 2081 828 2121 ubicumque,
845 2083 920 2118 etc„
937 2079 1101 2121 quamdiu
1120 2079 1273 2119 Domino,
1290 2081 1354 2111 etc.

438 2141 665 2181 Braduinch
688 2138 968 2193 [Bradenache,
993 2136 1120 2191 MS.];
1150 2138 1215 2176 Sir
1232 2138 1339 2177 John
1360 2138 1598 2189 Spaldynge,
1621 2139 1740 2186 R„—

439 2198 580 2229 Licence
604 2196 639 2227 of
669 2194 924 2226 non-residence
946 2194 1000 2225 for
1024 2203 1045 2225 a
1069 2203 1158 2234 year,
1184 2195 1221 2225 to
1247 2193 1352 2234 study
1379 2196 1416 2224 at
1444 2192 1574 2225 Oxford
1604 2203 1643 2225 or
1672 2189 1875 2232 Cambridge

483 2240 517 2281 (“
530 2239 657 2271 eisdem
673 2239 727 2270 die
743 2241 779 2270 et
793 2238 865 2269 loco
878 2235 935 2277 ”)¹.
1758 2233 1763 2237 ’

438 2301 478 2339 N
480 2299 618 2339 orthill
638 2297 880 2352 [Northulle,
904 2294 1005 2350 MS.]
1024 2311 1034 2346 3
1062 2297 1213 2335 Master
1232 2296 1403 2335 Richard
1424 2296 1554 2344 Barre,
1576 2296 1694 2344 R,—

439 2356 581 2387 Licence
596 2354 631 2385 of
646 2352 903 2385 non-residence
918 2352 972 2383 for
986 2362 1006 2383 a
1028 2361 1118 2393 year,
1137 2351 1206 2383 and
1228 2354 1266 2383 to
1289 2353 1353 2392 put
1376 2350 1436 2383 the
1458 2360 1623 2383 revenues
1644 2353 1706 2383 out
1729 2353 1767 2383 to
1788 2349 1877 2382 farm

484 2397 651 2439 (London,
670 2398 711 2428 29
728 2395 845 2436 Now).

442 2458 698 2509 Holsworthy
717 2454 1052 2509 [Haldesworthy,
1075 2451 1177 2506 MS.]
1195 2468 1206 2502 3
1233 2454 1297 2492 Sir
1314 2454 1490 2492 william
1511 2454 1743 2500 Odecombe,
1760 2453 1878 2501 R„—

442 2514 582 2545 Licence
599 2512 634 2543 of
655 2510 911 2542 non-residence
932 2510 986 2541 for
1007 2519 1028 2541 a
1049 2518 1139 2550 year,
1157 2508 1279 2548 “dum,
1296 2511 1421 2548 tamen,
1439 2508 1613 2540 familiaris
1637 2508 1768 2540 Nobilis
1794 2508 1879 2548 Viri,

487 2555 624 2587 Domini
642 2554 799 2586 Willelmi
823 2554 1010 2594 Botryaux,
1030 2552 1157 2591 Militis,
1182 2552 1318 2592 existat,
1342 2557 1379 2584 et
1402 2552 1436 2584 in
1460 2552 1620 2584 comitiva
1641 2551 1796 2594 ejusdem
1818 2561 1881 2594 per

485 2600 576 2631 idem
592 2602 729 2639 tempus
746 2597 882 2630 steterit
895 2597 914 2610 '³
932 2597 1038 2636 (same
1052 2595 1157 2635 date).

445 2654 611 2692 Talaton
637 2650 855 2705 [Taletone,
877 2648 979 2702 MS.]
996 2664 1007 2698 ;
1036 2650 1212 2687 William
1230 2649 1379 2696 Warre,
1401 2649 1635 2696 subdeacon,
1656 2649 1775 2694 R,—

445 2708 585 2740 Licence
601 2707 636 2738 of
651 2705 905 2738 non-residence
920 2705 973 2736 for
987 2714 1008 2736 a
1022 2714 1110 2746 year,
1125 2708 1161 2736 to
1177 2703 1282 2745 study
1297 2706 1335 2735 at
1350 2703 1490 2742 Oxford,
1501 2706 1565 2736 etc.
1577 2703 1741 2743 (London,
1753 2702 1772 2737 7
1783 2703 1863 2736 Deo.
1884 2702 1898 2744 )

457 2827 507 2863 69,
531 2824 726 2865 containing
750 2826 839 2856 most
862 2823 897 2855 of
920 2822 980 2855 the
1003 2822 1069 2854 En·
1194 2821 1389 2862 remaining.
1436 2821 1508 2854 The
1525 2821 1591 2863 day
1613 2821 1650 2853 of
1670 2821 1731 2854 the
1752 2821 1885 2863 mouth,
1908 2846 1913 2850 .

379 2869 461 2901 tries
483 2869 537 2900 for
554 2867 745 2900 November
762 2868 847 2906 (one,
864 2877 902 2898 or
918 2875 1019 2904 more,
1036 2865 1072 2897 of
1106 2876 1110 2879 ’
1193 2865 1372 2905 therefore,
1388 2865 1528 2906 implied
1542 2865 1576 2897 in
1593 2864 1654 2898 the
1668 2865 1778 2897 words
1792 2865 1812 2880 “
1823 2865 1884 2897 eia-

379 2912 489 2944 which
504 2915 598 2944 must
613 2911 698 2943 have
714 2911 798 2942 been
814 2911 893 2951 long
910 2909 1070 2948 Entries),
1192 2908 1270 2941 dem
1285 2908 1341 2941 die
1351 2910 1389 2941 et
1403 2908 1507 2950 1000‚”
1522 2911 1647 2941 cannot
1661 2908 1704 2942 be
1717 2907 1884 2951 supplied.

379 2956 439 2988 has
468 2956 554 2987 been
583 2958 644 2988 cut
669 2957 740 2995 out,
768 2954 828 2986 the
854 2958 972 2996 stump
1000 2952 1071 2985 still
