1988 3256
312 351 407 398 566
542 363 643 396 ΤΗΕ
667 361 910 396 REGJSTER
934 362 995 396 OF
1019 361 1198 396 BISHOP
1221 361 1626 400 BRANTYNGHAM.

309 469 385 530 &8¹2-
388 505 411 530 5
423 470 562 517 Rome,
593 469 663 508 the
692 469 884 520 Hospital
913 469 955 508 of
982 469 1052 508 the
1079 469 1186 520 Holy
1211 469 1369 508 Ghost
1358 482 1425 517 1n3
1453 469 1592 508 Litera
1610 475 1768 520 questus
1780 482 1858 520 pro

308 537 413 564 v01.1.
478 524 683 574 Hospitali
702 524 843 562 Sancti
862 523 1044 574 Spiritus
1064 522 1126 577 [de
1150 522 1265 577 Urbe]
1287 524 1540 571 Romana,—

423 580 584 620 Thomas,
601 583 678 619 etc.,
695 580 962 611 Archidiaconis
980 580 1121 619 Exonie,
1139 580 1312 619 Tottonie,
1330 580 1604 620 Barnastapolie,
1621 581 1658 612 et
1671 579 1856 620 Coi-nubis,

467 635 529 656 seu
552 635 673 656 eorum
705 624 940 662 Officialibus;
972 634 1119 663 necnon,
1152 624 1302 655 Decanis
1334 624 1521 656 Ruralibus
1552 624 1858 666 Ecclesiammque

468 669 685 708 Rectoribus,
703 669 888 720 Perpetuis
904 668 1064 707 vicariis,
1082 671 1118 700 et
1135 668 1343 700 Presbiteris
1359 669 1631 708 Parochialibus‚
1647 671 1722 700 tam
1738 671 1858 700 nostre

467 714 658 745 Peculiaris
674 724 779 754 quam
796 714 907 744 eciam
923 713 1225 745 Archidiaconalis
1248 713 1269 744 J
1271 713 1522 752 urisdiccioms
1547 715 1748 744 nostrarum
1766 707 1858 745 Civi-

467 758 552 789 tatis
577 760 613 789 et
639 758 806 796 Diocesis,
835 758 995 796 salutem,
1022 760 1132 789 etc.—
1093 757 1320 797 —Quoniam,
1351 759 1392 788 ut
1423 758 1473 789 ait
1504 757 1704 798 Apostolus,
1736 758 1858 789 Omnes

468 803 632 833 stabimus
649 805 728 832 ante
747 803 790 832 Tr
793 802 912 832 ἱὸνπαῑ
932 802 1000 834 Chr
1003 802 1069 839 isti,
1083 805 1236 841 vweceptur
1239 802 1250 831 ι’
1263 805 1365 840 prout
1389 802 1427 832 in
1451 812 1584 841 corpore
1599 802 1772 841 gessimus,
1788 801 1859 833 sive

470 847 594 877 bonum
611 847 720 886 fuerit
742 847 811 877 sire
833 847 974 885 malum,
995 849 1134 887 oportet
1153 856 1217 877 nos
1240 846 1334 877 diem
1350 846 1535 878 messionis
1550 849 1708 878 extreme
1722 845 1858 878 miseri-

469 891 585 922 cordie
611 891 774 931 operibus
801 891 994 931 prevenire,
1023 901 1064 922 ac
1091 894 1294 922 eternorum
1321 891 1455 922 intuitu
1486 891 1659 923 seminare
1689 891 1726 922 in
1753 890 1859 923 terris

469 936 570 976 quod,
589 936 758 966 reddente
775 936 936 974 Domino,
954 946 1034 967 cum
1051 935 1285 976 multiplicato
1301 935 1432 975 fructu,
1448 935 1652 976 recolligere
1668 935 1859 967 debeamus

470 981 506 1011 in
524 980 627 1019 Celis,
645 981 783 1011 firmam
801 990 899 1021 spem
915 980 1148 1020 fiduciamque
1165 982 1348 1018 tenentes3
1373 980 1539 1020 quoniam
1561 980 1620 1018 qui
1638 990 1740 1019 parce
1761 979 1858 1011 semi-

468 1028 529 1055 nat
537 1035 637 1064 parce
653 1028 684 1055 et
700 1027 807 1063 metet,
819 1028 851 1055 et
867 1025 925 1063 qui
941 1024 1086 1055 seminat
1102 1025 1138 1054 in
1157 1024 1447 1055 benediccionibus
1464 1025 1504 1055 de
1521 1024 1811 1055 benediccionibus
1826 1026 1859 1055 et

469 1072 567 1100 metet
594 1069 700 1100 vitam
727 1072 886 1100 eternam.
946 1069 1045 1107 Cum,
1072 1069 1191 1109 igitur,
1220 1069 1265 1099 ad
1296 1069 1595 1100 sustentacionem
1627 1069 1791 1100 Fratrum
1822 1069 1860 1100 et

469 1124 659 1153 egenorum
678 1113 874 1154 Hospitalis
892 1113 1011 1144 Sancti
1030 1113 1181 1153 Spiritus
1198 1113 1240 1144 de
1258 1113 1354 1144 Urbe
1372 1113 1530 1144 Romana
1541 1113 1680 1154 proprie
1693 1123 1764 1144 non
1779 1123 1859 1154 sup-

468 1161 594 1199 petant
617 1158 816 1196 facultates,
840 1158 1117 1189 Universitatem
1141 1159 1295 1189 vestram
1317 1168 1501 1189 monemus
1524 1160 1560 1189 et
1579 1158 1616 1188 in
1638 1157 1788 1189 Domino
1803 1167 1859 1189 ex—

469 1203 662 1241 hortamur,
680 1204 785 1243 atque
802 1202 838 1233 in
854 1204 1051 1233 vestrorum
1075 1202 1318 1233 remissionem
1342 1202 1440 1233 vobis
1463 1201 1682 1243 injungimus
1700 1203 1859 1242 peccato-

468 1258 558 1286 rum,
575 1247 750 1288 quatinus,
768 1257 847 1278 cum
863 1249 1108 1287 procuratores
1125 1257 1186 1278 seu
1202 1246 1275 1277 veri
1292 1246 1411 1277 nuncii
1428 1246 1514 1277 dicti
1528 1246 1723 1286 Hospitalis
1739 1245 1861 1278 Sancti

472 1292 633 1332 Spiritus,
650 1294 832 1332 presentes
848 1293 988 1322 nostras
1005 1291 1142 1322 Literas
1158 1291 1373 1329 exhibentes,
1390 1291 1436 1321 ad
1450 1301 1513 1322 vos
1529 1300 1591 1322 seu
1608 1290 1783 1322 Ecclesiae
1797 1294 1861 1322 aut

471 1337 562 1367 Loca
586 1339 706 1367 vestra
733 1335 955 1374 accesserint,
982 1336 1154 1366 Fidelium
1178 1335 1387 1366 elemosinas
1403 1335 1448 1366 ad
1464 1335 1761 1366 sustentacionem
1776 1344 1860 1375 pau-

470 1391 594 1421 perum
618 1382 654 1411 et
678 1381 898 1411 infirmorum
922 1380 958 1410 in
982 1380 1076 1411 dicto
1102 1379 1279 1420 Hospitali
1294 1379 1352 1420 pie
1368 1379 1575 1419 degencium
1591 1379 1751 1420 petituri,
1766 1379 1862 1420 ipsos

470 1425 515 1456 ad
532 1425 597 1456 hoc
614 1425 858 1456 favorabiliter
873 1425 1082 1462 admittatis,
1102 1424 1291 1463 Privilegia
1306 1426 1342 1455 et
1359 1424 1608 1464 Indulgencias
1629 1424 1744 1455 eidem
1772 1423 1860 1455 Hos-

470 1470 571 1510 pitali
597 1470 664 1500 rite
690 1479 856 1500 concessa
883 1469 920 1500 in
943 1469 1126 1509 Capitulis,
1145 1468 1294 1507 Sinodis,
1313 1468 1666 1509 Congregacionibus,
1684 1467 1860 1507 Ecclesiis‚

471 1516 507 1545 et
534 1514 685 1554 Capellis
712 1514 813 1545 Clero
841 1516 876 1544 et
903 1514 1033 1554 populo
1059 1513 1158 1544 vobis
1186 1513 1382 1544 commissis
1406 1513 1600 1553 vulgariter
1615 1512 1807 1553 exponatis,
1823 1514 1862 1544 et

471 1558 613 1590 eosdem
630 1569 803 1598 exponere
820 1557 937 1588 debite
959 1557 1185 1598 permittatis,
1213 1557 1431 1598 temporibus
1454 1557 1640 1596 consuetis,
1661 1557 1779 1588 Missis
1797 1556 1860 1588 mi-

472 1603 616 1634 noribus
634 1603 866 1643 Fratrumque
883 1602 1194 1642 predicacfflnibus,
1209 1612 1250 1633 ac
1265 1602 1427 1633 omnibus
1443 1601 1521 1641 aliis
1537 1601 1701 1642 negociis,
1718 1601 1861 1633 interim

472 1647 692 1679 cessantibus
722 1649 758 1678 et
790 1646 978 1687 suspensis,
1004 1647 1114 1678 donec
1145 1646 1268 1678 eadem
1299 1646 1446 1686 negocia
1475 1645 1610 1677 fuerint
1640 1646 1799 1686 exposita
1824 1647 1862 1677 et

472 1692 627 1733 plenarie
641 1692 751 1722 eciam
763 1691 942 1731 expedita„-
959 1691 1054 1729 dum,
1063 1693 1194 1729 tamen,
1203 1693 1370 1721 contenta
1382 1691 1419 1721 in
1432 1690 1560 1722 Literis
1570 1690 1781 1730 Apostolicis
1790 1700 1861 1721 non

473 1737 654 1767 excedant.
694 1736 914 1774 Mandantes,
928 1735 1082 1775 insuper,
1093 1738 1170 1774 etc.‚
1184 1735 1360 1775 quatinus,
1373 1735 1410 1765 in
1419 1734 1588 1775 proximis
1601 1734 1774 1775 Capitulis
1782 1736 1863 1775 post

475 1782 618 1812 Festum
636 1780 843 1811 Nativitatis
861 1780 969 1810 Beate
987 1780 1097 1811 Marie
1114 1779 1270 1819 Virginis
1290 1779 1449 1819 proximo
1470 1789 1564 1810 nunc
1579 1778 1750 1818 futurum,
1766 1779 1861 1820 ipsos

472 1827 716 1866 procuratores
733 1835 795 1855 seu
810 1834 911 1855 veros
927 1824 1074 1855 nuncios
1099 1824 1293 1864 Hospitalis
1313 1823 1473 1864 predicti,
1497 1823 1624 1855 ceteris
1639 1823 1862 1864 questoribus

473 1870 750 1911 quibuscumque
777 1869 837 1899 illa
864 1869 939 1899 vice
965 1869 1150 1899 dumtaxat
1178 1868 1337 1907 exclusis,
1365 1868 1529 1908 precipue
1560 1867 1768 1899 admittatis.
1814 1867 1861 1899 Et

473 1914 638 1955 quicquid
648 1914 706 1954 pia
722 1913 864 1944 devocio
883 1913 1055 1944 Fidelium
1071 1913 1202 1944 eisdem
1215 1912 1501 1952 procuratoribus
1517 1922 1579 1944 seu
1594 1911 1731 1944 nunciis
1746 1911 1860 1944 inhw

473 1961 573 1998 parte
590 1958 729 1989 duxerit
745 1957 997 1988 conferendum
1014 1967 1075 1988 seu
1091 1957 1290 1997 legandum,
1304 1957 1378 1987 sine
1395 1956 1631 1988 diminucione
1643 1965 1860 1998 quacumque

474 2003 614 2034 faciatis
631 2002 793 2033 celeriter
809 2002 951 2032 liberari
971 2000 1055 2041 [sub
1074 2001 1173 2041 penis
1195 2001 1232 2031 in
1256 2001 1383 2031 Literis
1406 2001 1617 2041 Apostolicis
1633 2001 1858 2041 comprehen-

474 2045 566 2087 sis].¹
613 2047 794 2085 Volumus,
811 2048 941 2084 autem,
958 2046 1050 2086 quod
1066 2048 1247 2085 questores
1266 2045 1409 2076 Fabrice
1427 2045 1581 2076 Ecclesie
1596 2046 1716 2076 nostre
1732 2044 1858 2075 Exoni-

474 2092 578 2130 ensis,
606 2093 763 2131 tempore
789 2090 1100 2129 Quadragcsimali,
1117 2090 1298 2130 questibus
1314 2089 1392 2120 aliis
1407 2091 1492 2120 tunc
1508 2089 1736 2127 cessantibus,
1752 2088 1858 2130 privi-

474 2136 566 2176 legio
582 2136 760 2175 gaudeant
776 2135 955 2174 singulari.
1003 2134 1228 2165 Presentibus
1251 2144 1314 2174 per
1336 2133 1516 2164 biennium
1533 2143 1554 2164 a
1569 2133 1653 2164 data
1667 2133 1858 2164 earundem

473 2180 719 2211 tantummodo
735 2179 924 2210 duraturis.
971 2179 1027 2217 Et,
1043 2180 1084 2209 ut
1100 2178 1144 2209 ad
1160 2178 1331 2218 premissa
1353 2181 1472 2208 vest-ra
1495 2177 1637 2209 devocio
1652 2177 1859 2218 propensius

474 2225 657 2262 excitetur,
684 2225 726 2254 de
752 2223 816 2254 Dei
838 2222 1098 2263 Omnipotentis
1119 2222 1357 2254 misericordia
1377 2224 1413 2253 et
1430 2222 1638 2253 Beatissime
1656 2221 1765 2253 Marie
1781 2221 1859 2253 Vir·

474 2269 575 2309 ginis,
594 2269 718 2299 Matris
736 2268 814 2306 Sue,
830 2278 965 2298 necnon
984 2267 1172 2298 Beatorum
1189 2266 1437 2306 Apostolorum
1450 2266 1545 2297 Petri
1558 2268 1594 2298 et
1610 2266 1721 2306 Pauli,
1737 2266 1858 2297 Patro-

474 2324 598 2344 norum
627 2315 838 2351 nostrorum,
863 2312 1095 2352 Omniumque
1123 2311 1331 2342 Sanctorum
1359 2310 1494 2342 meritis
1517 2313 1554 2341 et
1575 2310 1738 2350 precibus
1753 2310 1858 2342 confl-

475 2358 609 2396 dentes,
637 2357 799 2388 omnibus
825 2356 1048 2396 parochianis
1072 2356 1212 2394 nostris,
1241 2355 1283 2386 de
1310 2355 1464 2395 peccatis
1491 2355 1564 2386 suis
1587 2364 1669 2386 vere
1686 2353 1858 2393 contritis,

475 2402 726 2442 penitentibus,
755 2403 790 2431 et
816 2400 996 2439 confessis,
1015 2400 1074 2440 qui
1100 2400 1142 2430 de
1169 2400 1270 2430 bonis
1297 2399 1370 2430 suis
1394 2399 1439 2430 ad
1457 2399 1653 2439 predictum
1672 2398 1859 2439 Hospitale

475 2446 689 2477 contulerint
716 2445 942 2485 quovismodo
970 2444 1164 2475 subsidium
1189 2444 1357 2482 caritatis,
1381 2443 1617 2484 quadraginta
1640 2443 1715 2474 dies
1739 2443 1783 2474 de
1806 2442 1857 2474 in·

474 2491 607 2531 junctis
630 2491 681 2521 cis
704 2489 912 2530 penitenciis
936 2488 1210 2520 misericorditer
1232 2488 1268 2518 in
1285 2487 1435 2518 Domino
1450 2487 1656 2519 relaxamus.
1704 2487 1760 2526 Et,
1776 2486 1859 2528 quia

475 2534 720 2573 intelleximus,
732 2533 887 2574 factique
900 2533 1119 2573 experiencia
1135 2532 1378 2572 comperimus,
1395 2532 1486 2572 quod
1502 2531 1661 2562 nonnulli
1677 2533 1859 2572 questores

476 2579 677 2620 hujusmodi
694 2588 773 2610 cum
789 2578 889 2609 falsis
904 2580 940 2608 et
957 2577 1049 2608 fictis
1066 2577 1203 2615 Literis,
1220 2576 1344 2616 sigillis
1366 2576 1549 2607 fabricatis
1564 2586 1631 2617 que
1646 2578 1768 2607 nostra
1782 2585 1859 2607 esse

476 2623 692 2654 mendaciter
718 2623 880 2653 asserunt
908 2621 1080 2661 sigillatis,
1108 2621 1238 2651 multas
1259 2621 1445 2651 abusiones
1460 2620 1669 2661 ubicumque
1684 2620 1722 2651 in
1737 2621 1859 2652 nostra

476 2667 624 2705 Diocesi,
647 2667 683 2697 in
707 2667 905 2698 animarum
928 2665 1184 2705 decepcionem,
1197 2667 1237 2696 ut
1251 2665 1436 2705 pecuniam
1452 2667 1488 2695 et
1504 2664 1574 2696 alia
1588 2664 1680 2695 bona
1695 2675 1717 2696 a
1731 2663 1860 2705 populo

475 2714 680 2752 extorquere
710 2711 862 2748 valeant,
892 2710 1075 2750 predicant
1105 2712 1142 2740 et
1172 2711 1392 2750 proponunt;
1424 2709 1623 2740 inhibemus
1653 2708 1762 2748 vobis,
1794 2707 1860 2740 sub

476 2756 595 2787 debito
622 2755 841 2793 obediencie,
865 2765 909 2785 ne
930 2754 1082 2794 aliquem
1098 2754 1143 2784 ad
1165 2756 1327 2794 questum
1347 2753 1547 2794 hujusmodi
1564 2733 1775 2792 facienduni,
1791 2751 1860 2784 nisi

477 2810 577 2831 veros
601 2800 748 2830 nuncios
776 2809 836 2830 seu
862 2801 1106 2839 procuratores
1135 2797 1329 2838 Hospitalis
1357 2797 1477 2828 Sancti
1503 2797 1654 2837 Spiritus
1680 2795 1860 2835 antedicti,

477 2855 542 2876 nec
558 2845 668 2875 eciam
686 2844 763 2874 illos
780 2843 808 2874 si
826 2845 964 2873 nostras
982 2843 1128 2881 Literas,
1145 2852 1228 2874 vero
1245 2842 1359 2882 sigillo
1382 2844 1502 2872 nostro
1525 2841 1681 2872 munitas
1697 2841 1860 2882 anulique

414 2945 422 2966 ¹
449 2948 522 2978 The
539 2947 654 2978 words
671 2946 796 2977 within
815 2946 980 2977 brackets
997 2945 1087 2976 have
1103 2944 1191 2976 been
1209 2944 1451 2976 cancelled-“
1465 2954 1509 2976 va
1533 2968 1674 2976 .....
1698 2943 1788 2978 cutJ’

1980 448 1988 486 22⁴
1979 315 1988 430 „un-..sa-
1977 125 1988 309 mant...-
1961 0 1988 117 adm
