1988 3256
462 319 750 353 REGISTRUM
776 316 1238 352 commune—Anno
1274 306 1364 350 13⁰.
1577 306 1673 350 493

124 421 160 448 Α·
165 420 202 448 D·
239 423 332 454 John
359 423 493 461 Stoute,
522 423 664 461 descen,
690 421 763 452 “ad
789 420 935 452 Sacrum
961 420 1221 451 Presbiteratus
1248 418 1444 449 Ordinem’'
1474 416 1601 459 (Clyst,
1631 418 1672 448 15

126 456 201 515 ilol.
205 487 226 515 1.

282 466 413 508 April).

125 522 184 553 [s0¹·
234 521 318 559 The
342 520 585 571 Expedition
604 492 647 558 of
665 519 734 557 the
750 518 894 569 Bishop
913 518 956 556 of
975 486 1165 556 Norwich
1185 517 1346 567 against
1365 516 1435 554 the
1454 515 1673 554 adherents

128 556 172 582 eb.
177 555 194 586 1¹

289 575 332 613 of
358 575 428 613 the
448 575 560 613 Anti·
548 587 685 625 -pope;
715 574 959 611 Mandatum
977 571 1272 621 Archiepiscopi
1298 578 1344 608 uc
1357 570 1622 620 processiones
1639 577 1674 607 et

289 629 490 667 oraciones
508 628 619 678 fiant
641 642 718 677 pro
733 627 854 676 felici
891 626 1138 676 empedicione
1175 625 1363 675 Episcopi
1392 624 1670 671 Norwicensis,

292 683 526 722 Cruciatam
545 697 571 720 a
590 683 686 720 Sede
705 681 929 731 Apostolica
947 680 1024 718 sibi
1043 693 1260 718 concessam
1279 686 1417 717 contra
1436 679 1674 716 scismaticos

288 737 528 784 excercentis,
550 751 641 774 cum
660 735 928 786 Indulyencia
947 735 1119 784 ejusdem
1138 733 1500 783 Archiepiscopi,—

239 815 404 846 Directed
429 818 466 846 to
494 814 554 845 the
580 814 710 854 Bishop
733 813 770 844 of
794 813 949 851 Londou,
966 813 1046 843 who
1069 815 1147 843 sent
1173 821 1194 842 a
1219 822 1308 852 copy
1331 814 1368 842 to
1393 811 1454 841 the
1483 811 1613 851 Bishop
1637 810 1674 841 of

130 1124 188 1156 [sol.
204 1124 241 1155 ’Μ

286 860 424 898 Exeter,
440 859 532 890 from
556 858 742 900 Wykham,
769 858 810 888 16
834 857 1066 898 April,——Rex
1089 857 1266 896 pacificus,
1284 855 1445 886 Christus
1468 855 1606 894 Jhesus,
1631 856 1674 886 de

285 904 350 935 hoc
367 904 498 934 mundo
513 903 728 934 transiturus
744 903 789 933 ad
806 902 959 941 Patrem,
977 901 1147 941 discipulo
1161 900 1230 931 Suo
1247 901 1362 938 Petro,
1373 900 1514 940 suisque
1532 900 1673 930 Succes-

286 949 432 987 soribus,
449 958 531 979 oves
547 957 629 979 suas
643 947 838 987 pascendas
854 946 1039 984 commisit,
1057 955 1097 976 ac
1114 945 1275 976 omnibus
1293 945 1424 975 Electis
1449 944 1528 975 Suis
1551 954 1673 984 pacem

286 996 322 1023 et
347 993 521 1023 unitatem
546 992 714 1032 precipue
736 990 1006 1028 commendavit,
1023 993 1063 1021 ut
1090 999 1154 1030 per
1173 989 1435 1022 observenciam
1462 989 1559 1029 pacis
1586 991 1673 1019 tem-

284 1037 415 1077 poralis
430 1037 466 1067 in
482 1037 657 1067 unitatem
676 1036 773 1066 Fidei
789 1037 1024 1073 occurrerent,
1037 1035 1072 1065 in
1085 1034 1200 1065 virum
1215 1034 1424 1076 perfectum,
1437 1037 1474 1064 et
1490 1034 1535 1063 ad
1550 1043 1674 1073 pacem

285 1082 528 1122 pertingerent
551 1081 825 1120 sempiternam;
849 1079 950 1120 quod,
967 1079 1099 1119 utique,
1124 1078 1210 1109 satis
1233 1078 1431 1116 advertens,
1448 1078 1593 1108 humani
1617 1087 1674 1117 ge-

287 1126 383 1156 neris
399 1126 509 1156 hostis
525 1125 701 1165 antiquus,
717 1125 776 1164 qui
793 1134 856 1155 sua
872 1124 1087 1155 dissensione
1102 1133 1225 1163 pacem
1249 1125 1286 1153 et
1308 1122 1509 1164 universam
1534 1132 1674 1152 concor-

286 1171 380 1201 diam
397 1170 592 1201 Nacionum
615 1179 753 1209 semper
775 1168 906 1209 satagit
929 1168 1070 1206 violare,
1087 1167 1185 1208 quasi
1208 1167 1373 1197 universa
1395 1166 1518 1197 mundi
1543 1167 1675 1206 Regna,

286 1224 350 1245 sua
364 1215 534 1253 versucia,
551 1214 596 1244 ad
612 1223 758 1253 guerras
773 1215 810 1243 et
834 1212 1025 1243 discordias
1049 1212 1242 1250 suscitavit,
1259 1214 1295 1242 et
1319 1211 1463 1241 tandem
1487 1211 1675 1241 nonnullas

287 1259 440 1290 Ecclesie
457 1259 672 1298 columpnas,
690 1257 882 1288 Robertum
898 1257 1072 1295 videlicet,
1090 1256 1173 1287 olim
1191 1256 1340 1286 Basilice
1366 1255 1558 1286 Duodecim
1583 1255 1674 1295 Apo-

286 1303 466 1342 stolorum,
477 1303 671 1343 vulgariter
680 1302 813 1332 diotum
828 1300 1135 1339 Gebennensem,J
1137 1300 1323 1339 ohannem,
1337 1300 1418 1330 olim
1433 1300 1539 1330 Tituli
1555 1299 1674 1330 Sancti

288 1348 454 1386 Marcelli,
471 1347 666 1387 vulgariter
681 1347 814 1377 dictum
830 1345 1116 1383 Ambianensem,
1131 1344 1331 1382 Genucium,
1349 1344 1431 1374 olim
1448 1343 1555 1374 Tituli
1570 1343 1674 1375 Sanc-

286 1392 313 1422 ti
347 1391 548 1430 Clementis,
579 1391 774 1431 vulgariter
811 1390 945 1421 dictum
981 1387 1340 1430 Majorismoniisterii,
1374 1388 1601 1426 Presbiteros,
1638 1392 1674 1419 et

286 1436 476 1476 dampnate
499 1436 666 1466 memorie
691 1435 846 1473 Petrum,
863 1434 946 1465 olim
973 1434 1093 1465 Sancti
1118 1433 1299 1464 Eustachii
1323 1433 1531 1471 Diaconum,
1549 1432 1670 1464 Cardi-

286 1480 393 1519 nales,
410 1480 505 1510 intra
521 1482 682 1510 materna
698 1479 834 1510 viscera
849 1479 991 1519 positos,
1008 1478 1045 1508 in
1062 1488 1203 1509 sensum
1220 1477 1407 1518 reprobum
1424 1481 1460 1508 et
1477 1480 1674 1507 tortuosum

285 1524 458 1564 laqueum,
489 1525 534 1554 ad
565 1524 794 1555 scindendum
826 1523 1072 1554 inconsutilem
1104 1522 1261 1553 tunicam
1298 1521 1439 1552 Domini
1469 1524 1505 1552 et
1546 1521 1674 1552 Sancte

286 1569 410 1599 Matris
434 1568 588 1599 Ecclesie
612 1568 797 1606 unitatem,
829 1577 893 1598 sua
915 1567 1033 1598 fallaci
1058 1567 1251 1597 calliditate
1275 1566 1448 1597 subvertit
1472 1566 1508 1596 in
1533 1568 1674 1596 tantum

284 1613 386 1653 quod,
403 1615 482 1652 post
498 1612 611 1642 multa
626 1612 784 1643 enormia
798 1621 863 1651 per
878 1612 990 1642 dictos
1004 1611 1196 1642 Robertum
1213 1613 1249 1641 et
1266 1611 1352 1641 alios
1369 1610 1451 1641 olim
1470 1610 1675 1641 Cardinales

284 1660 408 1687 contra
432 1657 626 1687 Romanam
651 1656 843 1687 Ecclesiam
867 1658 904 1686 et
927 1655 1107 1686 vicarium
1131 1655 1274 1693 Christi,
1299 1655 1488 1685 Dominum
1513 1657 1674 1685 nostrum

286 1701 418 1741 Papam
435 1701 618 1732 Urbanum
637 1700 792 1738 Sextum,
809 1700 946 1730 notorie
961 1702 1175 1740 perpetrata,
1193 1699 1447 1730 descendentes
1470 1699 1507 1729 in
1530 1699 1673 1739 profun-

286 1745 370 1776 dum
395 1745 577 1783 malorum,
601 1745 750 1785 predicti
774 1744 963 1782 Johannes,
990 1744 1171 1782 Geraldus,
1196 1746 1232 1774 et
1256 1743 1392 1782 Petrus,
1417 1743 1510 1782 olim,
1535 1746 1574 1773 ut
1597 1753 1675 1783 pre-

287 1790 452 1828 mittitur,
467 1789 680 1827 Cardinales,
697 1789 875 1829 prefatum
900 1788 1092 1819 Robertum
1116 1791 1249 1818 temere
1272 1787 1433 1827 eligendo
1449 1787 1675 1827 Antspapam,

287 1844 407 1875 ymmo
422 1834 539 1864 verius
562 1833 831 1871 Antichristum,
847 1832 1019 1871 fecerunt,
1036 1835 1072 1863 et
1095 1833 1209 1872 ipsum
1235 1832 1367 1872 Papam
1390 1832 1572 1862 nominare
1588 1841 1677 1862 ausu

289 1878 459 1918 sacrilego
474 1880 786 1918 presumpserunt3
810 1877 952 1918 ipseque
977 1877 1150 1907 Robertus
1174 1886 1211 1907 se
1235 1876 1367 1916 Papam
1390 1876 1572 1907 nominare
1588 1886 1677 1907 ausu

289 1923 478 1953 temerario
493 1932 563 1953 non
580 1922 730 1961 erubuit,
747 1932 812 1952 nec
828 1921 1014 1952 erubescit.
1062 1921 1116 1960 Et,
1133 1921 1216 1952 licet
1240 1921 1411 1951 Dominus
1434 1923 1563 1959 noster,
1581 1920 1677 1961 Papa

290 1967 455 1998 Urbanus
470 1967 660 2007 predictus,
671 1966 764 2006 apud
780 1975 840 1996 eos
855 1966 968 2006 primo
980 1965 1142 2006 precibus
1158 1968 1194 1996 et
1210 1965 1367 2005 paternis
1383 1965 1537 2004 monitis,
1549 1965 1675 1996 deinde

289 2011 454 2051 gravibus
482 2011 704 2042 Processibus
731 2010 923 2050 spiritualis
947 2010 1066 2050 gladii,
1090 2012 1164 2040 tam
1190 2012 1313 2040 contra
1339 2019 1399 2040 eos
1423 2019 1527 2050 quam
1555 2019 1675 2040 eorum

290 2055 476 2095 complices
499 2055 614 2094 factis,
630 2055 819 2093 insteterit,
835 2064 899 2094 pro
922 2054 1077 2094 ipsorum
1100 2054 1308 2085 reduccione
1331 2056 1368 2084 et
1390 2053 1677 2084 reconciliacione

290 2099 440 2137 salubri3
457 2100 574 2138 iidem,
591 2102 722 2137 tamen,
739 2099 932 2129 Pharaonis
955 2099 1138 2130 imitantes
1153 2098 1334 2136 duriciam,
1352 2098 1558 2128 obturantes
1579 2108 1676 2128 more

290 2144 421 2183 aspidis
443 2153 546 2175 aures
569 2153 660 2182 suas,
684 2143 778 2174 elata
801 2143 1040 2174 obstinacione
1064 2152 1184 2182 preces
1207 2145 1244 2173 et
1267 2142 1402 2173 monita
1425 2152 1466 2173 ac
1490 2142 1677 2173 Processus

291 2188 491 2228 hujusmodi
508 2188 752 2227 despexerunt.
784 2187 887 2218 Unde
903 2187 996 2217 idem
1013 2187 1183 2217 Dominus
1200 2187 1304 2226 Papa,
1321 2196 1392 2217 non
1409 2187 1530 2217 valens
1545 2186 1676 2227 absque

291 2232 390 2270 gravi
421 2231 554 2262 offensa
586 2231 728 2270 Christi,
757 2231 866 2272 Cujus
896 2231 1007 2262 vicem
1040 2231 1132 2271 gerit
1163 2231 1199 2261 in
1231 2231 1345 2269 terris,
1376 2234 1517 2261 tantum
1549 2231 1677 2261 scisma

290 2279 476 2316 tantasque
491 2276 696 2316 iniquitates
711 2275 862 2316 amplius
877 2275 1051 2314 tollerare,
1068 2278 1191 2306 contra
1206 2285 1265 2306 eos
1281 2278 1317 2305 et
1333 2285 1453 2305 eorum
1478 2275 1675 2315 complices,

290 2320 326 2350 in
343 2320 590 2350 exterminium
606 2323 679 2350 tam
696 2320 814 2359 gravis
830 2320 1015 2357 scismatis,
1026 2319 1173 2359 cogit-ur,
1186 2322 1334 2359 urgente
1350 2329 1430 2349 eum
1447 2319 1675 2358 consciencia,

290 2364 483 2395 materialis
514 2364 622 2403 gladii
652 2365 787 2403 erigere
817 2366 1041 2404 potestatem,
1066 2366 1106 2394 ut
1136 2364 1219 2394 belli
1249 2364 1359 2403 pestis
1384 2363 1566 2394 interimat
1590 2373 1676 2403 quos

290 2408 534 2448 delinquentes
549 2408 595 2438 ad
610 2408 832 2439 rectitudinis
848 2408 941 2438 viam
959 2408 1206 2438 Ecclesiastica
1221 2417 1291 2438 non
1315 2410 1456 2438 revocat
1481 2407 1675 2447 disciplina.

292 2452 348 2491 Et,
364 2453 446 2492 quia
461 2452 591 2482 bellum
608 2452 743 2491 geritur
758 2455 798 2482 ut
813 2462 882 2492 pax
897 2452 1113 2492 adquiratur,
1127 2452 1242 2482 dictus
1258 2452 1428 2482 Dominus
1444 2454 1566 2482 noster
1581 2451 1677 2491 Papa

291 2496 492 2527 Venerabili
519 2496 633 2527 Fratri
657 2499 788 2535 nostro,
806 2496 956 2526 Domino
981 2496 1134 2527 Hem-ico
1155 2494 1206 2536 [le
1223 2494 1452 2536 Despenser],
1471 2496 1533 2526 Dei
1557 2496 1677 2535 gracia

292 2541 518 2581 Norwycensi
551 2540 731 2580 Episcopo,
760 2543 883 2571 contra
914 2540 1026 2571 dictos
1057 2540 1273 2571 scismaticos
1303 2543 1339 2570 et
1369 2550 1491 2570 eorum
1518 2540 1676 2570 fautores

291 2585 467 2624 quandam
492 2584 692 2615 Cruciatam
716 2584 900 2622 commisit,
917 2594 980 2624 per
996 2584 1198 2624 Apostolica
1222 2584 1359 2624 Scripta
1383 2584 1543 2615 districte
1566 2584 1675 2624 preci-

291 2629 418 2668 piendo
433 2629 525 2668 quod
547 2629 640 2659 idem
657 2628 876 2659 Venerabilis
901 2629 1026 2659 Frater
1048 2631 1177 2667 noster,
1194 2628 1275 2659 fidei
1299 2628 1442 2659 loricam
1467 2629 1617 2658 induens
1640 2632 1676 2658 et

290 2673 446 2712 gladium
471 2672 632 2712 Spiritus,
648 2673 740 2713 quod
763 2675 817 2703 est
833 2672 988 2703 Verbum
1013 2673 1087 2711 Dei,
1105 2682 1296 2710 assumens,
1314 2675 1437 2703 contra
1460 2672 1676 2703 scismaticos

290 2719 326 2747 et
343 2717 407 2747 Dei
420 2726 462 2747 ac
478 2716 566 2757 Ejus
583 2716 711 2748 Sancte
729 2716 907 2747 Ecclesie
898 2717 1066 2755 inimicos,
1080 2698 1119 2747 ²et
1135 2717 1185 2748 eis
1208 2716 1370 2747 faventes
1393 2719 1429 2746 et
1453 2716 1674 2755 adherentes,

289 2760 516 2791 iehementer
531 2761 710 2800 insurgat3
733 2761 890 2800 graciose
905 2761 1099 2792 concedens
1109 2761 1201 2801 quod
1211 2771 1331 2791 omnes
1347 2763 1383 2791 et
1400 2760 1527 2800 singuli
1545 2742 1677 2791 Christi
1706 2757 1710 2760 ’

137 2855 235 2887 ¹The
273 2857 447 2897 marginal
485 2856 683 2888 references
716 2857 869 2889 indicate
983 2857 1133 2897 ginning
1162 2856 1199 2887 of
1228 2857 1290 2887 the
1322 2857 1484 2896 Register
1514 2856 1552 2886 of
1575 2856 1675 2888 Com-

181 2901 315 2933 certain
342 2901 444 2933 folios
467 2901 586 2932 bound
608 2901 644 2932 in
667 2904 706 2934 at
729 2901 790 2932 the
812 2901 869 2932 be-
983 2901 1156 2942 missions,
1172 2901 1243 2931 and
1263 2901 1456 2932 numbered
1478 2900 1676 2933 therewith.
