1988 3256
271 350 367 400 342

274 463 348 498 AJ').

263 504 349 531 4374.

275 538 338 564 Vol.
353 539 378 566 Ι.

481 368 584 401 THE
619 368 862 403 REGISTER
897 369 959 402 OF
994 368 1173 402 BISHOP
1207 367 1609 402 BRANTYNGHAM.

420 474 511 514 quod
534 477 751 515 compareant,
773 484 885 505 coram
908 473 1065 511 Domino,
1085 473 1138 504 vel
1161 473 1265 514 ipsius
1283 473 1536 513 Commissariis,
1553 484 1621 506 uno
1639 474 1690 506 vel
1712 474 1815 516 pluri-

426 518 500 556 bus,
527 518 582 549 die
609 519 705 549 Lune
731 518 884 558 proximo
913 521 991 557 post
1016 517 1158 548 Festum
1187 517 1414 549 Exaltacionis
1446 518 1569 550 Sancte
1593 518 1720 557 Crucis,
1745 517 1817 550 ubi-

426 571 572 602 cumque
595 561 711 600 fuerit,
726 565 802 599 etc,
818 561 861 592 ad
885 560 1141 601 proponendum
1163 571 1279 592 causas
1301 560 1527 601 racionabiles,
1543 561 1572 593 si
1594 572 1678 602 quas
1700 572 1761 602 pro
1783 571 1819 593 se

425 606 582 644 habeant,
594 615 697 646 quare
711 615 772 645 pro
787 604 943 645 capcione
959 614 1137 644 corporum
1153 604 1346 641 earundem,
1360 614 1400 635 eo
1415 605 1506 645 quod
1520 615 1579 646 per
1593 605 1818 646 quadraginta

426 649 497 680 dies
512 652 548 680 et
563 649 708 689 amplius
723 649 758 679 in
775 647 1141 679 Excommunicacionis
1164 647 1301 689 Majoris
1326 648 1504 680 Sentencia
1525 648 1685 680 indurato
1706 648 1820 680 animo

427 692 650 734 perstiterint,
674 691 777 732 Regie
800 691 974 732 Majestati
999 691 1098 722 scribi
1122 691 1260 722 minime
1283 691 1415 723 debeat.
1462 692 1508 724 Et
1531 692 1658 724 habent
1674 693 1820 724 eundem

426 737 516 768 diem
532 736 628 767 Lune
644 735 687 766 ad
702 734 956 767 certificandum
973 734 1159 766 Dominum
1174 735 1225 766 vel
1245 735 1498 767 Commissarios
1513 735 1713 767 antedictos.

383 792 480 830 Case
500 791 541 828 of
566 790 752 841 adultery
770 803 779 837 ;
808 790 889 827 Pro
901 789 1077 838 personis
1096 789 1333 835 citandis,—

383 846 484 884 Item,
507 844 634 876 eisdem
656 844 711 875 die
733 846 770 876 et
792 844 873 882 loco,
889 843 1061 875 emanavit
1086 843 1222 883 Citaeio,
1239 843 1369 876 directa
1393 844 1527 875 Decano
1551 844 1821 876 Christianitatis

426 888 555 920 Exonie
571 890 607 920 et
623 887 758 919 Rectori
774 887 921 919 Ecclesie
945 887 1060 918 Sancti
1084 887 1263 918 Pancracii.
1284 887 1438 928 ejusdem
1464 888 1631 927 Civitatis,
1648 888 1692 919 ad
1714 888 1821 920 citan-

426 932 510 963 dum
528 931 712 963 Dominum
730 931 971 971 Randulphum
990 930 1245 969 Birkeshevede,
1262 931 1435 963 Vicarium
1459 931 1606 963 Ecclesie
1621 931 1664 963 de
1682 932 1818 963 Braum-

426 976 522 1007 forde
544 973 713 1016 [-Speke],
742 978 778 1006 et
803 974 992 1013 Elenoram,
1017 984 1158 1005 uxorem
1183 975 1317 1006 Ricardi
1343 976 1443 1016 Pope,
1466 985 1596 1006 necnon
1630 976 1821 1007 Hamonem

425 1019 571 1051 Thomas
587 1023 623 1050 et
639 1019 806 1059 Agnetem
830 1028 970 1050 uxorem
994 1017 1157 1059 ejusdem,
1175 1018 1267 1058 quod
1289 1022 1506 1059 compareant
1528 1029 1639 1050 coram
1665 1019 1819 1058 Domino,

427 1063 481 1094 vel
511 1062 586 1104 ejus
610 1061 856 1100 Oommissario,
880 1062 915 1093 in
940 1061 1089 1092 Manerio
1113 1061 1321 1102 Cryditonie,
1346 1062 1401 1094 die
1426 1062 1544 1093 Martis
1566 1062 1720 1102 proximo
1743 1065 1821 1103 post

426 1107 568 1138 Festum
595 1105 834 1137 Decollacionis
861 1105 978 1137 Sancti
1003 1105 1168 1136 Johannis
1195 1106 1374 1146 Baptiste3
1412 1105 1505 1145 dicti,
1534 1105 1701 1144 videlicet,
1734 1107 1820 1137 lian-

425 1150 574 1190 dulphus
597 1153 633 1180 et
655 1149 798 1180 Elenora
819 1148 1013 1189 responsuri
1035 1158 1137 1189 super
1158 1149 1327 1181 adulterio
1343 1151 1379 1181 et
1394 1149 1526 1181 incestu
1545 1159 1603 1190 per
1618 1149 1763 1189 eosdem,
1780 1153 1822 1181 ut

424 1194 560 1232 dicitur,
573 1193 757 1224 commissis
773 1203 781 1231 ;
797 1192 889 1232 dicti,
901 1202 990 1231 vero,
1005 1192 1115 1223 Hamo
1131 1195 1165 1223 et
1182 1193 1294 1232 Agnes
1310 1203 1410 1234 super
1425 1193 1655 1232 receptacione
1670 1193 1821 1234 ipsorum

423 1239 552 1269 temere
567 1236 602 1268 in
619 1236 773 1278 peccatis.
823 1236 870 1268 Et
886 1236 1013 1267 habent
1029 1236 1120 1267 diem
1135 1236 1328 1276 predictum
1345 1237 1387 1267 ad
1404 1236 1670 1275 certificandum,
1688 1239 1753 1269 etc.

270 1291 345 1319 Sap·
379 1292 463 1330 The
483 1292 729 1330 Submission
749 1292 789 1329 of
809 1287 980 1329 Richard
1003 1290 1270 1336 Prideaux,—-

272 1333 352 1351 TEM-

273 1367 342 1386 πῃ,
379 1347 478 1385 Item,
495 1345 631 1384 ibidem,
647 1346 757 1387 primo
772 1345 827 1376 die
843 1344 1062 1385 Septembris,
1081 1344 1243 1377 Ricardus
1261 1345 1438 1385 Prideaux,
1452 1356 1648 1387 comparens
1664 1356 1820 1387 persona·

275 2559 329 2586 fol.

278 2593 343 2622 ὁδὶ»

423 1390 512 1428 liter,
535 1389 631 1421 flexis
653 1389 818 1429 genubus,
837 1388 1013 1419 humiliter
1035 1398 1055 1419 a
1078 1388 1224 1420 Domino
1247 1390 1349 1430 petiit
1376 1389 1641 1429 Absolucionem,
1666 1400 1705 1421 eo
1728 1390 1820 1431 quod

424 1434 460 1465 in
499 1433 684 1468 Dominum
722 1432 914 1463 Johannem
945 1432 1115 1469 Duraunt,
1148 1432 1325 1464 Rectorem
1366 1433 1512 1464 Ecclesie
1545 1433 1746 1465 Parochialis
1776 1434 1820 1466 de

427 1476 755 1518 Combeyntynhide,
772 1475 807 1507 in
832 1475 979 1507 Ecclesia
1003 1475 1198 1507 Cathedrali
1222 1476 1361 1514 Exonie,
1382 1487 1490 1517 nuper
1513 1487 1633 1508 manus
1654 1477 1820 1510 violentas

426 1524 554 1553 temere
576 1519 704 1561 injecit,
720 1520 753 1551 in
778 1530 856 1551 casu
881 1530 901 1550 a
922 1519 1000 1560 jure
1023 1529 1090 1550 non
1115 1519 1285 1560 permisso,
1303 1519 1394 1551 unde
1416 1520 1450 1551 in
1475 1531 1597 1561 penam
1614 1521 1759 1553 Canonis
1783 1521 1820 1553 Si

427 1563 509 1606 quis,
526 1564 678 1595 suadente
692 1563 828 1603 diabolo,
846 1563 975 1602 incidit,
992 1563 1064 1603 ipso
1080 1562 1170 1593 facto
1186 1573 1194 1601 ;
1219 1566 1357 1604 propter
1371 1564 1461 1604 quod
1478 1564 1630 1605 prefatus
1653 1564 1820 1597 Dominus

427 1611 463 1640 et
478 1608 535 1639 alii
553 1607 712 1640 canonici
728 1607 818 1638 dicte
835 1606 981 1638 Ecclesie
994 1605 1207 1638 Cathedralis
1223 1607 1335 1648 ipsum
1353 1607 1534 1639 Ricardum
1551 1609 1818 1640 excommunica-

426 1654 502 1683 tum
518 1651 591 1683 fore
606 1661 644 1682 ac
660 1661 731 1682 esse
746 1650 781 1682 in
797 1650 916 1681 eadem
934 1650 1082 1681 Ecclesia
1098 1650 1231 1690 publice
1247 1651 1497 1683 denunciarunt
1514 1662 1521 1690 ;
1545 1662 1684 1691 necnon,
1701 1652 1818 1684 Archi-

426 1695 567 1734 diaconi,
584 1705 768 1735 eorumque
786 1693 959 1733 officiales,
976 1704 1015 1725 ac
1030 1693 1134 1725 ceteri
1150 1694 1270 1726 Curati
1293 1694 1326 1725 in
1345 1694 1487 1734 Diocesi,
1506 1705 1567 1736 pro
1590 1696 1819 1728 excommuni-

426 1741 502 1770 cato
533 1738 645 1779 ipsum
675 1738 922 1778 subsequenter
955 1737 1089 1777 publice
1119 1737 1379 1769 denunciarunt.
1427 1738 1650 1780 Prestitaque,
1681 1739 1818 1779 ibidem,

427 1782 584 1814 caucione
607 1782 649 1813 de
664 1782 813 1822 parendo
835 1780 916 1822 juri,
935 1780 1193 1812 Absolucionem
1216 1781 1259 1812 ad
1283 1785 1429 1822 tempus,
1446 1792 1622 1823 quousque
1646 1783 1820 1815 commode

426 1826 565 1858 Curiam
581 1826 768 1856 Romanam
790 1828 903 1865 posset
918 1824 1021 1863 adire,
1040 1824 1206 1856 Dominus
1227 1825 1374 1857 absolvit
1396 1826 1543 1857 eundem
1566 1826 1601 1857 in
1625 1826 1734 1858 forma
1757 1827 1818 1858 Ec-

427 1869 526 1901 clesie
547 1872 716 1900 consueta.
762 1868 811 1899 Ac
837 1878 938 1908 super
962 1868 1025 1899 hoc
1051 1867 1181 1899 Literas
1204 1868 1325 1900 habuit
1347 1868 1492 1900 directas
1517 1870 1650 1901 Decano
1675 1870 1820 1902 Ecclesie

429 1912 642 1945 Cathedralis
665 1912 804 1950 Exonie,
821 1911 1141 1951 Archidiaconisque
1164 1912 1293 1943 Exonie
1308 1915 1344 1943 et
1367 1913 1627 1953 Barnastapolie,
1644 1916 1680 1945 et
1703 1924 1820 1946 eorum

428 1956 659 1994 Officialibus3
692 1956 835 1994 Decano,
859 1955 974 1994 eciam,
1001 1954 1269 1987 Christianitatis
1300 1956 1437 1995 Exonie,
1465 1956 1654 1997 ceterisque
1685 1957 1821 1990 Curatis

428 2011 488 2042 per
504 1999 823 2031 Archidiaconatum
839 1999 980 2037 Exonie,
994 2001 1030 2029 et
1045 1998 1306 2039 Barnastapolie,
1323 1999 1387 2030 sub
1402 2003 1495 2031 certa
1511 2000 1620 2031 forma
1632 2004 1819 2033 contentas.

384 2055 540 2100 Exeter,
564 2054 620 2092 St.
642 2053 666 2091 J
670 2053 808 2091 ames's
828 2053 966 2103 Priory
981 2065 991 2100 3
1012 2049 1221 2104 [Custodia
1240 2051 1517 2106 &questi-23}—

386 2109 485 2148 Item,
502 2108 628 2139 eisdem
650 2107 705 2139 die
727 2109 763 2139 et
779 2107 859 2146 loco,
876 2106 1047 2138 emanavit
1062 2106 1264 2138 Mandatum
1287 2107 1453 2139 directum
1473 2108 1606 2140 Decano
1624 2108 1821 2142 Christiani-

429 2152 512 2184 tatis
535 2151 664 2183 Exonie
685 2161 722 2182 ac
747 2151 882 2182 Rectori
905 2149 1050 2182 Ecclesie
1073 2150 1276 2182 Parochialis
1298 2151 1340 2182 de
1368 2150 1453 2183 Clist
1478 2151 1594 2184 Sancti
1617 2152 1761 2194 Georgii,
1777 2153 1822 2185 ad

428 2195 689 2227 custodiendum
714 2195 936 2235 Sequestrum
962 2194 1202 2234 interpositum
1227 2204 1288 2235 per
1315 2194 1500 2226 Dominum
1526 2195 1561 2227 in
1583 2195 1721 2228 decimis
1744 2207 1821 2237 pro-

429 2239 644 2271 venientibus
671 2238 713 2269 de
740 2238 840 2269 terris
865 2240 902 2269 et
929 2237 1035 2278 pratis
1062 2237 1186 2269 Prioris
1213 2236 1329 2269 Sancti
1355 2238 1481 2278 Jacobi,
1505 2237 1608 2279 juxta
1638 2239 1822 2272 Civitatem

430 2282 568 2321 Exonie,
585 2282 673 2313 inira
688 2281 771 2312 fines
793 2283 830 2313 et
852 2281 977 2312 limites
1001 2280 1160 2312 Parochie
1182 2281 1225 2312 de
1248 2281 1445 2313 Farendone
1467 2282 1703 2322 existentibus,
1720 2294 1822 2325 super

429 2326 553 2367 quibus
563 2326 598 2357 in
609 2325 814 2358 Cancellaria
823 2324 977 2366 ejusdem
988 2324 1124 2355 Domini
1136 2327 1229 2356 mota
1238 2327 1291 2356 est
1302 2325 1529 2357 controversia
1540 2326 1631 2358 inter
1643 2327 1822 2359 Rectorem

429 2370 472 2401 de
488 2369 685 2401 Farendone
694 2368 855 2409 predicta,
868 2379 909 2399 ex
925 2371 1022 2408 parte
1037 2378 1114 2406 una,
1131 2371 1167 2400 et
1182 2369 1355 2409 prefatum
1373 2369 1523 2400 Priorem
1536 2379 1578 2401 ex
1594 2374 1690 2410 parte
1704 2371 1821 2412 altera,

428 2423 606 2454 quousque
627 2412 669 2444 lis
691 2411 903 2453 adquieverit
918 2412 953 2443 in
969 2411 1031 2442 hac
1046 2415 1153 2453 parte,
1170 2422 1231 2453 pro
1247 2422 1327 2453 pace
1342 2415 1379 2444 et
1394 2412 1509 2454 quiete
1525 2413 1682 2446 Parcium
1704 2424 1819 2456 supra-

429 2457 607 2488 dictarum.

639 2498 684 2539 [A
706 2498 810 2530 blank
832 2508 930 2539 space
954 2497 1046 2538 (nine
1067 2497 1166 2538 lines)
1189 2508 1256 2529 was
1278 2498 1342 2530 left
1365 2498 1473 2539 here]

386 2560 470 2598 The
490 2559 586 2598 War
604 2560 645 2597 in
667 2559 815 2597 France
831 2571 842 2606 3
870 2558 1007 2596 Litera
1034 2559 1356 2605 Haemonis,—

386 2614 541 2653 Thomas,
565 2616 639 2652 etc.‚
663 2612 904 2644 Archidiacono
928 2611 1105 2651 cornubie,
1129 2615 1203 2651 etc„
1227 2612 1281 2644 vel
1302 2612 1376 2653 ejus
1399 2612 1552 2650 Officiali,
1577 2614 1732 2654 salutem,
1755 2617 1821 2648 etc.

430 2658 587 2689 Gaudere
613 2666 679 2688 non
703 2656 918 2688 mediocriter
944 2655 1106 2687 debemus
1132 2665 1173 2686 ex
1200 2656 1266 2687 fide
1291 2656 1494 2688 inclitissimi
1521 2657 1693 2698 Principis,
1723 2658 1822 2700 Regis

428 2701 537 2733 nostri
553 2700 711 2732 Edwardi
727 2699 901 2740 presentis,
917 2699 988 2741 qui,
1003 2699 1087 2730 dum
1101 2699 1144 2730 ad
1159 2699 1373 2740 dirigendum
1391 2700 1559 2740 Populum
1574 2701 1637 2732 sibi
1652 2701 1821 2734 creditum

428 2755 489 2785 per
514 2744 671 2776 semitam
698 2743 938 2775 Mandatorum
964 2742 1038 2781 Dei,
1069 2745 1268 2783 statumque
1294 2743 1401 2783 Regni
1428 2743 1558 2784 Anglie,
1585 2754 1714 2776 necnon
1740 2745 1820 2777 Pro-

429 2798 555 2826 cerum,
582 2787 793 2828 Magnetum,
820 2789 856 2818 et
883 2785 1004 2826 Populi
1031 2785 1183 2826 ejusdem
1210 2786 1317 2827 Regni
1341 2796 1536 2818 conservare
1560 2797 1758 2828 prosperum
1784 2791 1821 2821 et

431 2830 654 2872 tranquillum
678 2829 862 2871 pretendit,
890 2829 953 2860 Dei
975 2829 1236 2860 misericordiam
1259 2833 1296 2861 et
1318 2830 1521 2862 Sanctorum
1547 2830 1638 2871 piam
1662 2831 1820 2864 interces-

429 2874 567 2914 sionem,
583 2883 752 2914 suumque
775 2873 809 2904 in
832 2872 894 2904 hac
921 2875 1017 2913 parte
1038 2872 1148 2913 jactat
1173 2872 1208 2904 in
1235 2872 1381 2904 Domino
1407 2874 1604 2914 cogitatum,
1628 2884 1758 2907 necnon
1782 2878 1820 2907 et

429 2917 620 2949 considerat
649 2916 755 2957 magis
784 2916 848 2957 piis
876 2915 1049 2957 justorum
1079 2918 1114 2947 et
1144 2915 1294 2947 fidelium
1326 2916 1456 2948 devotis
1482 2917 1691 2950 oracionibus
1715 2928 1819 2959 quam

429 2961 543 2993 officiis
567 2963 603 2992 et
626 2959 798 2992 laboribus
824 2969 1001 3000 corporum
1030 2959 1083 2991 vel
1106 2959 1229 2991 sudore
1253 2963 1405 2992 nostram
1431 2970 1503 2992 rem
1530 2961 1699 3002 publicam
1723 2971 1819 3003 posse
