1988 3256
534 345 701 379 ROYAL
736 343 953 379 Ls‘rrnas
987 342 1093 377 Am)
1127 342 1303 378 wmrs,
1597 333 1690 381 187

148 451 225 478 A·D-
301 452 354 484 les
365 462 450 493 pura
472 451 676 483 consciencia
699 451 771 483 Deo
793 451 980 493 placabiles,
997 451 1119 484 Sancte
1142 450 1289 482 Ecclesie
1305 450 1372 482 Sue
1387 453 1510 492 gratas,
1533 461 1572 483 ac
1595 451 1692 483 nobis

147 485 225 546 ¹5¹3}
301 496 434 537 totique
451 496 566 536 Regno
581 498 616 527 et
632 495 756 536 populo
771 495 965 537 Anglicanis
980 494 1199 536 acceptabiles
1215 493 1252 526 et
1267 494 1458 526 fructuosas
1473 495 1691 535 sperabamus

150 553 191 580 11,
206 539 214 546 ‘
302 539 426 571 eternis
440 538 652 580 temporibus
667 539 874 580 perdurasse.
921 540 1005 571 Ecce
1020 538 1111 580 quod
1127 541 1251 569 eventu
1267 538 1325 577 rei,
1342 541 1445 579 prout
1461 538 1572 579 placet
1587 538 1690 570 Altis-

299 583 394 622 simo,
412 585 523 624 preter
545 582 733 624 quamlibet
747 583 880 624 culpam
904 586 1054 615 nostram
1077 582 1111 613 in
1136 581 1343 613 contrarium
1371 582 1582 621 succedente,
1600 583 1691 614 idem

301 626 456 666 Karolus,
473 627 514 657 ad
531 626 659 658 bonum
676 626 765 667 pacis
783 626 982 668 hujusmodi
1005 637 1072 658 non
1095 625 1284 664 advertens,
1300 628 1354 656 set
1368 635 1452 664 eam,
1470 628 1589 657 contra
1613 626 1691 658 fidei

301 681 360 702 sue
375 670 580 711 religionem,
597 669 786 701 voluntarie
802 670 903 702 nimis
917 670 1116 711 infringens,
1133 669 1331 700 coadunatis
1354 669 1418 700 sibi
1437 669 1689 710 Hispannorum

300 714 511 754 aliorumque
526 713 676 755 plurium
692 717 931 754 prepotentum
949 713 1086 753 viribus,
1102 713 1185 744 adeo
1207 713 1343 744 fortiter
1362 713 1517 753 Regnum
1534 716 1690 745 nostrum

299 757 440 789 molitur
454 757 611 789 invadere
626 756 728 798 quod,
744 757 939 798 impellente
954 767 1014 789 nos
1030 756 1228 788 necessitate
1244 755 1384 795 notoria,
1400 756 1552 797 cogimur
1574 760 1691 788 contra

300 801 450 842 ipsorum
467 801 662 832 violenciam
678 803 714 832 et
729 811 902 841 aggressus
917 811 1011 833 arma
1026 800 1198 832 defensiva
1213 810 1392 839 resumere,
1408 803 1444 831 et
1459 800 1619 832 adversus
1635 811 1690 832 eos

299 845 476 886 procedere
491 854 594 876 manu
610 844 701 875 forti.
750 845 807 884 Et,
822 845 888 876 nisi
902 845 937 876 in
953 855 1108 886 processu
1125 846 1240 875 nostro
1256 843 1455 884 hujusmodi
1470 844 1599 875 virtute
1622 845 1689 876 Do-

299 888 433 928 minica,
451 898 516 929 que
532 898 665 929 semper
679 887 843 920 hactenus
859 888 954 919 nobis
976 888 1071 928 favit,
1088 887 1232 919 validius
1254 890 1504 928 supportemur,
1520 888 1601 919 satis
1625 888 1691 920 erit

298 932 396 964 nobis
412 932 557 963 arduum
573 931 657 973 quin
674 931 784 963 verius
800 932 924 963 nostris
940 932 1090 963 humeris
1112 931 1336 972 importabilis
1353 931 1490 970 sarcina,
1507 934 1547 963 ut
1563 931 1691 963 eisdem

299 976 442 1007 inimicis
457 975 581 1007 nostris
597 985 782 1016 eorumque
797 979 868 1007 tam
884 975 1003 1016 grandi
1019 975 1170 1016 potencie
1182 974 1336 1006 resistere
1347 974 1526 1006 valeamus.
1550 975 1688 1015 Verum,

298 1020 379 1060 quia
401 1019 638 1060 imperfectum
659 1021 817 1050 nostrum
839 1019 927 1051 oculi
950 1019 1056 1050 nostri
1078 1018 1211 1050 intente
1233 1017 1493 1058 considerantes,
1517 1019 1560 1050 de
1583 1019 1690 1059 ipsius

299 1063 363 1094 Dei
378 1062 522 1094 fecunda
537 1062 745 1103 benignitate
757 1063 1024 1104 devotorumque
1035 1061 1265 1103 precaminum
1278 1065 1535 1103 vestrorumque
1547 1062 1689 1094 aliorum

297 1106 514 1138 subditorum
530 1106 623 1137 vobis
639 1105 841 1147 populorum
857 1106 1020 1138 instancia
1036 1105 1261 1146 multiplicata
1278 1105 1402 1144 confisi,
1413 1115 1605 1146 processum
1618 1117 1688 1146 pre-

298 1150 440 1189 dictum,
459 1154 495 1181 et
510 1149 684 1191 potissime
698 1150 740 1181 ad
757 1150 938 1182 tuicionem
955 1153 991 1181 et
1005 1149 1235 1181 defensionem
1254 1148 1399 1180 Ecclesie
1415 1149 1521 1189 Regni
1536 1148 1691 1191 jurisque

300 1197 492 1225 nostrorum
514 1193 803 1234 recuperacionem
826 1196 1021 1225 constanter
1042 1193 1256 1234 arripuimus,
1284 1195 1321 1223 et
1345 1192 1380 1223 iu
1404 1203 1443 1223 eo
1458 1193 1599 1233 vestigio
1615 1204 1688 1234 pro-

298 1237 393 1278 gredi
409 1247 469 1268 nos
485 1237 706 1278 disponimus,
719 1247 797 1268 cum
813 1247 852 1268 eo
868 1237 959 1278 quod
975 1236 1138 1268 habemus
1148 1236 1280 1267 efforcio
1296 1236 1338 1267 de
1348 1236 1495 1276 presenti
1512 1246 1520 1275 3
1538 1237 1688 1268 Paterni-

300 1284 418 1318 tatem,
435 1290 523 1321 ergo,
540 1283 697 1319 vestram,
716 1280 876 1312 inclinato
892 1280 1001 1312 cordis
1017 1280 1125 1311 nostri
1137 1279 1337 1317 habitaculo,
1355 1279 1517 1310 humilius
1532 1290 1599 1321 quo
1616 1291 1689 1321 pos-

299 1334 418 1356 sumus
433 1324 654 1362 obsecramus,
670 1334 744 1355 eam
761 1334 820 1364 per
835 1324 1094 1355 misericordiam
1107 1324 1128 1355 J
1131 1323 1215 1354 hesu
1229 1322 1355 1355 Christi
1369 1322 1524 1354 obnixius
1541 1324 1687 1355 excitan-

299 1371 361 1406 tes,
379 1367 542 1409 quatinus
557 1378 617 1408 pro
633 1367 716 1398 dicti
731 1367 839 1408 Regni
861 1368 1036 1409 tociusque
1057 1366 1204 1399 Ecclesie
1227 1366 1420 1407 Anglicane,
1444 1366 1590 1398 filiorum
1613 1378 1688 1399 nos-

299 1415 442 1450 trorum,
459 1421 498 1442 ac
514 1411 655 1442 aliorum
667 1411 820 1442 omnium
835 1411 869 1442 in
887 1411 1035 1452 presenti
1048 1413 1163 1442 nostro
1173 1410 1280 1450 viagio
1292 1410 1467 1441 nobiscum
1484 1411 1688 1450 profecturo-

299 1465 386 1494 rum,
410 1458 471 1486 aut
493 1455 573 1485 alias
595 1465 693 1486 cause
715 1457 830 1486 nostre
851 1454 1024 1495 justiciam
1046 1454 1253 1494 ubicumque
1278 1454 1568 1494 prosequendum,
1594 1457 1688 1486 statu

301 1509 458 1539 prospero
480 1502 515 1529 et
537 1498 627 1530 felici
649 1498 740 1538 apud
762 1498 986 1536 Altissimum,
1011 1498 1120 1539 Cujus
1142 1501 1231 1528 nutu
1255 1497 1411 1528 universa
1432 1497 1635 1536 subsistunt,
1652 1499 1687 1530 in

300 1542 480 1574 missarum
495 1541 786 1579 celebracionibus,
805 1540 910 1573 Verbi
932 1541 996 1574 Dei
1018 1541 1274 1582 prolacionibus,
1290 1540 1488 1582 devotisque
1504 1540 1685 1573 Processio-

239 1586 249 1587 ’
300 1586 410 1624 nibus,
422 1585 574 1626 jejuniis,
590 1585 724 1626 vigiliis,
742 1585 1000 1616 elemosinarum
1021 1584 1265 1625 largicionibus,
1282 1586 1317 1615 et
1339 1584 1412 1615 aliis
1427 1585 1637 1616 oracionibus
1653 1589 1689 1617 et

299 1629 546 1670 precaminibus
556 1628 699 1670 publicis
711 1631 748 1660 et
762 1629 898 1660 secretis
916 1627 1037 1660 vestris
1052 1632 1087 1659 et
1102 1628 1251 1669 ipsorum
1264 1628 1427 1667 omnium,
1439 1628 1564 1660 instare
1576 1628 1687 1661 velitis

298 1673 513 1714 frequencius
529 1683 596 1713 quo
611 1672 757 1713 possitis,
773 1677 812 1703 ut
828 1672 904 1713 Ipse
922 1672 1022 1709 Deus,
1040 1682 1099 1712 pro
1120 1671 1345 1703 misericordia
1361 1671 1440 1709 Sua,
1459 1672 1526 1703 iter
1541 1675 1576 1703 et
1591 1675 1688 1704 actus

299 1720 432 1748 nostros
447 1716 482 1747 in
499 1716 568 1748 Suo
591 1715 799 1756 beneplacito
822 1716 945 1756 dirigat
967 1719 1003 1747 et
1025 1716 1192 1755 disponat,
1211 1717 1259 1754 et,
1277 1715 1318 1746 ad
1335 1714 1396 1747 Sui
1412 1715 1568 1747 Nominis
1584 1716 1686 1747 hono-

145 1760 198 1787 501.
296 1770 368 1792 rem
385 1763 420 1791 et
434 1760 585 1800 gloriam,
601 1759 698 1790 nobis
715 1762 750 1791 et
767 1759 847 1800 ipsis
862 1759 1031 1791 salubrem
1055 1758 1232 1790 efficaciam
1256 1759 1421 1799 assumpti
1438 1769 1496 1799 per
1511 1769 1572 1790 nos
1587 1762 1623 1791 et
1638 1760 1686 1801 ip-

145 1794 187 1820 12·
297 1814 350 1835 sos
365 1803 527 1844 propositi
542 1803 673 1834 tribuat
688 1805 723 1834 et
738 1802 913 1844 impendat
929 1813 938 1842 ;
960 1813 999 1834 ac
1014 1813 1087 1834 eam
1111 1813 1170 1843 per
1187 1802 1337 1834 Prelatos
1353 1805 1534 1843 totumque
1550 1802 1687 1835 Clerum

297 1851 333 1879 et
349 1847 510 1888 populum
525 1849 715 1878 vestrarum
732 1846 888 1878 Civitatis
911 1849 947 1878 et
969 1846 1126 1885 Diocesis,
1143 1856 1202 1887 per
1225 1848 1318 1877 cetus
1342 1845 1583 1886 Religiosorum
1601 1847 1685 1878 viro-

297 1901 373 1923 rum
390 1901 428 1922 ac
444 1890 633 1929 mulierum,
651 1893 846 1931 ceterosque
861 1891 895 1921 in
912 1890 1038 1921 eisdem
1062 1889 1260 1930 degencium
1279 1888 1358 1928 (sic),
1377 1900 1436 1930 per
1452 1889 1684 1930 Indulgencia-

295 1944 373 1966 rum
390 1944 529 1965 munera
544 1933 696 1965 allectiva
712 1934 951 1975 fructuosaque
968 1933 1177 1965 Prelatorum
1200 1933 1414 1964 subditorum
1439 1937 1627 1965 vestrorum
1652 1937 1686 1966 et

295 1978 437 2009 aliorum
454 1977 617 2018 exempla,
634 1977 675 2008 ad
686 1977 774 2008 idem
784 1977 853 2008 fieri
865 1977 1078 2018 quamtocius
1090 1976 1275 2018 procuretis
1286 1976 1329 2007 ab
1341 1976 1478 2017 agendis
1488 1976 1687 2018 hujusmodi

298 2031 508 2063 quesumus‘3
538 2031 605 2052 non
635 2023 804 2052 cessantes
833 2021 939 2052 donec
960 2021 1058 2051 nobis
1081 2020 1357 2060 processibusque
1379 2020 1502 2051 nostris
1526 2021 1685 2061 predictis

296 2065 466 2106 placatum
480 2075 538 2104 per
553 2064 785 2105 prosperitatis
809 2065 1014 2095 evidenciam
1032 2063 1246 2104 perceperitis
1262 2063 1374 2103 ipsum
1392 2063 1512 2095 Deum.
1523 2064 1684 2096 —Tested

294 2112 331 2139 at
347 2106 599 2146 Westminstaer,
619 2108 656 2139 11
674 2107 877 2148 Aug—The
894 2108 1020 2148 Bishop
1037 2111 1113 2138 sent
1129 2107 1198 2138 this
1224 2107 1310 2138 Writ
1326 2110 1362 2138 to
1378 2106 1437 2138 the
1453 2107 1547 2138 Dean
1564 2118 1607 2138 on
1624 2108 1684 2139 the

294 2151 378 2183 29th
394 2151 429 2182 of
448 2154 588 2192 August,
606 2151 776 2192 requiring
791 2150 863 2182 him
879 2154 916 2183 to
931 2151 1017 2192 obey
1034 2151 1092 2182 the
1109 2150 1228 2191 King's
1245 2150 1404 2181 Mandata
1422 2160 1430 2188 3
1453 2151 1531 2189 and,
1550 2151 1629 2190 also,
1647 2155 1683 2183 to

297 2195 356 2226 the
370 2194 683 2227 Officials-Peculiar
693 2194 727 2225 in
741 2195 856 2225 Devon
869 2194 935 2226 and
953 2194 1128 2232 Cornwall,
1140 2194 1207 2225 and
1223 2193 1282 2225 the
1294 2194 1388 2225 Dean
1399 2194 1434 2225 of
1450 2194 1681 2237 Christianity.

249 2265 405 2302 30.-De
415 2265 570 2297 veniendo
585 2265 630 2296 ad
646 2265 907 2296 Paruamentum
922 2264 959 2296 in
976 2264 1150 2302 Quindena
1160 2263 1276 2295 Sancti
1289 2263 1469 2302 Michaelis,
1484 2264 1576 2305 apud
1589 2264 1682 2297 West-

292 2309 596 2341 monasterium—‘⁴
609 2310 718 2349 Super
729 2308 843 2340 arduis
858 2312 894 2340 et
909 2308 1107 2349 urgentibus
1119 2308 1271 2348 negociis,
1285 2310 1355 2338 tam
1369 2318 1428 2338 nos
1444 2312 1480 2339 et
1496 2309 1680 2349 expedicio-

294 2363 372 2384 nem
387 2363 506 2394 guerre
521 2355 635 2383 nostre
650 2362 688 2383 ac
702 2351 779 2393 jura
795 2354 910 2383 nostra
925 2356 960 2383 et
978 2352 1106 2383 Corone
1129 2354 1242 2382 nostre
1260 2351 1295 2382 in
1313 2351 1470 2382 Partibus
1486 2352 1681 2383 transmari-

294 2397 356 2436 nis,
373 2407 475 2437 quam
491 2399 621 2427 statum
637 2399 673 2427 et
688 2395 915 2426 defensionem
937 2395 1050 2435 Regni,
1066 2398 1140 2433 etc„
1157 2394 1443 2434 contingentibus,
1466 2418 1472 2424 .
1500 2418 1507 2426 .
1535 2419 1543 2427 .
1568 2419 1575 2426 .
1590 2396 1681 2436 quod

293 2440 392 2471 dictis
407 2440 461 2471 die
477 2443 512 2471 et
528 2440 599 2470 loco
623 2439 841 2480 personaliter
863 2439 1026 2470 intersitis
1049 2438 1234 2476 nobiscum,
1250 2448 1309 2468 seu
1333 2447 1411 2468 cum
1435 2438 1587 2478 Ricardo,
1611 2438 1680 2470 filio

291 2483 455 2514 carissimi
471 2482 691 2524 Primogeniti
714 2482 830 2521 nostri,
850 2482 1014 2519 Edwardi,
1033 2481 1205 2521 Principis,
1221 2484 1294 2519 etc„
1313 2481 1463 2511 Custode
1479 2481 1587 2522 Regni
1606 2492 1680 2514 nos-

139 2524 190 2551 tol.
294 2527 340 2558 tri
364 2527 482 2566 Anglie
498 2530 534 2559 et
548 2527 660 2558 locum
683 2529 839 2557 nostrum
862 2529 1000 2557 tenente
1022 2525 1056 2556 in
1081 2525 1196 2555 eodem
1219 2525 1340 2564 Regno,
1359 2524 1388 2555 si
1405 2528 1486 2555 tunc
1502 2525 1681 2566 contigerit

138 2557 199 2585 ηδ·
293 2580 354 2646 ἶπέ
369 2570 675 2645 abessen—Testem
692 2573 728 2600 at
746 2569 975 2610 Walliugford,
994 2569 1037 2610 by
1053 2568 1112 2599 the
1128 2567 1199 2599 said
1224 2567 1409 2598 Custodian
1426 2567 1461 2598 οἱ
1476 2567 1535 2599 the
1554 2569 1679 2608 Realm‚

351 2623 392 2655 01)

247 2683 470 2720 31.—Postea
493 2685 586 2716 venit
607 2684 699 2716 aliud
724 2684 828 2714 Breve
851 2683 1040 2714 excusando
1063 2682 1250 2713 Dominum
1274 2684 1309 2712 et
1335 2681 1416 2712 alios
1445 2681 1604 2720 Prelatos,
1628 2685 1680 2713 set

290 2728 481 2759 mandando
497 2728 588 2769 quod
610 2727 770 2759 intersint
792 2726 983 2765 Londoniis,
1008 2726 1097 2767 apud
1116 2725 1461 2764 Westmonasterium,
1478 2735 1537 2767 pro
1554 2725 1679 2756 Parlia-

291 2775 406 2803 mento
421 2771 529 2802 inhibi
545 2770 615 2811 (sic)
632 2771 784 2802 faciendo
800 2770 834 2800 in
848 2770 993 2801 crastino
1010 2768 1347 2801 Commemoraciouis
1363 2769 1552 2800 animarum
1566 2767 1677 2808 (with-

292 2818 352 2845 out
369 2815 588 2854 date).—The
607 2814 729 2855 Bishop
745 2813 834 2845 cited
850 2813 909 2845 the
934 2814 1028 2844 Dean
1051 2813 1117 2843 and
1142 2812 1301 2852 Chapter,
1321 2815 1395 2849 etc„
1412 2812 1478 2843 and
1495 2812 1678 2852 appointed

293 2858 434 2889 Masters
449 2858 540 2889 John
557 2858 692 2898 Wyliet,
711 2856 907 2889 Chancellor
923 2857 958 2888 of
973 2856 1032 2887 the
1048 2855 1240 2894 Cathedral,
1257 2855 1324 2886 and
1339 2853 1490 2886 William
1506 2855 1610 2897 Byde,
1627 2855 1680 2887 his

292 2901 611 2943 Official-Principal,
627 2901 680 2933 his
698 2901 860 2939 Proctors,
877 2903 913 2931 to
929 2900 1049 2931 attend
1065 2900 1099 2930 in
1116 2899 1169 2930 his
1185 2899 1281 2930 stead
1296 2898 1363 2930 and
1380 2898 1476 2930 make
1492 2909 1612 2930 excuse
1627 2898 1681 2930 for

293 2944 345 2976 his
361 2945 509 2976 absence.
