1988 3256
325 368 419 413 438

324 475 403 502 A.D.

325 510 402 536 1380.

326 543 389 570 Vol.
403 542 429 569 1.

319 1413 383 1445 [fol.

322 1448 378 1478 87.]

325 1564 387 1595 [fol.

324 1598 381 1630 87.]

325 1706 378 1738 87].

325 1972 361 1998 sol
368 1992 373 1998 .

323 2006 385 2033 86b.

547 377 648 411 THE
672 376 918 411 REGISTER
942 376 1001 410 OF
1026 375 1206 410 BISHOP
1229 374 1634 410 BRANTYNGHAM.

478 474 621 515 valeant,
645 475 792 517 alioquin
809 474 842 506 in
861 474 1016 507 Ecclesiis
1038 474 1108 506 suis
1123 476 1158 506 et
1174 473 1329 506 domibus
1353 473 1585 506 Rectoriarum
1601 483 1639 504 ac
1653 470 1863 504 vicariatum

479 529 628 558 suarum,
647 529 777 551 necnon
794 518 1112 550 denunciacionibus
1134 518 1232 549 factis
1257 517 1533 549 procuratoribus
1555 517 1717 558 ipsorum,
1732 514 1761 547 si
1777 524 1863 556 quos

479 563 678 601 dimiserint,
702 562 867 594 moneatis
890 565 925 594 et
947 562 1125 594 efficaciter
1147 561 1315 593 inducatis
1338 562 1472 593 eosdem
1496 564 1546 600 ut,
1562 561 1651 592 infra
1672 568 1822 591 mensem
1843 567 1864 590 a

479 610 630 647 tempore
646 606 842 638 Monicionis
858 605 1056 648 hujusmodi
1068 606 1113 637 eis
1124 605 1320 646 singillatim
1332 616 1391 646 per
1404 616 1461 636 vos
1473 605 1633 643 faciende,
1647 603 1689 635 ad
1701 601 1864 635 Ecclesiae

479 653 515 682 et
529 650 676 682 Vicarias
691 661 778 689 suas,
792 653 962 691 quatenus
976 650 1018 680 ad
1035 659 1152 681 eorum
1168 649 1317 690 singulos
1333 649 1466 688 attinet,
1483 648 1702 680 effectualiter
1713 646 1864 685 redeant,

478 694 603 726 facturi
618 694 652 725 in
670 694 725 732 eis,
743 697 784 725 ut
799 697 970 733 tenentur,
986 694 1050 725 sub
1067 703 1152 734 pena
1166 693 1261 734 juris,
1277 695 1403 724 extunc
1414 692 1632 724 residenciam
1646 689 1864 732 personalem.

480 737 525 776 Si,
543 748 632 777 vero,
651 737 848 779 hujusmodi
863 737 1106 768 Monicionibus
1116 736 1292 768 Canonicis
1304 747 1419 778 parere
1435 734 1707 777 contempserint,
1721 734 1864 772 fructus,

481 785 556 820 etc.‚
573 781 815 813 Beneficiorum
832 791 970 812 suorum
994 780 1192 822 hujusmodi
1214 780 1440 821 sequestretis,
1457 783 1493 811 et
1508 779 1572 811 sub
1595 779 1686 810 salvo
1701 776 1864 809 custodiri

480 825 609 856 faciatis
625 825 816 866 Sequestro,
834 827 946 866 preter
961 825 1133 866 porciones
1148 834 1310 865 congruas
1327 835 1386 865 pro
1403 823 1535 855 Divinis
1556 822 1640 854 inibi
1655 821 1725 854 fieri
1742 821 1863 853 facien-

479 869 540 900 dis.
588 869 639 900 De
666 869 720 900 die
743 868 944 909 recepcionis
967 868 1191 906 Presencium,
1209 871 1245 899 et
1267 868 1350 909 quid
1373 867 1519 899 feceritis
1540 867 1575 898 in
1599 865 1777 907 premissis,
1805 874 1866 896 nos

480 912 670 944 certificetis
686 913 857 954 quamcito
873 912 1047 943 commode
1064 911 1226 953 poteritis,
1240 922 1298 952 per
1315 911 1444 943 Literas
1460 913 1596 949 vestras,
1614 912 1689 948 etc„
1707 919 1775 940 una
1789 917 1867 939 cum

478 956 672 987 nominibus
688 956 885 997 hujusmodi
901 966 935 987 se
951 956 1216 994 absentancium,
1233 955 1267 986 in
1285 955 1413 986 Cedula
1435 957 1598 996 separata,
1614 957 1726 985 vestro
1749 951 1868 993 hujus·

480 999 573 1031 modi
596 999 837 1032 Certificatorio
860 998 1237 1031 annectenda—Dated
1253 1002 1289 1030 at
1305 999 1568 1039 Northampton,
1586 999 1605 1029 6
1622 996 1821 1029 November.

435 1043 577 1083 —Item,
595 1043 720 1075 eisdem
736 1043 790 1075 die
806 1046 840 1074 et
852 1043 932 1083 loco,
950 1043 1120 1075 emanavit
1134 1042 1306 1074 consimile
1320 1042 1518 1074 Mandatum
1534 1041 1673 1074 Officiali
1686 1038 1868 1072 Peculiaris

480 1086 734 1119 Jurisdiccionis
764 1087 799 1118 in
831 1087 1010 1126 Cornubia,
1042 1087 1184 1118 mutatis
1213 1086 1396 1125 mutandis,
1428 1089 1468 1118 ut
1494 1085 1528 1117 in
1555 1085 1674 1124 forma,
1706 1087 1777 1116 tam
1808 1093 1868 1124 pro

479 1131 502 1162 J
506 1130 724 1162 urisdiccione
740 1130 1006 1162 Archidiaconali
1022 1141 1124 1172 quam
1142 1130 1314 1162 Peculiari.

435 1174 605 1225 Chapels
621 1188 632 1223 3
651 1175 805 1213 Licence
824 1181 861 1214 to
879 1175 1125 1221 celebrate,—

435 1229 534 1267 Item,
552 1229 676 1260 eisdem
690 1229 744 1260 die
756 1232 791 1268 et
802 1229 883 1268 loco,
897 1229 918 1261 J
921 1228 1069 1260 ohannes
1082 1229 1217 1269 Martyn
1229 1232 1264 1261 et
1286 1228 1360 1270 ejus
1373 1239 1457 1260 uxor
1469 1227 1663 1259 habuerunt
1679 1225 1868 1258 Licenciam

478 1272 622 1304 faciendi
634 1272 758 1304 Divina
769 1273 928 1304 celebrari
944 1273 977 1303 in
992 1272 1133 1313 Capella,
1145 1277 1205 1305 etc.
1220 1272 1290 1312 (sic)
1306 1284 1313 1312 ;
1330 1283 1388 1314 per
1401 1283 1507 1304 unum
1517 1281 1644 1303 annum
1657 1271 1867 1302 duraturam.

435 1316 536 1355 Item,
561 1327 583 1348 x
604 1316 658 1348 die
681 1316 834 1358 ejusdem
859 1316 991 1354 mensi&
1015 1316 1161 1348 Thomas
1186 1317 1385 1357 Bittlesgate
1407 1319 1443 1347 et
1465 1316 1539 1357 ejus
1566 1325 1651 1347 uxor
1673 1314 1868 1345 habuerunt

477 1360 621 1391 similem
639 1360 786 1392 Literam
804 1371 863 1401 pro
880 1360 1014 1401 Capella
1029 1370 1088 1391 sua
1105 1361 1195 1401 apud
1212 1360 1455 1402 Knjghtetone
1470 1369 1478 1398 ;
1501 1370 1561 1401 per
1576 1368 1684 1391 unum
1707 1367 1846 1390 annum.

441 1414 706 1465 Illegitimacy
723 1428 733 1462 ;
760 1415 1012 1463 Dispensacio
1030 1429 1115 1453 cum
1133 1415 1406 1464 illegitimo,—

434 1468 473 1500 In
491 1468 608 1500 favour
624 1469 660 1500 of
675 1469 765 1501 John
783 1469 900 1509 Forde,
917 1469 1083 1509 clerk,—“
1094 1469 1135 1501 de
1151 1469 1262 1501 soluto
1278 1472 1312 1501 et
1327 1469 1439 1501 soluta
1460 1467 1626 1510 genitus?
1644 1469 1704 1499 etc.
1726 1465 1868 1507 (North-

478 1516 628 1554 ampton,
647 1514 687 1545 10
704 1513 814 1553 Now).

433 1567 894 1619 Letters-Dimissory‚—

453 1621 544 1653 John
563 1622 660 1661 Huit,
681 1622 756 1654 “ad
772 1633 887 1654 omnes
905 1622 1046 1654 Ordines
1060 1622 1078 1636 ”
1096 1623 1200 1663 (same
1218 1623 1322 1662 date).

322 1672 386 1703 “⁰¹·
429 1677 628 1724 Crediton,
660 1677 729 1715 the
758 1677 974 1728 Collegiate
1003 1678 1164 1717 Church
1192 1679 1261 1726 0f;
1289 1677 1550 1728 sequestracio
1580 1677 1630 1716 W.
1664 1676 1868 1715 Wodeman

488 1731 532 1769 in
551 1731 667 1778 bonis,
689 1738 824 1779 etc„—

434 1785 534 1825 Item,
551 1785 686 1825 ibidem,
703 1787 819 1818 eodem
843 1786 907 1827 die,
932 1787 1102 1818 emanavit
1126 1787 1347 1828 Sequestrum
1371 1787 1403 1818 in
1428 1786 1524 1818 bonis
1548 1785 1685 1818 Domini
1709 1784 1868 1817 willelmi

476 1830 671 1869 Wodeman,
691 1830 848 1862 Canonici
871 1831 906 1862 in
929 1831 1076 1862 Ecclesia
1099 1831 1334 1870 Criditonensi,
1360 1830 1535 1869 defuncti;
1559 1833 1594 1862 et
1610 1830 1678 1862 suit
1699 1829 1867 1861 directum

477 1873 617 1905 Officiali
645 1874 808 1905 Peculiari
838 1874 872 1906 iu
902 1875 1060 1914 Devonia„
1085 1885 1122 1906 ac
1153 1875 1323 1916 Magistris
1354 1875 1500 1906 Henrico
1531 1875 1658 1916 Borage
1680 1876 1716 1905 et
1738 1873 1869 1914 Rogero

478 1917 581 1958 Payn,
599 1917 775 1949 Canonicis
791 1917 926 1950 ibidem.

433 1971 517 2009 The
537 1971 640 2010 tithe
659 1985 709 2009 on
731 1971 799 2010 the
820 1972 991 2022 coinage
1019 1972 1117 2011 dues
1130 1986 1141 2020 3
1171 1972 1447 2022 Acqvuietancia
1474 1986 1587 2022 super
1614 1971 1778 2022 cunayio
1805 1984 1870 2009 seu

488 2026 760 2075 διαφωνία,-

436 2080 535 2118 Item,
552 2080 846 2121 Northamptonie,
871 2079 916 2122 xij
942 2081 995 2113 die
1019 2080 1102 2113 dicti
1125 2081 1259 2120 mensis,
1286 2081 1375 2113 facta
1398 2081 1466 2112 fuit
1488 2080 1717 2122 acquietancia
1739 2080 1868 2121 Rogero

477 2124 498 2155 J
504 2124 566 2162 ule,
584 2124 760 2164 Receptori
776 2125 987 2156 denariorum
1006 2125 1142 2156 Domini
1159 2125 1266 2156 nostri
1291 2125 1389 2166 Regis
1411 2126 1445 2156 in
1470 2125 1697 2157 Comitatibus
1719 2123 1869 2156 Devouie

478 2169 514 2198 et
537 2167 716 2208 Cornubie,
734 2167 775 2199 de
798 2168 964 2200 sexdecim
989 2168 1093 2207 libris,
1124 2169 1301 2200 tresdecim
1328 2169 1452 2207 solidis,
1480 2172 1515 2200 et
1541 2171 1689 2209 quatuor
1711 2167 1868 2206 denariis,

477 2221 537 2251 pro
566 2211 695 2243 decima
721 2211 854 2252 cunagii
881 2212 1063 2243 eorundem
1102 2212 1363 2251 Comitatuum3
1402 2212 1568 2252 videlicet,
1599 2222 1660 2253 pro
1698 2211 1869 2244 cornubia

477 2255 591 2286 decem
608 2265 745 2295 marcas,
762 2258 796 2286 et
813 2266 873 2296 pro
890 2256 1041 2288 Devonia
1056 2256 1172 2288 decem
1189 2256 1297 2288 libras.

435 2314 896 2366 Letters-Dimissory‚-—-—

433 2369 542 2408 Roger
558 2369 710 2411 Goseley,
730 2370 865 2409 deacon,
886 2370 956 2402 “ad
974 2370 1113 2403 Sacrum
1126 2371 1372 2403 Presbiteratus
1385 2370 1575 2403 Ordinem”
1590 2369 1867 2411 (Northamptom

480 2414 520 2444 13
538 2412 653 2452 Now).

434 2467 855 2516 Excommunicati0n3
897 2469 1134 2508 Mandatum
1162 2471 1215 2508 ad
1242 2470 1555 2508 denunciandum
1584 2468 1868 2519 Trewynnarde

490 2523 853 2561 excommunicatum
872 2522 943 2573 (see
961 2537 1061 2575 page
1082 2525 1244 2575 434),-

436 2576 590 2616 Thomas,
608 2580 681 2616 etc,
700 2577 838 2609 Officiali
853 2581 966 2609 nostre
982 2579 1004 2610 J
1007 2578 1235 2610 urisdiccionis
1252 2579 1433 2611 Peculiaris
1456 2579 1491 2610 in
1516 2578 1694 2618 cornubia,
1711 2577 1866 2616 salutem,

431 2662 435 2666 .
477 2620 690 2652 etc—Vobis
712 2621 906 2662 scripsimus
922 2632 988 2653 uon
1005 2625 1056 2654 est
1071 2622 1130 2654 diu
1154 2623 1214 2663 [see
1235 2633 1316 2663 paqe
1333 2624 1406 2661 156,
1426 2623 1488 2654 No.
1507 2622 1594 2662 111]‚
1610 2633 1669 2664 pro
1684 2624 1776 2653 certa
1791 2631 1866 2652 exe·

325 2920 374 2950 fol.
388 2921 430 2949 87.

478 2664 614 2695 cucione
640 2664 792 2696 facienda
821 2668 937 2696 contra
962 2666 1132 2706 quendam
1163 2666 1353 2698 Johannem
1384 2667 1568 2705 Browdrer,
1599 2668 1802 2697 asserentem
1831 2674 1867 2695 se

479 2707 687 2739 Servientem
704 2708 841 2740 Domini
858 2709 963 2740 nostri
979 2709 1079 2750 Regis
1101 2710 1144 2741 ad
1167 2720 1268 2748 arma,
1285 2714 1321 2742 et
1342 2710 1523 2741 nonnullos
1544 2710 1626 2741 alios
1648 2709 1754 2750 ipsius
1775 2707 1811 2739 in
1827 2717 1866 2739 ea

478 2754 573 2791 parte
596 2751 772 2793 complices
795 2754 831 2784 et
853 2752 1012 2792 fautores,
1036 2763 1181 2794 quorum
1204 2754 1341 2784 nomina
1364 2757 1446 2785 tunc
1470 2753 1606 2794 penitus
1629 2751 1866 2794 ignoravimus,

477 2804 537 2835 pro
553 2805 600 2833 eo,
614 2797 649 2826 et
664 2805 705 2826 ex
721 2805 768 2834 eo,
782 2796 873 2837 quod
889 2797 1059 2838 quendam
1076 2797 1260 2828 Dominum
1277 2797 1464 2828 Walterum
1482 2798 1614 2836 Sancre,
1630 2795 1865 2837 presbiterum,

479 2841 592 2869 nostre
609 2838 766 2877 Diocesis,
783 2839 819 2870 in
837 2839 1082 2871 Presbiteratus
1100 2840 1225 2872 Ordine
1241 2840 1370 2871 notorie
1386 2840 1623 2878 constitutum,
1640 2842 1816 2880 vestesque
1831 2841 1868 2870 et

477 2884 632 2913 tonsuras
647 2882 814 2914 clericales
831 2883 962 2923 publice
977 2884 1195 2924 deferentem,
1212 2884 1355 2916 scientes
1377 2884 1489 2925 ipsum
1505 2893 1576 2915 esse
1591 2883 1758 2922 clericum,
1774 2881 1867 2923 apud

476 2924 600 2956 Villam
623 2925 665 2957 de
687 2925 930 2966 Trevarthyan,
949 2927 1075 2969 absque
1098 2937 1197 2959 causa
1219 2927 1421 2967 racionabili,
1445 2930 1480 2958 et
1503 2927 1537 2958 in
1561 2937 1638 2959 casu
1663 2926 1727 2958 sibi
1748 2936 1768 2957 a.
1788 2925 1866 2967 jure

477 2978 543 2999 non
575 2968 745 3010 permissu,
778 2969 981 3002 horribiliter
1011 2971 1217 3004 occiderunt.
1273 2971 1411 3011 Verum,
1443 2970 1523 3012 quia
1553 2971 1691 3012 quidam
1715 2970 1866 3011 Rogatus
