1988 3256
305 314 400 359 262

303 428 382 455 A.D.

303 462 379 489 1372.

303 495 369 523 Vol.
383 496 409 523 1.

305 2824 356 2852 fol.
369 2826 412 2851 21.

509 326 608 359 THE
642 324 884 360 REGISTER
919 325 979 359 OF
1013 325 1191 360 BISHOP
1225 326 1630 361 BRANTYNGHAM.

454 431 602 470 trandos,
619 434 721 472 prout
744 434 860 463 tenore
884 431 1098 463 Presencium
1122 436 1398 475 sequestramus3
1420 433 1514 465 vobis
1537 433 1738 465 mandamus
1760 442 1841 473 qua-

455 475 548 506 tinus
563 474 625 516 huj
631 475 760 506 usmodi
778 476 998 516 Sequestrum
1021 479 1177 508 nostrum
1192 477 1228 508 in
1244 477 1335 508 dicta
1350 477 1495 509 Ecclesia
1509 477 1552 509 de
1567 476 1840 515 Northmoltone,

456 521 492 550 et
506 518 586 550 alibi
603 519 660 550 ubi
677 518 828 550 videritis
844 519 1008 560 expedire,
1028 519 1215 560 publicetis,
1231 531 1269 552 ac
1292 520 1488 562 hujusmodi
1511 521 1656 559 fructus,
1675 519 1840 559 redditus,

426 582 429 585 -
456 565 492 593 et
513 565 698 602 proventus
720 563 784 594 sub
807 566 879 593 arto
902 565 937 594 et
959 562 1050 594 salvo
1073 564 1254 605 Sequestro
1277 565 1483 604 custodiatis,
1507 574 1683 614 quousque
1706 563 1799 595 aliud
1821 573 1841 594 a.

457 606 554 637 nobis
578 605 763 637 habueritis
784 606 819 637 in
841 605 1021 638 Mandatis.
1069 605 1115 638 Et
1130 607 1210 648 quid
1228 618 1286 649 per
1302 608 1561 649 Inquisicionem
1583 618 1690 649 ipsam
1714 617 1842 647 repere-

457 649 541 688 ritis,
558 660 615 680 seu
639 649 783 681 feceritis
806 650 841 680 in
865 650 1043 690 premissis,
1062 661 1131 690 nos,
1148 650 1344 692 hujusmodi
1370 651 1602 693 inquisicionis
1624 651 1760 692 negocio
1783 660 1843 691 per

456 703 515 724 vos
531 693 696 734 expedito,
713 693 903 724 certificetis
926 703 984 734 per
1001 694 1129 726 Literas
1145 698 1272 726 vestras
1294 695 1431 735 clausas,
1448 694 1569 727 harum
1591 694 1709 726 seriem
1733 696 1769 725 et
1783 693 1841 726 In-

458 736 659 777 quisitorum
681 736 771 768 dicta
794 737 1015 778 continentes,
1031 737 1140 779 sigillo
1163 741 1273 770 vestro
1295 738 1467 778 impresso,
1486 749 1555 770 una
1577 749 1654 770 cum
1673 741 1785 769 vestro
1806 739 1843 768 et

457 780 778 812 contestificancium
795 780 995 812 nominatim
1008 792 1238 823 expressorum
1255 782 1372 823 sigillis
1384 782 1609 823 pendentibus
1619 781 1840 822 consignatas.

457 824 630 854 —Datum
652 824 687 855 in
713 824 859 855 Manerio
883 827 997 856 nostro
1019 825 1061 856 de
1086 825 1335 866 Chuddeleghe.
1359 826 1435 857 xixa
1457 825 1510 857 die
1534 825 1656 856 mensis
1679 824 1841 864 Januarii,

456 867 544 899 A.D.
562 867 622 899 M0.
641 867 771 899 CCCmo
786 868 990 908 sexagesimo
1006 875 1112 908 sexto,
1123 872 1158 901 et
1176 869 1440 901 Consecracionis
1451 871 1566 901 nostre
1578 868 1841 910 quadragesimo-

456 909 608 951 —Cujus
630 911 832 943 auctoritate
854 911 1006 943 Mandaei
1031 913 1132 944 vestri
1154 913 1338 950 reverendi,
1355 913 1480 945 vocatis
1506 913 1548 944 de
1574 912 1651 954 jure
1673 911 1841 951 vocandis,

457 954 498 985 de
514 954 713 986 defectubus
728 954 927 996 hujusmodi
942 956 1000 996 qui
1016 959 1052 987 et
1067 957 1182 997 quales
1201 960 1291 996 sunt,
1308 959 1344 988 et
1366 957 1400 988 in
1424 956 1547 998 quibus
1570 956 1669 987 rebus
1684 956 1842 995 existant,

456 1008 493 1028 ac
521 998 593 1029 aliis
620 998 768 1029 articulis
795 998 830 1030 in
857 999 947 1030 dicto
977 1000 1135 1031 Mandato
1159 1004 1270 1032 vestro
1293 1000 1446 1041 superius
1474 1000 1603 1040 plenius
1629 999 1841 1040 expressatis,

458 1052 516 1082 per
539 1041 735 1082 fidedignos,
755 1046 824 1073 tam
848 1042 982 1074 clericos
1009 1053 1110 1084 quam
1138 1043 1262 1082 laicos3
1286 1044 1450 1083 videlicet,
1474 1044 1634 1075 Dominus
1657 1043 1840 1081 oliverum,

457 1085 499 1115 de
534 1085 710 1116 Esseraufe
740 1084 922 1127 [RoseashL
951 1087 1152 1126 Johannem,
1183 1087 1225 1118 de
1255 1087 1483 1128 Warkeleghe,
1514 1094 1549 1118 et
1577 1087 1770 1119 ,Iohannem
1799 1085 1842 1117 de

457 1129 744 1170 Romondesleghe
767 1129 1032 1170 [RomansleiqlzL
1063 1130 1285 1162 Ecclesiarum
1310 1131 1477 1170 Rectores,
1503 1131 1647 1170 clericos,
1671 1140 1708 1162 ac
1731 1129 1841 1162 Ricar-

456 1171 539 1203 dum
571 1172 692 1213 Leghe,
719 1173 911 1204 Gilbertum
943 1174 1089 1215 Fenyan,
1118 1174 1325 1206 Willelmum
1357 1174 1453 1214 Bufe,
1482 1174 1662 1206 Ricardum
1690 1173 1841 1213 Schorte,

457 1215 636 1247 Paulinum
673 1216 782 1255 Miste,
813 1216 1021 1248 Willelmum
1055 1218 1258 1257 Swanecote,
1289 1218 1453 1249 'rhomam
1486 1217 1685 1258 Frankleyn,
1717 1216 1842 1249 Johan-

457 1269 534 1290 nem
559 1259 731 1298 Gardiner,
755 1263 791 1291 et
815 1260 995 1292 Paulinum
1024 1261 1203 1300 Mollonde‚
1228 1261 1339 1298 laicos,
1365 1272 1466 1302 super
1490 1261 1659 1303 premissis
1685 1260 1843 1292 omnibus

456 1306 492 1333 et
522 1303 663 1343 singulis
694 1303 877 1343 pleniorem
911 1304 1069 1335 noticiam
1099 1305 1302 1345 optinentes,
1335 1305 1475 1346 juratos,
1505 1305 1685 1346 diligenter
1713 1307 1749 1336 et
1778 1303 1842 1335 sol-

456 1346 546 1377 licite
575 1347 745 1387 inquisivi.
810 1347 876 1386 Qui
907 1347 1027 1379 dicunt
1057 1348 1149 1389 quod
1181 1351 1252 1380 tam
1283 1349 1317 1380 in
1350 1349 1515 1388 cancello,
1548 1348 1669 1387 Libris,
1702 1351 1738 1379 et
1769 1347 1843 1379 aliis

456 1390 673 1421 Ornamentis
689 1401 791 1431 quarn
808 1391 842 1421 in
859 1391 1028 1423 domubus
1044 1395 1080 1422 et
1100 1391 1262 1423 clausuris
1286 1391 1474 1423 sanctuarii
1498 1390 1643 1423 Ecclesie
1659 1392 1701 1422 de
1717 1390 1841 1422 North—

456 1434 614 1470 moltone,
638 1437 790 1475 tempore
820 1444 887 1475 quo
919 1433 1075 1475 Religiosi
1106 1435 1187 1475 Viri,
1219 1435 1328 1467 Abbas
1359 1439 1394 1467 et
1425 1436 1621 1468 Conventus
1651 1434 1845 1466 Monasterii

455 1477 497 1508 de
514 1477 721 1508 Lulleshulle
744 1477 849 1518 ipsam
868 1478 1047 1509 Ecclesiam
1071 1482 1264 1518 tenuerunt,
1281 1479 1502 1520 percipientes
1525 1479 1656 1511 fructus
1678 1478 1842 1520 ejusdem,

455 1521 696 1561 contingebant
719 1521 872 1553 defectus
895 1522 929 1553 in
953 1532 1021 1553 uno
1045 1522 1252 1564 portiphorio
1277 1523 1362 1554 male
1389 1523 1501 1563 ligato,
1525 1522 1585 1564 qui
1615 1522 1671 1554 vix
1697 1521 1843 1563 reparari

456 1571 597 1604 possunt
613 1575 688 1596 cum
706 1562 796 1606 iijb¹¹⁸
812 1565 927 1596 solidis
948 1569 983 1596 et
1003 1565 1051 1607 iiij
1076 1566 1220 1598 denariis
1243 1567 1492 1606 sterlingorum,
1509 1570 1544 1598 et
1560 1566 1596 1598 in
1614 1576 1680 1597 una
1695 1565 1843 1597 fenestra

456 1607 562 1639 vitrea
592 1608 626 1639 in
660 1608 814 1640 Cancello
845 1608 994 1640 defracta
1020 1613 1055 1640 et
1085 1609 1195 1641 hostio
1221 1610 1366 1642 Cancelli
1392 1611 1482 1642 dicte
1515 1609 1671 1649 Ecclesie,
1700 1609 1759 1650 qui
1785 1609 1843 1640 vix

455 1651 599 1692 reparari
633 1656 773 1692 possunt
812 1662 890 1683 cum
921 1652 980 1694 xiij
1013 1653 1126 1685 solidis
1156 1653 1404 1694 sterlingorum.
1472 1654 1571 1693 Item,
1602 1652 1843 1694 contingebant

455 1694 608 1726 defectus
639 1695 673 1726 in
704 1699 902 1736 coopertura
938 1696 1084 1728 cancelli
1121 1700 1157 1728 et
1194 1708 1262 1728 uno
1301 1697 1480 1737 stillicidio,
1512 1697 1572 1738 qui
1606 1697 1662 1728 vix
1696 1695 1842 1737 reparari

456 1742 599 1779 possunt
621 1749 699 1770 cum
721 1739 808 1780 iiijli.
825 1739 1074 1780 sterlingorum.
1121 1741 1219 1780 Item,
1244 1741 1484 1781 contingebant
1506 1741 1658 1772 defectus
1680 1740 1714 1771 in
1737 1739 1842 1781 parie-

457 1782 550 1814 tibus
566 1786 601 1814 et
616 1786 812 1822 coopertura
829 1783 928 1814 unius
944 1784 1079 1824 grangis
1096 1785 1249 1816 Rectorie
1272 1785 1361 1816 dicte
1377 1785 1532 1824 Ecclesie,
1549 1785 1608 1826 qui
1625 1784 1680 1815 vix
1697 1783 1842 1824 reparari

456 1830 598 1866 possunt
627 1837 704 1857 oum
734 1827 759 1857 O
790 1826 904 1857 solidis
934 1827 1181 1867 sterlingorum.
1238 1828 1337 1868 Item,
1361 1828 1602 1869 contingebant
1627 1827 1780 1859 defectus
1806 1827 1842 1858 in

456 1869 598 1910 coquina
624 1872 660 1901 et
683 1869 784 1901 furno
811 1869 963 1911 ejusdem
989 1871 1150 1910 Rectorie,
1174 1871 1233 1912 qui
1260 1872 1314 1903 vix
1338 1872 1482 1912 reparari
1505 1874 1647 1913 possunt
1674 1881 1751 1902 cum
1779 1869 1840 1901 xli.

455 1913 702 1953 sterlingorum.
775 1913 872 1953 Item,
904 1914 1144 1955 contingebant
1174 1915 1326 1946 defectus
1356 1915 1390 1946 iu
1422 1915 1554 1947 duabus
1583 1915 1722 1946 cumeris
1751 1914 1842 1945 dicte

456 1957 618 1994 Rectorie,
636 1956 791 1987 videlicet
811 1957 845 1987 in
863 1957 1047 1997 parietibus
1062 1961 1097 1989 et
1112 1961 1308 1999 coopertura
1331 1959 1526 1998 earundem,
1544 1958 1603 1999 qui
1626 1958 1682 1990 vix
1697 1957 1842 1999 reparari

456 2003 600 2040 possunt
626 2010 703 2031 cum
730 1999 803 2032 lxli.
834 2001 1083 2040 sterlingorum.
1131 2002 1229 2041 Item,
1258 2002 1497 2043 contingebant
1524 2002 1677 2033 defectus
1702 2001 1736 2033 in
1764 2001 1842 2032 sula

455 2043 609 2075 Rectorie
625 2043 775 2075 totaliter
791 2044 931 2083 dirruta,
945 2055 1011 2085 que
1028 2045 1083 2076 vix
1098 2046 1248 2077 construi
1264 2049 1376 2087 potest
1390 2056 1468 2077 cum
1485 2046 1579 2077 lxxli.
1591 2045 1839 2086 sterlingorum.

457 2087 556 2123 Item,
587 2087 827 2127 contingebant
856 2087 1009 2119 defectus
1039 2088 1074 2119 in
1106 2099 1174 2120 una
1203 2089 1303 2120 domo
1333 2100 1393 2130 pro
1425 2090 1582 2130 plaustro,
1615 2091 1651 2120 et
1680 2087 1842 2120 clausuris

457 2130 645 2162 Sanctuarii
670 2130 814 2161 Ecclesie
838 2131 1038 2172 supradicte,
1062 2132 1121 2172 qui
1144 2132 1201 2163 vix
1227 2133 1372 2173 reparari
1399 2135 1541 2173 possunt
1564 2142 1641 2164 cum
1669 2132 1703 2164 lx
1726 2131 1840 2163 solidis

456 2174 702 2214 sterlingorum.
760 2174 857 2212 Item,
886 2175 1127 2216 contingebant
1153 2176 1305 2207 defectus
1334 2176 1369 2207 in
1399 2176 1532 2207 duabus
1562 2175 1716 2214 bovonis,
1749 2175 1839 2207 vide-

455 2217 535 2248 licet
563 2217 597 2248 in
629 2217 811 2257 parietibus
842 2221 878 2249 et
907 2221 1113 2259 coopertura,
1144 2219 1203 2260 qui
1233 2219 1288 2251 vix
1319 2220 1464 2260 reparari
1498 2223 1641 2261 possunt
1674 2229 1751 2251 eum
1782 2218 1841 2250 lxx

456 2260 571 2292 solidis
593 2260 840 2301 sterlingorum.
886 2261 984 2301 Item,
1001 2262 1242 2303 contingebant
1263 2263 1416 2295 defectus
1440 2263 1474 2295 in
1500 2273 1567 2294 uno
1589 2263 1733 2302 stabulo,
1750 2262 1839 2294 vide-

455 2304 534 2336 licet
549 2304 583 2335 in
600 2304 769 2343 memmio,
786 2304 979 2345 parietibus,
999 2310 1035 2336 et
1056 2310 1277 2347 coopertura3
1302 2309 1338 2338 et
1360 2306 1394 2338 in
1421 2317 1486 2338 una
1508 2317 1584 2338 area
1606 2316 1783 2348 porcorum
1804 2305 1840 2337 in

457 2348 641 2389 parietibus
664 2350 698 2379 et
717 2351 924 2388 coopertura,
948 2353 983 2380 et
1005 2349 1039 2380 in
1065 2360 1132 2380 una
1154 2350 1254 2381 domo
1277 2361 1336 2391 pro
1359 2350 1436 2381 feno
1460 2354 1495 2381 et
1517 2354 1715 2391 coopertura
1739 2349 1840 2380 unius

456 2388 667 2430 columbarie,
680 2392 739 2432 qui
754 2392 811 2423 vix
825 2392 971 2432 reparari
987 2396 1128 2433 possunt
1139 2403 1216 2424 cum
1232 2394 1312 2434 xxxj
1330 2394 1445 2425 solidis
1457 2393 1704 2435 sterlingorum.
1739 2392 1840 2432 Quos,

457 2435 605 2476 quidem,
622 2435 784 2474 defectus,
802 2445 917 2467 omnes
933 2438 967 2466 et
982 2435 1140 2476 singulos,
1157 2437 1279 2477 prefati
1303 2437 1459 2478 Religiosi
1478 2437 1556 2476 Viri,
1573 2437 1686 2468 Abbas
1701 2439 1737 2468 et
1753 2436 1839 2469 Gon-

458 2482 581 2510 ventus
607 2478 649 2509 de
682 2478 897 2518 Lulleshulle,
924 2479 1007 2510 dum
1038 2479 1162 2511 dictam
1190 2480 1371 2512 Ecclesiam
1399 2484 1592 2521 tenuerunt,
1621 2479 1841 2522 percipientes

458 2522 591 2554 fructus
607 2521 770 2563 ejusdem,
787 2522 1028 2563 contingentes,
1046 2523 1246 2555 incorrectos
1262 2534 1320 2565 per
1335 2534 1432 2556 suam
1447 2524 1610 2556 incuriam
1627 2524 1839 2562 dimiserunt,

457 2570 492 2596 et
506 2567 550 2597 ad
565 2565 653 2606 ipsos
670 2565 851 2606 Religiosos
866 2565 973 2605 Viros,
990 2566 1156 2598 Abbatem
1173 2570 1208 2598 et
1224 2567 1448 2608 Conventum,
1463 2568 1628 2609 pertinuit
1642 2571 1675 2599 et
1693 2567 1841 2608 pertinet

457 2609 624 2650 reparaeio
646 2609 838 2640 eorundem.
890 2609 1076 2649 Prefatum,
1093 2620 1178 2650 veru,
1196 2611 1418 2651 Sequestrum
1434 2616 1585 2643 vestrum
1607 2611 1643 2643 in
1666 2611 1757 2643 dicta
1783 2611 1840 2642 Eo-

457 2652 556 2684 clesia
578 2653 619 2683 de
640 2652 910 2690 Northmoltone,
928 2656 963 2684 et
984 2653 1063 2684 alibi
1087 2653 1144 2685 ubi
1168 2654 1278 2686 visum
1300 2655 1405 2686 fuerit
1427 2655 1592 2696 expedire,
1609 2654 1786 2697 publicavi,
1802 2663 1841 2686 ac

458 2695 656 2736 hujusmodi
678 2696 820 2735 fructus,
838 2696 1000 2735 redditus,
1016 2699 1051 2727 et
1074 2700 1265 2738 proventus,
1290 2703 1459 2739 quatenus
1482 2703 1606 2740 potero,
1622 2699 1688 2730 sub
1709 2701 1784 2730 arto
1805 2701 1841 2729 et

459 2739 550 2770 salvo
565 2739 751 2770 custodiam
768 2739 958 2780 Sequestro,
971 2750 1147 2781 quousque
1159 2741 1250 2772 aliud
1266 2752 1284 2772 a
1298 2746 1406 2773 vestra.
1423 2742 1616 2774 Reverenda
1636 2742 1841 2774 Paternitate

457 2782 604 2814 habuero
626 2783 661 2813 iu
686 2783 864 2814 Mandatis.
919 2783 1037 2822 Quam,
1054 2784 1201 2824 quidem,
1225 2785 1492 2826 Inquisicionem,
1517 2785 1624 2826 sigillo
1645 2786 1753 2818 Officii
1775 2786 1841 2818 mei

457 2826 629 2866 impresso,
647 2837 713 2857 una
728 2836 804 2857 cum
821 2826 936 2857 eodem
960 2829 995 2858 et
1015 2827 1181 2858 dictorum
1207 2827 1451 2869 Inquisitorum
1469 2829 1584 2870 sigillis
1604 2831 1839 2871 pendentibus,

457 2869 695 2910 consignatam,
712 2873 821 2900 vestre
837 2870 1029 2901 Reverende
1053 2870 1254 2902 Pater-nitati
1277 2872 1472 2904 transmitto
1492 2872 1839 2906 inclusam—Datum

457 2913 490 2944 iu
505 2912 651 2944 Ecclesia
662 2912 845 2944 Parochiali
861 2913 902 2944 de
919 2913 1187 2954 Southmoltone,
1201 2924 1268 2955 quo
1283 2915 1324 2946 ad
1341 2916 1635 2959 consignacionem,
1652 2919 1841 2960 penultimo
