1988 3256
180 478 259 506 ΔΛ).

182 513 258 540 1388.

182 546 246 573 Vol.

183 580 226 607 11.

700 367 1066 415 ῙΝΒΤῙΤῸΤῙοῃε,
1102 370 1206 405 ΕΤο.
1634 361 1725 406 105

333 490 372 511 eo
395 478 487 521 quod
510 478 660 510 feceritis
682 488 744 510 nos
767 478 889 510 Literis
912 477 1032 509 vestris
1054 476 1250 517 patentibus
1272 477 1474 517 certificetis,
1499 480 1534 508 et
1556 477 1619 509 hoc
1642 478 1727 510 citra

335 523 474 555 Festum
491 522 653 554 Omnium
677 523 878 554 Sanctorum
896 521 1048 563 proximo
1070 521 1238 552 futurum.
1284 521 1476 560 Mandatur,
1494 521 1608 561 eciam,
1626 532 1728 563 super

334 566 538 599 Induccione
554 566 751 608 hujusmodi
767 570 803 597 et
817 566 923 607 ipsius
941 564 1079 597 Inducti
1096 564 1263 596 canonica
1279 564 1482 596 Obedieucia
1505 565 1601 596 nobis
1623 566 1726 606 speci·

333 611 432 642 aliter
445 610 632 642 reservatis,
678 610 720 641 In
734 620 880 651 quorum
896 610 1048 640 omnium
1065 608 1300 639 testimonium
1322 608 1472 648 sigillum
1496 609 1603 640 Officii
1621 609 1728 640 nostri

334 655 526 686 Decanatus
556 653 697 695 predicti
729 654 947 685 Presentibus
979 653 1206 693 apposuimus.
1277 652 1367 683 Data
1389 652 1635 693 Cantebrigghe,
1660 657 1728 684 xm⁰

336 698 504 730 Kalendas
529 697 682 729 Octobris
698 697 754 737 [22
778 697 898 738 Sept-J,
917 697 1014 728 Anno
1038 695 1176 727 Domini
1201 696 1260 726 ΜΟ.
1290 696 1422 727 0001110
1445 696 1574 727 lxxme
1597 699 1725 728 octavo.

335 743 491 781 QUARUM
509 741 701 773 Literarum
711 744 747 772 et
762 741 868 782 ipsius
881 740 1018 772 Domini
1034 739 1236 771 auctoritate
1251 739 1428 779 ordinaria,
1444 739 1596 780 prefatus
1613 741 1726 771 Domi—

334 796 409 826 nus,
420 785 546 817 eisdem
558 785 612 816 die
624 789 659 816 et
672 786 751 823 loco,
762 785 797 816 in
810 784 1008 826 hujusmodi
1024 783 1290 815 Permutacionis
1307 784 1442 824 negocio
1454 783 1602 824 legitime
1615 795 1725 825 proce-

333 829 427 870 dens,
440 840 555 861 causas
567 829 833 861 Permutacionis
843 828 1018 869 predictas,
1029 827 1158 858 dictum
1171 827 1378 858 Willelmum
1391 830 1426 858 et
1442 827 1618 858 Ecclesiam
1631 838 1727 859 suam

335 874 378 906 de
394 873 654 905 Oolstreworthe
669 873 852 914 predictam
869 875 1118 909 concernentes,
1138 870 1280 910 audivit,
1296 871 1512 910 examinavit,
1530 874 1565 902 et
1582 871 1727 911 plenarie

334 917 503 957 discussit,
527 917 674 958 ipsisque
696 916 804 948 causis
827 916 913 947 veris
935 918 971 947 et
993 914 1152 955 legitimis
1175 914 1332 953 inventis,
1361 915 1560 955 approbavit
1582 916 1726 955 easdem,

334 961 528 1002 dictamque
551 960 841 992 Permutacionem
864 958 1093 997 auctorizavit,
1109 969 1147 989 ac
1175 958 1443 998 Rcsignacionem
1467 959 1557 990 dicte
1583 959 1727 990 Ecclesia

335 1005 378 1036 de
402 1004 662 1036 Colstreworthe
684 1015 726 1035 ex
748 1014 847 1035 causa
863 1002 1129 1034 Permutacionis
1152 1002 1350 1043 hujusmodi
1373 1003 1499 1043 recepit
1521 1007 1556 1034 et
1578 1003 1727 1040 admisit,

334 1048 572 1090 prefatumque
585 1048 770 1079 Dominum
784 1047 964 1078 Hem-ioum
981 1046 1130 1077 Barnake
1141 1046 1184 1076 ad
1196 1046 1321 1077 dictam
1337 1046 1519 1077 Ecclesiam
1531 1047 1572 1077 de
1583 1046 1726 1078 Colstre-

335 1091 475 1131 worthe,
498 1092 542 1123 ad
564 1102 667 1133 quam
690 1102 750 1132 per
774 1090 979 1122 Willelmum
1010 1089 1211 1130 Gunthorpe
1237 1089 1458 1129 antedictum,
1482 1100 1598 1121 verum
1622 1090 1727 1130 ipsius

337 1135 484 1167 Ecclesie
495 1135 538 1166 de
551 1135 822 1174 Colstreworthe,
836 1138 876 1165 ut
893 1134 1071 1175 prefertur,
1086 1134 1282 1172 Patronum,
1295 1144 1336 1164 ex
1349 1144 1448 1164 causa
1460 1134 1727 1166 Permutacionis

335 1179 534 1221 hujusmodi
555 1179 717 1211 extiterat
738 1181 961 1219 presentatus,
976 1188 1034 1219 per
1056 1177 1195 1208 modum
1218 1181 1254 1208 et
1276 1188 1317 1208 ex
1340 1187 1439 1208 causa
1462 1177 1728 1209 Permutacionis

335 1223 494 1265 predicte,
525 1223 559 1254 in
591 1233 732 1264 persona
760 1222 901 1254 Walteri
937 1221 1096 1262 Aungier,
1128 1221 1248 1259 clerici,
1283 1221 1538 1252 Herefordensis
1568 1222 1727 1261 Dioeesis,

335 1267 566 1299 Procuratoris
587 1267 640 1298 sui
654 1267 688 1298 in
706 1266 768 1298 hac
790 1270 886 1307 parte
907 1265 1112 1297 sufficienter
1133 1268 1169 1296 et
1184 1264 1332 1306 legitime
1354 1264 1542 1304 constituti,
1558 1268 1594 1297 et
1616 1266 1727 1306 ipsum

337 1311 590 1342 Procuratorem
606 1320 723 1350 suum,
739 1310 874 1341 nomine
886 1320 948 1340 suo
959 1313 995 1341 et
1010 1320 1070 1350 pro
1079 1309 1161 1350 ipsc,
1178 1308 1325 1348 admisit,
1338 1308 1518 1349 ipsumque
1531 1309 1726 1349 Henricum,

336 1354 370 1386 in
399 1365 540 1396 persona
565 1353 763 1395 hujusmodi
791 1353 1019 1385 Procuratoris
1043 1352 1104 1391 sui,
1131 1357 1166 1383 et
1191 1353 1303 1394 ipsum
1334 1353 1589 1384 Procuratorem
1615 1364 1727 1393 suum,

337 1398 472 1430 nomine
487 1408 561 1437 suc,
579 1402 620 1430 ut
634 1397 826 1439 premittur,
843 1399 878 1428 et
893 1407 953 1438 pro
968 1407 1016 1436 eo,
1028 1396 1181 1428 instituit
1193 1395 1358 1428 Canonice
1373 1396 1408 1427 in
1424 1397 1539 1427 eadem
1557 1407 1565 1436 3
1589 1407 1727 1436 necnon,

337 1442 483 1474 eundem
495 1441 681 1474 Dominum
695 1441 879 1473 Henricum
891 1441 926 1471 in
939 1440 1028 1472 dicte
1041 1439 1186 1471 Ecclesie
1195 1440 1238 1471 de
1251 1439 1519 1480 Colstreworthe,
1531 1440 1729 1482 juriumque

336 1489 372 1518 et
387 1485 668 1527 pertinenciarum
686 1485 919 1516 universorum
934 1483 1097 1525 ejusdem,
1114 1483 1317 1524 corporalem
1333 1483 1574 1524 possessionem
1592 1485 1726 1516 deman-

337 1529 431 1561 davit
446 1529 562 1561 induci
577 1532 612 1560 et
627 1528 717 1569 fecit,
734 1528 805 1560 vice
821 1532 856 1560 et
867 1528 1068 1559 auctoritate
1083 1527 1166 1558 dicti
1177 1527 1314 1558 Domini
1330 1527 1585 1568 Archiepiscopi.
1633 1528 1726 1559 Man-

337 1573 448 1612 datur,
475 1573 591 1611 eciam,
615 1583 715 1614 super
735 1571 938 1604 Induccione
967 1571 1164 1612 hujusmodi
1194 1574 1230 1602 et
1258 1570 1363 1612 ipsius
1394 1571 1530 1602 Inducti
1562 1572 1729 1603 Canonica

338 1616 540 1649 Obediencia
570 1617 660 1648 dicto
692 1616 853 1657 Magistro
882 1615 1022 1655 Thome,
1052 1615 1288 1647 commissario
1319 1618 1513 1655 memorato,
1541 1615 1728 1656 specialiter

337 1660 524 1692 reservatis.
580 1660 631 1692 Ac
653 1667 928 1699 SUBssQusNTRR,
945 1659 1000 1690 die
1015 1662 1051 1690 et
1066 1658 1137 1690 loco
1153 1658 1365 1699 supradictis,
1382 1658 1534 1699 prefatus
1558 1658 1727 1691 Dominus

345 1703 538 1736 Willelmum
554 1703 706 1745 Pykesley
721 1703 932 1735 antedictum
947 1703 989 1734 ad
1001 1702 1183 1734 Ecclesiam
1194 1702 1420 1734 Parochialem
1433 1702 1474 1733 de
1486 1703 1727 1744 Bradenynche

338 1748 611 1789 suprascriptam,
643 1758 702 1789 per
731 1747 870 1779 liberam
902 1746 1174 1788 Resignacionem
1206 1746 1287 1777 dicti
1319 1746 1457 1777 Domini
1488 1746 1636 1786 Henrici‚
1667 1757 1727 1788 per

338 1791 508 1833 prefatum
531 1791 719 1823 walterum
743 1789 902 1831 Aungier,
920 1791 1174 1822 Procuratorem
1197 1800 1298 1821 suum
1321 1790 1364 1821 ad
1387 1789 1448 1820 hec
1471 1790 1676 1822 sufficienter
1691 1794 1727 1822 et

336 1835 485 1877 legitime
507 1835 745 1875 constitutum,
767 1834 904 1866 nomine
926 1834 1009 1866 dicti
1033 1833 1170 1865 Domini
1193 1833 1330 1865 Henrici
1352 1836 1387 1864 et
1410 1844 1469 1874 pro
1492 1844 1540 1873 eo,
1564 1845 1605 1865 ex
1628 1845 1727 1866 causa

341 1879 604 1911 Permutaeionis
629 1878 828 1920 hujusmodi
854 1878 889 1909 in
916 1877 1072 1909 manibus
1098 1877 1251 1918 ejusdem
1282 1877 1420 1908 Domini
1446 1877 1489 1908 de
1515 1878 1631 1909 eadem
1662 1878 1727 1910 rite

337 1923 472 1962 factam,
499 1926 534 1954 et
556 1933 615 1964 per
639 1922 752 1964 ipsum
779 1922 964 1953 Dominum
990 1932 1032 1953 ex
1061 1931 1159 1953 causa
1182 1921 1343 1962 premissa
1365 1920 1514 1961 legitime
1536 1922 1726 1962 admissam,

337 1969 522 2006 vacantem,
552 1966 595 1998 ad
626 1966 916 1998 Presentacionem
946 1965 1230 1997 Excellentissimi
1259 1965 1294 1996 iu
1327 1965 1461 1996 Christo
1492 1965 1655 2006 Principis
1693 1969 1727 1997 et

339 2010 485 2049 Domini,
502 2009 639 2041 Domini
655 2010 799 2049 Ricardi,
816 2009 879 2041 Dei
894 2009 1004 2049 gracia
1029 2009 1126 2048 Regis
1142 2009 1263 2050 Auglie
1279 2012 1314 2040 et
1331 2008 1470 2040 Francie
1485 2008 1636 2049 illustris,
1658 2009 1727 2041 veri

337 2053 429 2086 dicte
440 2053 595 2093 Ecclesie,
608 2053 670 2085 hac
682 2052 761 2093 vice,
773 2053 849 2095 jure
861 2063 923 2084 suo
934 2052 1038 2093 Regio
1051 2052 1199 2091 Patroni,
1209 2052 1355 2092 admisit,
1368 2052 1546 2093 ipsumque
1553 2054 1726 2084 Rectorem

339 2097 493 2130 instituit
507 2097 674 2130 canonice
688 2097 722 2128 in
740 2097 867 2136 eadem,
884 2107 960 2128 cum
977 2096 1046 2127 suis
1061 2095 1194 2137 juribus
1210 2099 1245 2128 et
1256 2096 1469 2137 pertinenciis
1482 2097 1654 2136 universis,
1669 2107 1727 2138 per

338 2142 478 2173 modum
491 2144 525 2173 et
537 2151 579 2172 ex
587 2150 687 2172 causa
699 2140 962 2172 Permutacionis
974 2140 1127 2181 superius
1139 2143 1313 2176 annotate;
1328 2150 1442 2171 curam
1452 2140 1515 2171 sibi
1525 2141 1724 2181 animarum,

338 2187 412 2224 ete„
427 2184 621 2226 juramento
642 2184 894 2224 consuetudine,
917 2187 978 2215 etc.
1025 2184 1084 2222 Et,
1105 2184 1246 2224 prestita
1263 2184 1427 2215 Canonice
1444 2184 1644 2216 Obediencia
1668 2196 1726 2226 per

338 2229 494 2269 eundem,
521 2228 720 2260 mandatum
750 2228 819 2260 fuit
848 2227 1090 2259 Archidiacono
1121 2227 1258 2268 Exonie,
1290 2238 1348 2259 seu
1379 2227 1454 2269 ejus
1486 2228 1634 2269 Officiali,
1667 2240 1726 2270 pro

338 2271 542 2304 Induccione
555 2271 670 2313 ipsius.

293 2331 836 2374 LANTEGLos-BY-FOWEY
857 2330 1114 2386 [Lanteglos
1128 2330 1263 2386 juxta
1284 2330 1320 2371 F
1322 2345 1434 2387 owy,
1457 2331 1580 2386 MS.]‚
1603 2331 1653 2373 V.

296 2390 351 2422 Sir
368 2390 526 2422 Nicholas
545 2389 717 2422 Walronde
731 2390 924 2431 exchanged
940 2389 1108 2421 Benefices
1123 2389 1206 2420 with

296 2434 351 2466 Sir
380 2433 471 2466 John
504 2433 746 2474 Stranyelonde,
778 2434 796 2449 “
814 2432 1024 2474 Capellanus,
1062 2433 1132 2464 sive
1163 2433 1298 2472 Cantor,
1331 2433 1488 2464 Cantarie
1519 2433 1653 2474 Capelle
1683 2436 1726 2466 de

341 2477 519 2517 Lamane,'’
542 2477 618 2508 who
640 2488 707 2509 was
729 2477 807 2509 inst.
828 2477 878 2517 (at
901 2476 1022 2518 Clyst),
1041 2478 1079 2508 21
1106 2476 1216 2515 Nov.;
1241 2476 1394 2515 Patrons,
1419 2476 1563 2507 Brother
1582 2478 1724 2510 William

341 2520 606 2604 gatggvuvlalpessthe
622 2520 771 2561 Master),
787 2521 854 2552 and
877 2520 936 2552 the
960 2520 1126 2565 Brethren
1139 2520 1175 2550 of
1197 2519 1256 2551 the
1280 2520 1435 2560 Hospital
1451 2520 1486 2551 of
1508 2520 1558 2552 St.
1583 2521 1675 2553 John
1690 2525 1727 2553 at

295 2623 497 2666 LAMANA
520 2623 796 2679 (Gornwass),
813 2622 1043 2678 [Cantaria
1057 2621 1234 2678 Capelle
1251 2622 1304 2664 de
1321 2621 1526 2674 Lamane,
1547 2623 1727 2679 MS.]‚—

297 2682 352 2715 Sir
365 2682 454 2714 John
469 2682 702 2722 Stranqelonde
716 2682 910 2723 exchanged
925 2681 1093 2713 Benefices
1111 2680 1192 2712 with

297 2725 351 2758 Sir
365 2725 523 2758 Niclwlas
546 2725 725 2765 Walronde,
741 2725 782 2758 V.
799 2726 834 2757 of
857 2724 1246 2766 Lauteglos-by-Fowey,
1265 2724 1339 2755 who
1356 2735 1423 2756 was
1438 2725 1518 2757 inst.
1538 2725 1587 2764 (at
1604 2726 1725 2768 Clyst),

263 2772 277 2781 ⁸
342 2769 383 2802 21
400 2769 512 2808 Nov..;
528 2769 664 2809 Patron,
680 2769 735 2801 Sir
749 2769 895 2801 Edward
912 2769 1114 2809 courtenay,
1132 2768 1211 2799 Earl
1226 2768 1261 2799 of
1276 2768 1406 2800 Devon.

190 2928 270 2956 nob.

190 2894 239 2923 fol.
297 2875 383 2937 [Fol-
403 2896 490 2929 115b
505 2896 583 2936 (left
597 2895 701 2928 blank
715 2899 836 2937 except
850 2895 903 2927 for
919 2897 938 2927 6
954 2895 1038 2926 lines
1053 2897 1090 2926 at
1104 2894 1163 2926 the
1178 2894 1262 2936 top),
1282 2905 1347 2926 was
1363 2895 1501 2926 utilized
1518 2895 1562 2937 by
1580 2896 1727 2929 William

342 2940 522 2982 Germyne,
545 2940 716 2981 Registrar
731 2943 768 2971 to
783 2939 875 2971 John
892 2938 1063 2976 Woolton,
1079 2938 1140 2979 Bp.
1161 2938 1196 2969 of
1210 2939 1333 2970 Exeter
1346 2938 1638 2979 (1579—1593-4).
1680 2942 1727 2972 As

344 2984 408 3025 Bp.
424 2983 581 3025 Bytton's
593 2984 746 3025 Register
761 2982 821 3014 has
837 2983 921 3014 been
936 2982 1003 3014 lost
1018 2982 1108 3013 since
1124 2981 1182 3013 the
1198 2981 1301 3014 death
1317 2982 1351 3013 of
1367 2983 1428 3023 Bp.
1449 2982 1642 3023 Stapeldon‚
1659 2984 1728 3016 this
