1988 3256
271 329 366 374 328

267 439 305 465 A.
310 438 346 466 D.

270 472 346 500 1374.

269 506 335 534 Vol.
350 506 375 533 Ι.

493 340 595 374 ΤΗΕ
618 341 863 375 REGISTER
887 343 952 376 OF
975 342 1155 376 BISHOP
1178 321 1583 382 BRANTYNGHAM.

421 441 575 483 predicti,
605 441 705 474 simul
739 452 840 484 super
870 442 1040 483 premissis
1076 444 1234 476 omnibus
1271 448 1308 478 et
1343 446 1484 486 singulis
1521 448 1745 480 deliberantes
1773 449 1809 478 et

421 485 596 517 deliberati
623 486 830 518 unanimiter
855 490 890 518 et
916 486 1125 518 concorditer
1150 489 1389 530 ordinavimus,
1413 501 1473 532 pro
1501 492 1597 524 nobis
1619 503 1657 524 ac
1679 491 1805 523 eisdem

423 528 672 570 VVyntoniensi,
691 529 895 562 Cancellario
913 530 1048 561 Domini
1072 531 1180 572 Regis,
1205 538 1240 564 et
1262 533 1433 574 Nicholao,
1457 539 1620 577 tanquam
1643 544 1804 577 organum

421 573 510 604 vocis
533 573 716 605 eorundem
741 584 800 615 per
823 574 1111 606 Constitucionem
1139 586 1256 608 eorum
1279 578 1479 619 optinentes,
1503 579 1705 611 auctoritate
1727 577 1805 610 sub-

420 616 587 648 missionis
609 617 787 656 antedicte,
804 617 836 648 in
862 617 954 649 hunc
976 619 1141 658 modum;
1169 620 1333 661 videlicet,
1360 623 1451 663 quod
1478 624 1605 655 amocio
1630 623 1721 655 facta
1747 632 1806 662 per

419 661 594 692 Rectorem
617 664 653 698 et.
677 661 825 692 Scolares
849 661 988 701 Collegii
1011 662 1151 702 predicti
1178 664 1220 695 de
1249 664 1393 696 Domino
1421 666 1575 698 Johanne
1600 666 1800 703 Dedemour,

418 704 597 746 capellano,
615 707 684 735 stet
700 704 734 735 in
751 705 804 736 sui
820 705 940 746 vigore,
958 709 994 737 et
1009 706 1099 747 quod
1116 706 1228 739 dictus
1244 708 1460 741 Reverendus
1484 710 1584 742 Pater
1606 708 1804 742 Exoniensis

416 748 518 780 faciet
533 750 569 779 et
585 748 776 789 procurabit.
793 748 879 779 bona
896 748 969 789 fide,
977 749 1021 780 »in
1045 754 1212 790 quantum
1237 752 1370 792 poterit,
1387 754 1477 794 quod
1501 754 1614 786 dictus
1637 753 1804 785 Dominus

415 792 588 825 Johannes
610 792 814 823 admittetur
836 793 878 830 ad
902 793 1048 833 primum
1073 793 1182 825 locum
1201 799 1376 827 vacantem
1399 798 1433 827 in
1457 797 1548 829 dicto
1572 797 1719 838 Collegio
1741 796 1805 827 sibi

415 835 682 875 convenientem,
699 835 728 866 si
744 836 896 868 voluerit.
945 836 990 867 Et
1012 847 1079 878 quo
1102 838 1145 869 ad
1168 838 1242 870 illos
1266 840 1324 880 qui
1347 843 1509 881 reputant
1524 852 1559 872 se
1574 844 1729 882 gravatos
1745 850 1805 881 per

415 880 544 921 aliquos
561 880 738 911 Processus
753 879 860 911 factos
877 890 935 920 per
952 880 1194 913 cancellarium
1210 883 1447 915 Universitatis
1463 885 1621 925 predicte,
1634 884 1804 916 occasione

413 923 642 966 predictorum
666 923 895 964 quovismodo,
921 924 1149 956 ordinavimus
1184 927 1274 967 quod
1301 938 1416 958 omnes
1437 927 1486 959 illi
1514 928 1583 960 sint
1608 928 1658 960 ita
1679 927 1803 968 integri

414 971 526 1000 status
541 967 630 998 sicut
655 966 796 998 fuerunt
811 970 890 998 ante
913 967 1021 998 dictos
1045 969 1222 1000 Processus
1244 970 1404 1011 inceptos,
1422 982 1482 1003 nec
1505 975 1642 1013 propter
1664 972 1738 1003 illos
1761 970 1804 1002 ab

413 1012 526 1052 aliquo
555 1013 633 1042 actu
666 1009 846 1042 Scolastico
871 1011 920 1041 vel
950 1011 1136 1052 Magistrali
1162 1013 1417 1054 impediantur;
1447 1019 1500 1046 set
1525 1016 1568 1047 ad
1593 1015 1704 1047 omnia
1731 1014 1802 1046 sint

407 1055 544 1093 habiles,
561 1057 597 1085 et
611 1054 660 1085 ita
681 1054 805 1095 integri
827 1057 938 1085 status
960 1065 998 1086 ac
1013 1056 1040 1086 si
1059 1056 1199 1096 predicti
1225 1058 1400 1090 Processus
1416 1069 1475 1099 per
1498 1059 1628 1091 dictum
1653 1058 1801 1091 Cancell-

412 1099 520 1131 arium
536 1098 618 1129 facti
635 1108 701 1129 non
718 1098 863 1129 fuissent
878 1108 886 1134 ς
902 1109 967 1129 non
985 1098 1201 1131 intendentes
1218 1111 1276 1142 per
1292 1102 1390 1133 istam
1415 1102 1670 1134 Ordinncionem
1688 1101 1800 1144 preju-

414 1143 530 1180 dicare,
542 1142 577 1173 in
590 1141 712 1182 aliquo,
726 1142 747 1174 J
751 1141 962 1173 urisdiccioni
977 1143 1131 1183 Episcopi
1145 1144 1352 1185 Exoniensis,
1365 1146 1527 1186 Rectoris,
1538 1151 1599 1178 aut
1615 1146 1800 1179 Scolarium

411 1186 551 1226 Collegii
568 1185 719 1227 predicti,
737 1195 846 1226 neque
869 1186 890 1217 J
896 1186 1107 1217 urisdiccioni
1132 1188 1326 1220 Cancellarii
1343 1189 1586 1222 Universitatis
1603 1189 1802 1222 Oxoniensis

411 1230 588 1272 sepedicte‚
605 1239 670 1270 que
687 1230 734 1260 eis
750 1229 970 1271 quovismodo
986 1234 1186 1269 competunt
1201 1242 1259 1263 seu
1278 1237 1420 1273 possunt
1440 1237 1639 1275 competere.
1688 1233 1801 1273 Quod-

411 1284 478 1316 que
493 1274 557 1314 ipsi
580 1273 704 1304 Rector
726 1277 761 1303 et
785 1273 942 1313 Scolares,
966 1283 1025 1304 seu
1052 1274 1250 1306 Procurator
1272 1277 1466 1317 eorundem,
1484 1288 1600 1309 omnes
1624 1277 1750 1310 Causas
1766 1279 1802 1308 et

411 1317 642 1359 suggestiones
658 1317 691 1347 in
710 1316 810 1348 Curia
829 1316 1062 1349 Cantuariensi
1077 1321 1113 1349 et
1128 1318 1207 1350 alibi
1220 1319 1416 1360 impetratas
1433 1324 1468 1352 et
1484 1328 1676 1362 prosecutas
1686 1324 1803 1352 contra

412 1360 656 1394 Cancellarium
678 1360 918 1392 Universitatis
941 1361 1111 1392 antedicte
1134 1367 1336 1402 revocarent,
1360 1367 1395 1395 et
1415 1365 1449 1395 in
1474 1375 1511 1395 ea
1534 1369 1629 1406 parte
1652 1375 1801 1406 superse-

410 1406 532 1437 derent
546 1404 684 1436 omnino
700 1404 742 1434 ab
758 1404 909 1435 ulteriori
924 1405 1159 1445 prosecucione
1183 1407 1542 1448 eorundem—Teum,
1559 1419 1647 1448 vero,
1665 1409 1799 1440 Articu-

408 1450 519 1481 lorum
538 1448 764 1489 predictorum
780 1447 857 1479 talis
873 1452 955 1479 erat.

365 1494 482 1525 -Hec
497 1495 580 1524 sunt
594 1491 788 1532 gravamina
803 1491 896 1522 illata
912 1491 1077 1533 Episcopo
1102 1493 1282 1525 Exoniensi
1298 1494 1332 1525 in
1351 1496 1510 1536 personis,
1529 1496 1634 1535 bonis,
1651 1498 1686 1527 et
1701 1495 1804 1527 rebus

254 1974 305 2001 fol.
325 1972 387 2001 471).

410 1536 595 1569 Scolarium
623 1535 728 1576 ipsius
751 1535 786 1566 in
811 1535 957 1574 collegio
980 1546 1042 1567 suo
1066 1536 1256 1577 Oxoniensi,
1282 1538 1479 1580 Stapildone
1502 1540 1600 1572 Halle
1618 1539 1804 1580 vulgariter

409 1585 614 1621 nuncupato,
631 1582 748 1610 contra
764 1579 1013 1610 Fundaei‹›nem
1030 1582 1066 1611 et
1082 1580 1337 1614 ordinacionem
1356 1583 1548 1624 primariam
1565 1586 1600 1615 et
1615 1583 1801 1624 antiquam,

407 1635 447 1656 ac
463 1625 603 1655 Statnta
616 1622 730 1664 jurata
747 1633 806 1663 per
821 1622 880 1664 xiij
901 1623 1049 1654 Scolares
1065 1623 1169 1664 ipsius
1187 1625 1333 1666 Colle-gii,
1351 1631 1591 1659 connumerato
1613 1627 1802 1659 Presbitero

409 1667 642 1700 celebrantein
656 1667 784 1705 eodem,
802 1676 860 1707 per
870 1667 1105 1699 Reverendum
1122 1668 1252 1708 Virum,
1272 1670 1470 1711 Magistrum
1489 1671 1695 1702 Willelmum
1709 1670 1797 1702 Wel-

409 1710 578 1751 tone(8ic),
589 1710 1035 1742 UniversitatisOxoniensis
1043 1711 1301 1751 Oanoellarium
1315 1719 1354 1745 ut
1365 1714 1399 1745 in
1414 1714 1635 1756 infrascriptis
1641 1714 1803 1746 Articulis

409 1755 557 1787 seriatim
580 1754 875 1792 continetur,—In
892 1754 1018 1795 primis,
1037 1765 1095 1795 per
1118 1755 1377 1797 Fundacionem,
1395 1758 1661 1797 Ordinacionem,
1679 1761 1714 1789 et
1728 1757 1802 1790 Sta—

409 1802 485 1831 tuta
501 1799 544 1829 de
560 1797 684 1839 quibus
701 1797 915 1837 antedicitur,
928 1808 945 1828 a
958 1798 1190 1839 quadraginta,
1204 1800 1461 1842 quinquaginta,
1474 1806 1511 1833 et
1522 1802 1695 1843 sexaginta
1705 1801 1802 1832 annis

410 1843 562 1884 proximo
585 1841 755 1882 preteritis
777 1852 815 1872 ac
838 1851 939 1882 supra
961 1845 997 1872 et
1019 1842 1102 1873 citra
1126 1843 1348 1884 venientibus,
1373 1846 1611 1878 tollet-antibus
1626 1849 1662 1889 et
1683 1856 1802 1886 appro-

409 1885 581 1923 bantibus,
599 1895 637 1916 ac
653 1889 723 1916 tam
740 1884 843 1916 tacite
858 1895 961 1925 quam
973 1895 1127 1926 expresse
1140 1889 1415 1927 permittentibus
1430 1893 1466 1921 et
1481 1890 1522 1920 ad
1539 1900 1576 1921 ea
1592 1889 1801 1920 consencien-

409 1930 502 1962 tibus
518 1928 730 1961 Cancellariis
745 1928 897 1970 ejusdem
915 1928 1154 1961 Universitatis
1167 1931 1225 1971 qni
1239 1942 1298 1971 pro
1310 1935 1460 1973 tempore
1475 1933 1625 1972 fuerunt,
1639 1943 1747 1974 usque
1758 1933 1802 1964 ad

412 1977 547 2014 tempus
563 1972 795 2013 gravaminum
812 1972 1088 2013 subscriptorum,
1100 1974 1264 2005 usitatum
1282 1975 1415 2016 pacifice
1431 1977 1591 2008 extiterat
1602 1981 1637 2008 et
1649 1977 1800 2008 observa-

411 2020 488 2049 tum
504 2016 538 2047 in
557 2015 702 2056 Collegio
718 2019 904 2046 memorato
919 2016 1010 2057 quod
1027 2017 1151 2048 Rector
1166 2017 1317 2059 ejusdem
1335 2019 1471 2060 Collegii
1481 2024 1516 2051 01,
1529 2019 1724 2059 Scolarium,
1740 2019 1802 2061 qui

411 2071 472 2102 pro
494 2063 646 2100 tempore
669 2059 782 2098 fuerit,
806 2059 916 2090 solum
937 2063 973 2090 et
995 2059 1029 2090 in
1055 2060 1199 2092 solidum
1228 2062 1483 2103 disposicionem
1508 2063 1646 2095 liberam
1681 2063 1802 2095 habuit

411 2104 564 2136 omnium
587 2103 766 2134 domorum
788 2102 877 2133 infra
899 2106 994 2143 septa
1016 2102 1167 2144 ejusdem
1193 2105 1330 2146 Collegii
1345 2107 1578 2146 existencium,
1605 2110 1640 2139 et
1663 2108 1705 2138 de
1727 2110 1802 2138 toto

412 2147 560 2188 Collegio
582 2146 785 2188 supradicto,
808 2149 843 2177 et
867 2147 957 2187 quod
981 2147 1070 2178 idem
1096 2148 1219 2179 Rector
1241 2150 1354 2190 potuit
1377 2154 1413 2182 et
1435 2151 1562 2189 debuit,
1580 2151 1622 2182 de
1636 2161 1800 2182 consensu

412 2194 502 2223 certe
517 2190 620 2232 partis
636 2190 803 2221 dictorum
828 2190 1024 2229 Scolarium,
1051 2189 1218 2223 Scolarem
1243 2203 1500 2235 quemcumque,
1519 2194 1748 2226 Presbiterum
1763 2197 1800 2226 et

411 2235 526 2273 alium,
543 2233 710 2271 rebellem,
727 2233 995 2275 incorrigibilem,
1012 2244 1070 2265 seu
1086 2235 1167 2266 alias
1183 2235 1375 2275 inhabilem,
1388 2238 1480 2269 omni
1496 2238 1720 2279 appellacione
1732 2248 1799 2270 ces-

412 2281 519 2315 sante,
534 2277 838 2319 quocienscumque
854 2281 889 2308 et
904 2278 1186 2319 quandocumque
1209 2281 1388 2321 expediens
1410 2281 1524 2320 fuerit,
1548 2292 1608 2323 per
1626 2281 1800 2313 decretum

414 2333 514 2354 suum
539 2321 659 2362 punire
681 2324 716 2352 et
738 2332 758 2352 a
779 2321 870 2352 dicto
895 2321 1042 2362 Collegio
1068 2332 1231 2361 amovere,
1249 2328 1284 2355 et
1301 2324 1467 2356 Scolarem
1490 2325 1594 2357 alium
1611 2325 1681 2357 loco
1696 2325 1801 2356 amoti

414 2376 474 2407 per
489 2365 686 2397 eleccionem
703 2364 892 2403 admittere,
917 2367 953 2396 et
968 2365 1039 2396 loco
1062 2365 1243 2398 Presbiteri
1259 2367 1306 2398 sic
1320 2369 1435 2408 amoti,
1452 2370 1492 2400 ad
1511 2368 1800 2400 Presentacionem

415 2409 688 2441 Reverendorum
700 2407 869 2448 Virorum,
883 2408 1106 2440 Dominorum
1125 2409 1247 2441 Decani
1264 2415 1299 2442 et
1316 2412 1463 2453 Capituli
1481 2412 1609 2444 Exonie
1620 2412 1802 2444 admittere

413 2453 484 2484 sine
500 2452 698 2484 difficultate
714 2451 960 2493 qualicumque,
985 2453 1194 2493 temporibus
1210 2454 1420 2487 Visitacionis
1443 2467 1502 2496 per
1524 2456 1654 2488 dictum
1678 2455 1800 2487 Exoni-

413 2506 527 2528 ensem
551 2495 751 2537 Episcopum
778 2495 829 2526 vel
854 2495 1105 2528 commissarios
1138 2507 1216 2528 suos
1246 2499 1422 2530 annuatim
1445 2499 1597 2531 faciende
1622 2499 1656 2531 in
1685 2499 1801 2531 eodem

414 2541 596 2572 dumtaxat
609 2538 758 2580 exceptis
772 2548 780 2577 ;
803 2538 837 2569 in
853 2548 929 2580 qua,
945 2539 1094 2580 quidem,
1110 2539 1410 2574 Visitacioneidem
1431 2543 1622 2584 Episcopus,
1635 2553 1738 2584 perse
1751 2542 1803 2574 vel

415 2583 667 2616 commissarios
696 2593 784 2622 suos,
815 2582 990 2614 raciocinia
1020 2583 1170 2615 Rectoris
1200 2585 1325 2625 audiet,
1357 2586 1507 2627 neglecta
1534 2586 1661 2627 puniet,
1691 2589 1803 2618 errata.

415 2626 619 2665 emendabit,
635 2626 823 2667 supplenda
837 2626 1017 2667 supplebit,
1037 2629 1072 2658 et
1086 2627 1271 2659 secundum
1291 2629 1400 2660 Deum
1417 2633 1452 2661 et
1465 2629 1636 2671 justiciam
1659 2629 1803 2670 corriget

415 2670 617 2711 corrigenda.
678 2669 893 2709 Venerabilis,
917 2673 1041 2708 tamen,
1059 2670 1131 2710 Vir,
1154 2671 1314 2712 Magister
1329 2673 1518 2705 Willelmns
1536 2673 1690 2714 Wiltone,
1715 2673 1800 2706 Can-

415 2714 567 2746 cellarius
584 2712 824 2746 Universitatis
841 2713 1048 2752 Oxoniensis,
1064 2714 1170 2745 sciens
1194 2715 1304 2747 omnia
1323 2717 1483 2756 premissa
1499 2721 1534 2748 et
1549 2717 1681 2758 singula
1695 2717 1730 2748 in
1747 2727 1800 2748 ea-

415 2759 491 2789 dem
509 2756 739 2790 Universitate
754 2756 941 2795 manifesta,
958 2757 1089 2788 notoria
1103 2768 1183 2796 esse,
1199 2762 1302 2800 atque
1317 2769 1403 2800 vera,
1417 2761 1598 2801 quemdam
1617 2759 1800 2792 Dominum

414 2801 437 2834 J
440 2801 605 2832 ohannem
622 2800 818 2836 Dedimour,
836 2799 988 2841 ejusdem
1006 2800 1144 2841 collegii
1167 2801 1395 2834 Presbiterum
1418 2815 1454 2835 se
1477 2803 1743 2844 pretendentem.
1759 2814 1801 2835 ex

415 2845 522 2876 causis
537 2844 691 2885 superius
706 2844 906 2884 expressatis
921 2854 979 2884 per
995 2843 1195 2884 Magistrum
1212 2846 1397 2878 Robertum
1421 2847 1610 2887 Lideforde,
1626 2847 1710 2878 dicti
1725 2846 1799 2880 001·

415 2888 492 2929 legii
508 2889 694 2927 Rectorem,
718 2891 937 2919 concurrente
960 2898 1122 2919 consensu
1145 2890 1297 2921 omnium
1321 2889 1571 2923 Conscolarium
1594 2890 1757 2932 ejusdem,
1781 2901 1801 2922 a

414 2932 505 2963 dicto
523 2931 668 2972 collegio
690 2930 891 2962 auctoritate
916 2930 1148 2971 Fundacionis,
1172 2932 1412 2974 ordinacionis,
1436 2937 1472 2966 et
1491 2934 1708 2967 statutorum
1727 2945 1803 2976 pre-
