1988 3256
307 359 403 405 360
531 372 633 406 THE
657 368 904 406 REGISTER
928 368 988 405 oF
1012 370 1192 406 BISHOP
1216 368 1621 405 BRANTYNGHAM.

308 471 386 531 *1³:313-
461 474 518 506 riis
542 475 666 506 nostris
689 475 818 506 Exonie
840 474 1056 513 celebrandis,
1080 474 1232 515 legitimo
1254 477 1405 506 cessante
1430 474 1683 515 impedimento,
1712 470 1852 505 Officiali

310 505 404 566 le5'1
461 522 577 550 nostro
594 518 781 559 Principali,
799 529 857 550 seu
875 519 908 549 in
926 518 1000 559 ejus
1015 518 1169 549 absencia
1185 517 1376 549 Presidenti
1391 518 1473 549 dicti
1488 517 1683 550 Consistorii
1704 516 1852 548 cuicum-

368 558 375 566 '
408 558 415 566 “
462 573 538 603 que,
562 566 664 603 prout
688 572 746 603 per
769 563 907 593 Statuta
931 573 950 592 a
978 560 1273 593 Predecessoribus
1299 562 1423 593 nostris
1446 561 1584 602 provide
1608 561 1643 592 iu
1670 561 1731 592 hac
1758 562 1853 600 parte

463 607 564 645 edita,
577 609 613 638 et
630 617 687 644 per
702 606 848 636 eundem
865 605 1047 638 Officialem
1065 605 1298 636 Archidiaconi
1314 606 1481 637 Cornubie
1496 605 1712 646 corporaliter
1725 599 1851 645 jurata,

464 648 641 690 [tenetur]‚
657 649 808 681 assedere
833 648 904 689 (sic)
929 649 962 680 in
986 649 1154 686 futurum,
1172 649 1236 680 sub
1259 659 1343 690 pena
1365 649 1461 690 juris,
1479 659 1545 679 non
1569 650 1761 689 postponat.
1807 647 1854 678 Et

464 693 547 734 quid
564 693 597 725 iu
616 692 783 734 premissis
799 692 965 724 duxeritis
981 692 1173 724 faciendum
1189 703 1259 730 nos,
1276 703 1334 724 seu
1351 697 1503 723 nostrum
1521 692 1701 724 Officialem
1727 689 1851 722 Princi-

463 737 582 778 palem,
610 739 671 768 aut
701 736 854 777 ejusdem
879 736 1075 768 Consisturii
1100 736 1341 775 Presidentem,
1370 736 1455 767 citra
1478 736 1618 767 Festum
1642 733 1853 766 Ascensionis

465 780 602 813 Domini
618 780 770 822 proximo
792 779 863 821 jam
879 780 1046 820 futurum,
1063 780 1262 820 certificetis,
1279 779 1499 811 etc.-—Dated
1522 782 1557 810 at
1573 778 1670 818 Clist,
1688 779 1729 810 28
1746 777 1852 819 April·

308 969 361 1030 ἑῗξ·
419 968 556 1022 ginno
612 967 792 1020 ΞΒοιηὶηὲ
848 970 896 1010 nt
952 981 1096 1021 supra,
1154 969 1195 1011 et
1252 965 1608 1012 OEouzectacimtiz
1673 961 1874 1017 &omini

311 1038 394 1064 Mm-
476 1022 613 1076 gimo
650 1024 770 1064 sexto
808 1022 1047 1075 intimente.

308 1079 353 1099 us.
422 1089 595 1128 Okeford
619 1091 641 1109 “
655 1089 696 1126 in
717 1089 925 1127 Decanatu
944 1089 993 1127 de
1014 1088 1225 1134 Moltone‚’'
1245 1089 1380 1126 Simon
1400 1088 1557 1139 Kynge,
1579 1086 1614 1124 R
1629 1107 1695 1131 ,—

421 1144 560 1175 Licence
587 1146 624 1174 to
650 1147 714 1183 put
739 1142 792 1174 his
824 1143 960 1175 Church
991 1147 1051 1174 out
1082 1147 1118 1174 to
1147 1142 1245 1180 farm,
1264 1142 1579 1182 “contemplacione
1609 1138 1741 1171 Nobilis
1771 1136 1853 1175 Viri,

464 1186 601 1219 Domini
624 1187 788 1218 «Iohannis
811 1187 854 1218 de
878 1187 993 1218 Monte
1020 1191 1130 1226 acuto,
1160 1186 1276 1217 Militis
1291 1197 1299 1225 ;
1328 1185 1491 1227 quamdiu
1518 1183 1662 1216 Domino
1689 1181 1854 1223 placuerit

463 1231 663 1262 duraturam
676 1230 694 1243 '’
712 1230 905 1271 (Chidham,
923 1231 963 1262 15
982 1231 1083 1272 May).

420 1285 619 1323 Oratories
636 1297 646 1332 ;
664 1284 818 1322 Licence
838 1291 875 1322 to
895 1285 1140 1329 celebrate,—

419 1340 517 1379 Item,
535 1338 604 1380 xxij
623 1339 676 1370 die
693 1339 826 1378 mensis,
838 1342 911 1376 etc.,
928 1340 1018 1380 apud
1037 1339 1131 1380 [Est]
1152 1339 1304 1379 Horsley,
1324 1337 1489 1369 Dominus
1505 1336 1669 1369 concessit
1688 1333 1853 1366 Wiilelmo

463 1383 643 1414 Huwisshe
660 1385 694 1413 et
713 1382 875 1414 Richards
890 1382 966 1423 ejus
983 1384 1078 1414 uxori
1094 1384 1183 1424 quod
1203 1382 1342 1423 possint,
1362 1377 1436 1420 etc.,
1452 1381 1485 1412 in
1512 1380 1681 1422 presencia
1702 1379 1854 1419 ipsorum

463 1437 521 1457 seu
538 1436 654 1457 eorum
670 1426 817 1465 alterius,
834 1426 868 1457 in
895 1427 1029 1467 Capella
1051 1426 1140 1458 infra
1163 1426 1350 1457 Manerium
1375 1425 1558 1456 eorundem
1581 1424 1623 1455 de
1646 1423 1802 1460 Halmio,
1818 1420 1853 1452 iu

465 1470 623 1501 Parochia
639 1470 681 1500 de
698 1470 805 1510 Seynt
823 1470 1008 1501 Domenike
1025 1480 1032 1509 ;
1056 1470 1219 1511 quamdiu
1237 1469 1380 1501 Domino
1395 1468 1559 1509 placuerit
1575 1468 1784 1498 duraturam.

309 1512 399 1546 Jum-
418 1514 517 1553 Item,
534 1516 629 1545 sexto
645 1513 699 1544 die
716 1513 839 1544 mensis
855 1514 960 1552 Junii,
978 1514 1170 1552 Londoniis,
1185 1513 1351 1544 Dominus
1367 1512 1530 1544 concessit
1545 1511 1710 1542 Willelmo
1725 1510 1852 1541 Preste-

311 1554 357 1574 ⁰5·
462 1561 536 1589 cote
563 1559 598 1588 et
625 1556 700 1598 ejus
727 1557 832 1596 uxori,
858 1567 986 1588 necnon
1010 1557 1158 1589 Johanni
1183 1558 1381 1596 Prestecote,
1401 1555 1588 1586 Licenciam
1606 1554 1697 1595 quod
1712 1552 1853 1594 possint,

463 1604 536 1640 etc.,
553 1601 587 1631 in
606 1600 774 1641 presencia
789 1600 937 1641 ipsorum
956 1611 1014 1632 seu
1032 1612 1147 1632 eorum
1171 1600 1324 1642 alicujus,
1341 1600 1376 1631 in
1400 1599 1543 1640 Capellis
1566 1599 1636 1629 suis
1658 1598 1700 1629 de
1725 1597 1853 1628 Preste-

461 1648 535 1676 eote
558 1644 609 1683 [in
634 1644 827 1684 Oucmscock]
850 1647 886 1676 et
910 1644 1000 1676 Rake
1017 1645 1068 1685 [in
1092 1644 1171 1676 Wesc
1188 1643 1376 1685 Alvinqton]
1397 1654 1405 1683 ;
1429 1642 1591 1684 quamdiu
1616 1641 1762 1673 Domino
1783 1640 1852 1681 pla-

463 1688 571 1720 cuerit
587 1688 797 1719 duraturam.

419 1742 724 1805 Archdeacoury
743 1742 784 1780 of
812 1743 957 1781 Exeter
985 1742 1099 1793 (ll);
1127 1743 1207 1781 Pro
1235 1741 1478 1791 repar-acione
1507 1739 1855 1778 Arclcidiaconatus

473 1797 770 1843 Exomenszs‚—-

419 1852 517 1890 Item,
535 1851 670 1889 ibidem,
687 1851 858 1882 emanavit
875 1851 986 1883 Libera
1005 1851 1234 1891 reparacionis,
1251 1851 1378 1882 directa
1404 1850 1537 1880 Decano
1561 1847 1706 1880 Ecclesie
1731 1846 1852 1878 Cathe-

464 1895 565 1926 dralis
584 1895 711 1925 Exonie
726 1898 761 1925 et
778 1894 938 1935 Magistro
951 1895 1099 1926 waltero
1118 1893 1315 1935 Bamptone,
1331 1893 1498 1925 Cauonico
1514 1893 1546 1924 iu
1564 1892 1682 1923 eadem
1697 1890 1854 1929 Ecclesia,

463 1938 527 1970 sub
549 1938 629 1969 data
651 1935 736 1969 xxmi
759 1938 826 1969 diei
849 1938 972 1969 mensis
996 1938 1085 1976 Maii,
1110 1938 1153 1969 ad
1175 1938 1374 1969 instanciam
1399 1936 1553 1976 Magistri
1571 1934 1743 1976 Radulphi
1761 1933 1853 1974 Pyla-

463 1985 552 2021 tone,
573 1982 800 2013 Procuratoris
827 1981 997 2022 originalis
1023 1981 1159 2013 Domini
1184 1981 1278 2013 Petri
1302 1981 1344 2012 de
1370 1981 1524 2019 Everino,
1543 1979 1638 2011 Sedis
1665 1977 1855 2019 Apostolice

466 2024 653 2058 cardinalis
666 2027 701 2055 et
716 2025 951 2056 Archidiaooni
967 2025 1104 2057 Exonie.
1153 2026 1198 2056 Et
1221 2025 1348 2056 habent
1370 2025 1413 2055 ad
1435 2022 1690 2054 certificandum
1712 2022 1754 2052 de
1777 2031 1853 2052 con-

463 2069 569 2100 tentis
595 2068 630 2099 in
657 2068 773 2099 eadem
802 2068 925 2108 Libera,
953 2068 1111 2110 expedito
1139 2068 1286 2110 negocio,
1302 2067 1527 2099 communiter
1551 2069 1587 2098 et
1613 2076 1682 2097 non
1709 2064 1853 2096 divisim.

464 2113 519 2144 See
547 2122 630 2153 page
654 2112 726 2144 356.

420 2166 596 2204 Blisland
618 2163 836 2218 [Blystone‚
860 2163 961 2219 MS]
977 2179 987 2214 ;
1014 2166 1121 2204 John
1149 2166 1450 2216 Gristynmasse,
1472 2165 1608 2215 priest,
1629 2163 1738 2210 R„-

423 2221 561 2252 Licence
584 2220 619 2251 of
641 2220 894 2252 non-residence
917 2221 969 2252 for
991 2231 1011 2251 a
1033 2231 1122 2262 year,
1146 2220 1212 2251 and
1241 2223 1276 2251 to
1302 2223 1365 2261 put
1388 2219 1440 2250 his
1464 2218 1600 2251 Church
1623 2220 1685 2249 out
1707 2219 1744 2248 to
1767 2215 1855 2247 farm

463 2264 630 2304 (London,
656 2263 673 2296 7
697 2263 811 2303 June).

421 2319 883 2370 Letters-Dimissory,—

421 2373 513 2406 John
552 2373 705 2413 Runaud,
744 2373 944 2413 subdeacon,
980 2373 998 2389 “
1014 2373 1056 2405 ad
1095 2372 1255 2406 Ordinem
1294 2373 1500 2404 Diacouatus
1516 2371 1535 2384 ”
1567 2370 1663 2410 (East
1702 2368 1854 2410 Horsley,

386 2458 388 2460 ’
422 2461 443 2493 J
447 2418 513 2492 off]
527 2416 752 2501 gigligrugge,
769 2460 903 2500 deacon,
921 2460 992 2492 “ad
1010 2460 1170 2492 Ordinem
1187 2459 1433 2492 presbiteratus
1444 2459 1462 2472 ’'
1479 2458 1584 2499 (same
1599 2456 1701 2497 date).

313 2515 408 2580 [Julm-
422 2515 648 2565 Inspection
686 2515 727 2553 of
773 2515 975 2565 Religious
1013 2515 1167 2553 Houses
1188 2528 1199 2563 ς
1244 2515 1311 2552 Ad
1356 2513 1677 2563 supervidendum
1714 2511 1857 2549 Domos

314 2557 358 2576 ‘¹⁵'
476 2569 826 2619 Reliyiosorum,—-

424 2623 580 2662 Thomas,
597 2626 670 2663 etc.,
696 2623 803 2654 Priori
827 2623 998 2655 Prioratus
1023 2622 1275 2661 Launcestonie,
1292 2622 1326 2653 in
1351 2621 1528 2661 cornubia,
1546 2624 1619 2659 etc.,
1643 2622 1679 2651 et
1700 2619 1854 2661 ejusdem

468 2666 546 2698 Loci
562 2666 763 2705 Conventui‚
780 2667 934 2705 salutem,
952 2666 1145 2705 etc—Quia
1169 2676 1238 2705 nos,
1258 2666 1401 2697 Domino
1424 2665 1594 2705 largiente,
1612 2674 1670 2705 per
1691 2662 1853 2705 quasdam

467 2710 585 2742 Partes
601 2714 713 2741 nostre
730 2710 878 2742 Diocesis
893 2710 1071 2749 antediem,
1088 2720 1187 2740 causa
1211 2710 1316 2740 nostri
1343 2708 1547 2740 Pontificalis
1572 2706 1752 2738 Ministerii
1780 2715 1853 2737 exe·

467 2753 594 2794 quendi
617 2753 872 2794 proficiscentes,
888 2754 931 2784 ad
953 2757 1104 2785 vestrum
1130 2753 1369 2784 Monasterium
1391 2752 1444 2783 die
1470 2753 1573 2790 Lune,
1591 2750 1746 2782 videlicet
1761 2759 1782 2781 x
1798 2748 1854 2780 die

467 2797 591 2828 mensis
607 2797 814 2837 Septembris
830 2797 981 2837 proximo
995 2796 1065 2838 jam
1082 2796 1202 2835 futuri,
1221 2807 1286 2827 una
1301 2806 1378 2827 cum
1395 2796 1450 2826 die
1465 2797 1627 2836 sequente
1643 2794 1671 2825 si
1686 2795 1850 2834 oporteat,

464 2840 674 2871 intendimus
697 2840 871 2879 declinare,
889 2840 930 2871 ad
954 2839 1240 2880 supervidendum
1264 2840 1432 2880 quomodo
1455 2842 1570 2870 nostre
1593 2837 1713 2868 ultime
1728 2835 1850 2867 visita-

466 2883 570 2915 cionis
593 2883 626 2914 in
651 2883 855 2915 Monusterio
879 2886 989 2914 vestro
1013 2883 1162 2924 predicto
1184 2883 1346 2914 excercite
1370 2883 1510 2914 Decreto
1535 2881 1702 2922 paruistis,
1719 2883 1754 2911 et
1775 2889 1851 2911 con-

465 2930 561 2958 tenta
576 2926 611 2958 in
627 2927 754 2966 eodem,
771 2928 814 2958 ad
829 2927 965 2958 laudem
983 2927 1044 2958 Dei
1061 2927 1189 2968 Suique
1207 2926 1360 2958 Nominis
1376 2926 1516 2967 gloriam
1533 2929 1569 2956 et
1591 2923 1727 2956 honoris
1749 2922 1851 2962 edita,

466 2973 507 3002 ut
532 2981 715 3012 speramus,
742 2970 916 3002 observare
942 2970 1096 3010 curastis,
1124 2969 1337 3012 qualiterque
1357 2968 1537 3002 versemini
1560 2968 1646 3000 circa
1668 2965 1852 3008 Discipline
