1988 3256
297 361 393 405 302

295 475 331 501 A.
338 475 373 501 D.

297 508 371 535 1373.

294 542 357 569 Vol.
371 543 396 569 1.

496 371 596 404 THE
632 371 879 405 REGISTER
914 371 975 404 OF
1009 371 1189 405 BISHOP
1223 372 1631 409 BRANTYNGHAM.

450 475 631 508 tuariensis
646 475 820 507 Provincie
836 474 1014 516 sepedicte,
1030 484 1069 506 ac
1082 474 1342 508 Archidiaconos
1363 486 1502 509 suarum
1525 476 1726 516 Diocesium,
1745 477 1839 519 quod

453 520 682 561 personaliter,
686 519 885 560 —Collegia,
902 529 990 558 vei-0,
1006 518 1076 550 sive
1093 519 1287 551 Conventus
1304 520 1467 552 Locorum
1483 520 1683 563 hujusmodi
1703 520 1838 562 singula.

452 574 513 605 per
527 563 687 604 singulos,
703 566 739 594 et
754 563 872 594 Clerus
895 562 1079 604 cujuslibet
1095 563 1241 594 Diocesis
1264 574 1323 604 per
1345 564 1430 596 duos
1452 563 1657 597 sufficientes
1672 565 1833 597 Procura-

446 611 548 647 tores,
564 607 606 638 de
623 606 767 647 negociis
782 606 942 648 predictis
958 617 1017 647 per
1032 607 1164 638 eosdem
1184 607 1388 648 Confi-atres,
1403 610 1595 640 nostrorum
1611 619 1670 640 seu
1687 608 1838 650 ipsorum

448 650 712 690 Commissarios‚
729 650 792 682 viis
806 653 842 682 et
857 649 976 681 mediis
992 649 1117 691 quibus
1132 653 1295 692 poterunt
1310 650 1468 692 primitus
1482 651 1723 692 informandos,
1747 662 1836 684 com-

449 697 590 737 pareant
613 704 725 726 coram
750 693 846 725 nobis
873 693 1063 735 penultimo
1089 694 1143 725 die
1167 694 1327 726 instantis
1351 695 1477 727 mensis
1507 695 1598 735 Maii,
1628 695 1664 727 in
1690 677 1838 728 Ecclesia

447 738 563 772 Sancti
579 738 676 770 Pauli
691 737 979 776 Londoniarum,'
969 748 1004 769 m
1020 737 1274 770 continuacione
1289 744 1325 771 et
1340 739 1575 780 prorogacione
1598 739 1730 771 dierum
1753 742 1838 771 tunc

447 782 674 824 sequencium,
691 792 793 822 snper
807 780 933 813 eisdem
956 781 1101 822 negociis
1116 784 1152 813 et
1166 792 1204 813 ea
1220 782 1510 819 concernentibus,
1525 785 1609 815 tunc
1624 783 1730 815 eciam
1756 782 1837 824 ipsis

448 825 580 867 plenius
595 824 812 867 exponendis,
829 824 1004 856 nobiscum
1020 826 1207 865 tractaturi,
1221 836 1404 867 eorumque
1415 836 1534 858 sanum
1547 826 1723 859 consilium
1737 836 1839 868 super

447 870 513 902 hiis
528 868 723 910 impensuri,
740 868 931 910 facturique
953 871 990 900 et
1011 869 1178 910 recepturi
1201 872 1304 910 prout
1325 870 1368 901 ad
1391 880 1670 911 unumquemque
1686 870 1836 911 ipsorum

446 915 481 946 in
498 913 561 945 hac
577 915 672 954 parte
687 912 814 944 attinet
829 916 865 944 et
880 912 1095 953 negociorum
1117 912 1315 954 hujusmodi
1330 913 1476 955 qualitas
1491 914 1597 954 exigit
1619 917 1655 946 et
1676 913 1830 955 requirit.

447 957 650 990 Intimantes
666 956 792 988 eisdem
817 956 907 997 quod
931 958 1048 987 contra
1069 956 1225 988 absentes
1248 956 1362 989 debite
1383 958 1614 997 procedemus,
1639 957 1766 989 nullius
1788 957 1836 989 sic

446 1000 595 1033 absentis
621 999 874 1032 excusacionem
898 999 1036 1041 penitus
1060 1000 1250 1040 admissuri,
1278 1000 1343 1032 nisi
1373 1003 1542 1042 quatenus
1569 1002 1611 1032 ad
1639 1000 1702 1033 hoc
1732 1001 1836 1032 artati

445 1045 610 1077 fuerimus
626 1054 685 1085 per
702 1043 885 1076 Canonicas
901 1043 1110 1075 Sancciones.
1157 1044 1234 1084 Vos,
1247 1044 1364 1083 eciam,
1378 1055 1513 1086 presens
1530 1044 1740 1085 Mandatum,
1753 1047 1834 1086 qua-

446 1091 546 1120 tenus
562 1088 606 1119 ad
622 1098 680 1119 vos
695 1090 730 1119 et
745 1087 919 1119 Decannm
942 1097 980 1119 ac
1004 1086 1204 1128 Capitulum
1228 1091 1390 1128 vestrum,
1413 1098 1543 1120 necnon
1567 1088 1750 1129 Religiosos
1773 1098 1833 1120 seu

447 1132 528 1164 alios
544 1131 698 1173 superius
713 1130 913 1170 nominatos,
937 1141 974 1162 ac
997 1130 1257 1163 Archidiaconos
1279 1134 1315 1163 et
1337 1131 1473 1164 Clerum
1489 1130 1600 1164 vestre
1615 1132 1764 1164 Diocesis
1785 1134 1836 1164 at·

446 1176 545 1212 tinet,
563 1175 687 1207 curetis
702 1174 737 1206 in
753 1174 920 1212 omnibus,
937 1177 1040 1215 prout
1055 1174 1222 1212 convenit,
1238 1175 1327 1206 adim
1331 1175 1431 1216 plere.
1481 1175 1532 1207 De
1547 1175 1612 1214 die,
1624 1185 1713 1214 vero,
1726 1185 1836 1217 recep-

447 1219 550 1252 cionis
567 1219 792 1258 presencium,
808 1221 844 1250 et
859 1197 967 1260 quid
957 1228 993 1249 in
1009 1218 1178 1259 premissis
1193 1218 1350 1259 feceritis,
1363 1229 1490 1251 necnon
1507 1219 1550 1251 de
1565 1219 1666 1251 modo
1680 1222 1715 1251 et
1727 1218 1837 1251 forma

447 1263 572 1305 quibus
588 1272 724 1303 presens
741 1260 945 1299 Mandatum
961 1265 1117 1293 nostrum
1133 1262 1267 1294 executi
1282 1244 1425 1301 fueritis,
1436 1273 1506 1303 nos,
1522 1262 1622 1295 dictis
1636 1262 1691 1294 die
1703 1265 1740 1294 et
1750 1262 1834 1301 loco,

447 1306 648 1343 certificetis,
665 1309 728 1338 etc.
774 1305 887 1345 Vobis,
904 1305 1020 1343 eciam,
1043 1309 1085 1337 ut
1106 1315 1218 1346 supra,
1242 1305 1455 1347 injungimus
1469 1310 1505 1338 et
1519 1306 1721 1338 mandamus
1743 1306 1835 1348 quod

447 1350 606 1382 omnibus
621 1352 656 1381 et
672 1349 813 1390 singulis
830 1349 1055 1390 Snffraganeis
1078 1349 1201 1381 nostris
1224 1350 1384 1391 predictis
1407 1349 1605 1392 injungatis,
1630 1359 1691 1382 seu
1713 1349 1834 1382 vestris

448 1394 571 1426 Literis
586 1393 716 1425 faciatis
731 1392 875 1434 injungi,
893 1393 984 1434 quod
1000 1392 1124 1433 singuli
1139 1403 1265 1432 eorum,
1283 1396 1452 1435 quatenus
1467 1394 1616 1435 pertinet
1630 1393 1674 1425 ad
1689 1393 1833 1434 eosdem,

448 1449 520 1476 nos,
536 1438 590 1469 dic
606 1440 642 1469 et
656 1437 728 1468 loco
744 1435 951 1478 hujusmodi,
967 1444 1032 1478 per·
1042 1436 1172 1468 Literas
1187 1447 1302 1468 eorum
1319 1440 1485 1478 patentes,
1501 1441 1690 1470 vestrarum
1707 1437 1834 1469 Litern-

449 1492 526 1514 rum
543 1484 695 1513 tenorem
719 1490 757 1512 ac
779 1480 961 1512 citatorum
977 1480 1080 1512 eciam
1097 1480 1233 1512 nomina
1255 1481 1477 1522 continentes,
1500 1481 1696 1521 certificent,
1720 1484 1761 1513 ut
1782 1483 1836 1513 est

450 1524 740 1557 mons—Datum
764 1524 854 1565 apud
880 1523 1074 1563 Lambethe,
1097 1524 1246 1556 secundo
1275 1524 1330 1556 die
1360 1525 1485 1557 mensis
1514 1524 1596 1557 Maii
1625 1524 1831 1566 supradicto,

450 1569 538 1601 A.1›.
555 1569 617 1600 ΜΟ.
637 1568 767 1601 coemo
782 1567 909 1609 lxxiijo,
924 1570 959 1599 et
973 1570 1088 1599 nostre
1110 1567 1352 1600 Translacionis
1374 1568 1504 1610 quinto.
1551 1568 1703 1608 Quarum
1718 1571 1833 1600 aucto·

447 1613 548 1645 ritate
564 1612 763 1649 Literarum,
780 1622 848 1650 vos,
866 1611 1050 1643 Dominum
1075 1610 1278 1652 Episcopum
1302 1612 1545 1653 supradictum,
1561 1615 1679 1644 tenore
1693 1612 1831 1644 Presen·

448 1657 536 1688 cium
554 1655 777 1697 peremptorie
793 1655 947 1695 citamus,
963 1658 999 1686 et
1014 1665 1074 1696 per
1088 1664 1148 1687 vos
1169 1655 1325 1687 similiter
1346 1655 1442 1687 citari
1458 1655 1680 1697 peremptorie
1695 1655 1832 1687 manda·

446 1710 523 1732 mus
538 1700 654 1731 omnes
670 1702 706 1731 et
720 1698 868 1740 singulos
883 1709 968 1740 quos
984 1698 1114 1730 dictum
1132 1698 1331 1731 Mandatum
1348 1699 1382 1731 in
1399 1700 1602 1741 Episcopatu
1615 1702 1727 1732 vestro
1737 1699 1834 1731 citari

447 1744 552 1784 exigit
567 1746 603 1775 et
618 1743 767 1784 requirit,
786 1746 825 1774 ut
839 1741 940 1784 juxta
962 1743 1112 1782 modum,
1135 1741 1290 1783 formam,
1313 1746 1349 1775 et
1371 1743 1530 1776 effectum
1555 1743 1744 1775 Literarum
1760 1753 1831 1784 pre-

447 1788 613 1819 dictarum
630 1786 851 1827 compareatis
869 1789 905 1817 et
926 1788 1153 1828 compareant,
1169 1786 1224 1817 die
1246 1789 1281 1818 et
1304 1786 1375 1818 loeo
1398 1787 1431 1818 in
1455 1787 1546 1818 dicto
1568 1787 1730 1819 Mandato
1744 1796 1833 1818 com-

447 1830 628 1872 prehensis,
645 1829 768 1862 facturi
783 1830 817 1861 in
834 1829 1001 1870 omnibus,
1019 1833 1055 1861 et
1071 1840 1129 1871 per
1144 1829 1266 1870 omnia,
1290 1831 1382 1872 quod
1404 1830 1605 1862 Mandatum
1623 1830 1706 1862 dicti
1723 1830 1832 1862 Patris

449 1876 482 1906 in
500 1874 658 1906 omnibus
674 1877 710 1906 et
725 1873 867 1914 singulis
882 1872 953 1905 fieri
970 1873 1074 1914 exigit
1095 1876 1131 1905 et
1152 1873 1293 1914 requirit
1316 1874 1351 1905 in
1373 1873 1438 1906 hac
1452 1878 1557 1916 parte.
1603 1874 1650 1906 Et
1665 1884 1724 1905 vos
1745 1872 1832 1905 illud

446 1929 523 1950 cum
541 1918 674 1957 effectu,
691 1918 725 1948 in
742 1917 899 1948 omnibus
914 1920 950 1948 et
964 1917 1106 1958 singulis
1121 1917 1271 1948 articulis
1294 1917 1373 1956 suis,
1389 1922 1558 1959 quatenus
1573 1927 1632 1950 vos
1646 1921 1683 1949 et
1698 1917 1832 1958 Episco-

447 1965 566 2003 patum
591 1965 742 1993 vestrum
766 1960 948 1999 concernit,
973 1961 1104 1993 dictum
1129 1961 1263 1992 Patrem
1287 1961 1509 2001 certificando,
1532 1964 1567 1993 et
1589 1964 1700 1993 cetera
1721 1960 1835 1992 omnia

446 2005 599 2037 faciendo
621 2015 688 2046 que
710 2005 745 2035 in
768 2003 948 2045 premissis,
971 2007 1033 2036 aut
1055 2004 1140 2036 circa
1162 2003 1332 2045 premissa,
1362 2005 1594 2046 requiruntur,
1621 2003 1835 2045 exequamini

446 2049 634 2090 diligenter.
638 2047 794 2080 ——Dated
825 2047 977 2088 London,
1008 2049 1028 2079 4
1059 2047 1149 2089 May.
1213 2047 1313 2080 Istud
1344 2048 1544 2080 Mandatum
1574 2048 1621 2081 sic
1651 2047 1720 2080 fuit
1754 2058 1832 2080 exe-

445 2095 574 2131 cutum,
576 2110 620 2115 -—

401 2136 646 2168 -Mandatum
662 2134 799 2166 Domini
815 2133 944 2166 Decano
959 2138 987 2167 ct
1004 2133 1162 2176 capitulo
1182 2145 1222 2167 ac
1237 2133 1378 2176 sinyulis
1397 2135 1445 2167 Ar
1446 2134 1656 2175 cnidiae-onis,
1670 2145 1733 2177 pro
1749 2134 1830 2167 Ocn-

444 2182 609 2212 vocacione
621 2178 777 2220 predicta,
779 2196 823 2202 —

402 2224 557 2263 Thomas,
580 2225 658 2261 etc„
683 2221 925 2254 Archidiacono
947 2224 1063 2253 nostro
1085 2221 1224 2262 Exonie,
1248 2221 1300 2253 vel
1323 2221 1398 2264 ejus
1421 2221 1561 2254 Officiali
1582 2232 1643 2254 seu
1667 2221 1830 2255 Commis-

287 2922 338 2950 fol.
352 2922 414 2949 85b.

445 2267 539 2305 sario,
556 2266 710 2298 locumve
725 2265 877 2307 ejusdem
893 2264 1128 2297 Archidiaconi
1149 2265 1328 2306 occupanti
1348 2266 1559 2307 cuicumque,
1574 2265 1829 2298 salutem—Li-

444 2314 533 2343 teras
547 2309 777 2350 infrascriptas
791 2307 874 2351 iiijto
889 2308 943 2340 die
959 2308 1083 2341 mensis
1099 2309 1188 2349 Maii,
1205 2312 1356 2341 tenorem
1372 2309 1432 2351 qui
1446 2309 1600 2351 sequitur
1614 2309 1658 2342 de
1672 2309 1774 2342 verbo
1785 2309 1830 2341 ad

444 2354 586 2386 verbum
602 2353 789 2394 recepimus
805 2352 1278 2393 continentes,—Reverendo,
1295 2355 1368 2392 etc,
1385 2355 1426 2386 ut
1440 2363 1552 2394 supra.
1555 2353 1762 2393 —Quocirca
1772 2363 1829 2385 vo-

444 2398 496 2430 bis
511 2397 757 2429 committimus
779 2399 815 2428 et
836 2395 1052 2436 mandamus,
1062 2396 1098 2427 in
1121 2396 1249 2428 virtute
1265 2378 1388 2428 Sancte
1403 2396 1613 2436 Obediencie,
1628 2399 1665 2429 et
1679 2396 1744 2428 sub
1760 2396 1828 2428 Ma-

443 2441 526 2483 J'oris
548 2439 915 2473 Excommunicacionis
938 2449 1035 2481 pena,
1060 2439 1202 2471 firmiter
1224 2439 1450 2481 injungentes,
1474 2440 1636 2482 quatinus
1657 2439 1769 2472 citetis
1794 2442 1831 2472 et

443 2484 674 2526 premuniatis,
696 2493 756 2515 seu
779 2482 876 2515 citari
897 2487 960 2515 aut
983 2483 1168 2524 premuniri
1190 2483 1330 2522 faciatis,
1347 2483 1580 2525 peremptorie,
1596 2484 1770 2516 Decannm
1792 2485 1829 2515 et

444 2528 642 2570 Capitulum
675 2526 819 2559 Ecclesie
835 2530 949 2558 nostre
980 2527 1188 2567 Exoniensis,
1218 2537 1257 2558 ac
1286 2527 1391 2558 eciam
1429 2527 1588 2567 Abbates,
1621 2527 1761 2568 Priores,
1791 2529 1828 2559 et

442 2575 570 2604 ceteros
595 2570 818 2602 Ecclesiarum
841 2570 1001 2609 Prelatos,
1025 2573 1198 2612 exemptos
1221 2572 1257 2602 et
1279 2580 1346 2602 non
1369 2573 1553 2612 exemptos,
1570 2571 1828 2612 Prepositosque

444 2615 705 2656 Collegiatarum
729 2613 954 2646 Ecclesiarum
977 2614 1011 2645 in
1036 2613 1183 2646 Civitate
1205 2616 1240 2645 et
1262 2612 1545 2646 Archidinconatu
1561 2613 1690 2647 Exonie
1705 2613 1826 2646 consti-

441 2662 545 2699 tutos,
569 2658 660 2699 quod
683 2659 901 2698 compareant
923 2656 993 2698 ipse
1017 2657 1182 2694 Decanus,
1199 2657 1358 2697 Abbates,
1384 2657 1524 2698 Priores,
1540 2661 1576 2690 et
1592 2657 1766 2698 Prepositi,
1789 2659 1826 2689 et

441 2703 634 2744 compareat
656 2711 772 2732 eorum
795 2700 950 2742 quilibet,
972 2700 1216 2742 personantem
1245 2700 1451 2741 Capitulum,
1474 2711 1563 2741 vero,
1587 2700 1734 2742 Collegis
1755 2699 1826 2732 sive

442 2746 640 2779 Conventus
657 2745 820 2776 Locorum
843 2743 1042 2786 hujusmodi
1063 2743 1187 2785 singuli
1209 2754 1268 2785 per
1289 2743 1615 2784 singulos301erus‚
1630 2755 1718 2783 vere,
1734 2744 1826 2786 ejus-

442 2790 520 2822 dem
536 2788 834 2820 Archidiaconatus
850 2790 886 2819 et
901 2787 1200 2819 Archidiaconutus
1214 2787 1440 2819 Tottoniensis
1457 2798 1516 2829 per
1530 2798 1638 2820 unum
1660 2787 1825 2820 sufficien-

441 2837 512 2864 tem
529 2833 794 2870 Procuratorem,
811 2840 921 2862 coram
938 2830 1098 2872 Magistro
1115 2831 1258 2872 Hngone
1276 2830 1450 2872 Hiclynge,
1467 2834 1582 2863 nostro
1598 2831 1633 2863 in
1650 2830 1712 2863 hac
1727 2833 1824 2872 parte

443 2875 693 2914 Commissario,
715 2875 751 2906 in
774 2874 923 2906 Ecclesia
944 2878 1059 2906 nostra
1082 2873 1275 2906 cathedrali
1302 2874 1439 2914 Exonie,
1463 2874 1516 2906 die
1546 2874 1642 2906 Lune
1671 2874 1824 2916 proximo

441 2922 518 2961 post
533 2919 674 2951 Festum
697 2918 812 2950 Sancti
835 2917 1004 2949 Dunstani
1019 2917 1266 2959 Archiepiscopi
1289 2917 1441 2959 proximo
1461 2917 1630 2958 futurum,
1646 2919 1689 2950 sd
1711 2917 1824 2950 omnis.

440 2962 602 3007 premissa
630 2959 818 3005 specialiter
846 2961 1021 3005 deputato,
1052 2971 1165 2994 coram
1193 2960 1284 2993 dicto
1314 2960 1461 2994 Domino
1490 2960 1755 3004 Archiepiscopo,
1785 2960 1822 2992 in

1984 2182 1988 2187 .
1977 1951 1988 2172 Ν.-.“Λ..4.Λ......
