1988 3256
513 369 723 403 ssffls'rn
732 370 804 404 ΠΜ
829 370 1291 404 ooMMUNa—ANNO
1318 360 1379 406 5⁰.
1628 360 1724 404 333

173 471 250 531 ἓξὲξ
282 473 526 511 Stokenham
545 487 555 521 ς
584 474 795 512 Relaxacio
817 474 1010 524 Sequestri
1041 474 1188 513 Vicat-ie
1207 475 1253 513 de
1273 476 1595 521 Stokenhame‚—-

174 538 238 565 v01,
254 527 382 568 1,Item,
396 527 486 569 xxijo
495 528 549 559 die
565 529 647 559 dicti
663 530 793 568 mensis,
812 530 981 561 emanavit
994 529 1168 562 Relaxacio
1185 529 1359 571 Sequestri
1372 530 1407 561 in
1425 529 1607 561 fructubus
1617 532 1654 561 et
1665 529 1721 561 ob-

329 571 546 603 vencionibus
561 572 691 604 Vicat-ie
711 573 856 604 Ecclesia
880 573 1080 605 Parochialis
1103 574 1145 605 de
1169 573 1405 613 Stokenhame‚
1430 573 1558 605 directa
1577 573 1722 605 Domino

330 615 475 647 Hem-ico
501 615 741 655 Blakebonrne,
765 616 892 648 ibidem
920 617 1062 656 Rectori,
1084 617 1127 648 ad
1157 617 1357 649 instanciam
1381 617 1560 658 cujusdam
1589 617 1722 649 Ricardi

329 657 453 698 Blides,
466 659 650 700 presbiteri,
666 660 906 692 Lincolniensis
922 661 1080 701 Diocesis,
1101 661 1156 692 eui
1172 661 1213 692 de
1229 661 1464 696 dictaVicaria
1474 671 1517 693 ex
1534 661 1722 693 collacione

327 703 452 735 Nuncii
477 703 572 735 Sedis
595 704 795 744 Apostolice,
813 708 853 736 ut
875 704 1059 745 dicebatur,
1076 705 1193 736 extitit
1216 705 1413 745 provisum3
1437 705 1590 736 faciendo
1613 705 1722 736 eidem

329 747 470 779 Ricardo
479 747 522 779 de
533 747 715 779 fructubus
725 750 760 779 et
771 748 1033 780 obvencionibus
1049 748 1202 790 ejusdem
1212 749 1344 781 Vicarie
1354 749 1485 790 integre
1498 747 1691 790 responderi
1704 759 1723 779 a

325 793 478 832 tempore
493 791 707 832 possessionis
721 791 843 832 adepte
859 792 993 833 pacifice
1007 792 1041 823 in
1058 792 1184 825 eadem.
1231 793 1386 832 Fructus,
1403 795 1530 831 tamen,
1549 795 1585 824 et
1600 792 1722 824 obven-

327 834 438 866 ciones
455 835 583 875 prefate
598 834 743 874 Vicarie,
760 839 840 867 ante
857 836 1096 876 possessionem
1120 837 1276 877 adeptam
1295 847 1354 876 per
1369 836 1501 868 dictum
1527 836 1720 875 Ricardum,

173 877 222 904 fol.
238 876 301 905 491³-
326 881 555 920 sequestratos
576 889 748 911 remanere
771 880 1047 919 deerevit‚donec
1071 879 1287 911 raciocinium
1309 880 1423 911 dictus
1443 880 1607 912 Dominus
1633 881 1721 911 Hen-

325 923 424 962 ricus,
450 923 571 954 Rector
593 923 635 954 de
658 922 886 955 Stokenhame
917 924 1098 965 predictus,
1122 924 1311 956 reddiderit
1333 924 1376 955 de
1402 923 1569 965 perceptis
1592 924 1723 956 Vicarie

328 966 474 998 Ecclesie
489 966 668 1008 sepedicte.

285 1044 343 1082 St.
366 1042 563 1082 Sancreed
582 1055 591 1090 ;
620 1044 700 1081 Pro
718 1045 1028 1092 reparact'one,-

283 1098 382 1136 Item,
403 1098 528 1129 eisdem
544 1097 608 1137 die,
624 1097 704 1136 loco,
721 1101 757 1129 et
771 1108 869 1136 auno,
894 1098 1061 1129 Dominus
1084 1098 1248 1130 concessit
1270 1098 1401 1130 Literas
1425 1099 1654 1140 reparacimis,
1671 1099 1721 1130 di-

326 1145 434 1173 rectas
445 1141 687 1173 Arehidiacono
701 1141 870 1174 Cornubie
887 1141 937 1172 vel
954 1141 1030 1183 ejus
1045 1142 1195 1182 Officiali,
1209 1142 1354 1173 Domino
1368 1143 1501 1174 Andree
1513 1143 1617 1183 Bovy‚
1630 1153 1721 1184 pres-

325 1185 443 1223 bitero,
463 1186 628 1226 Perpetuo
644 1185 774 1217 Viciu-io
799 1185 944 1217 Ecclesie
967 1186 1168 1218 Paroohialis
1191 1185 1308 1218 Sancti
1332 1187 1491 1218 Saneredi
1510 1187 1574 1227 [in]
1591 1187 1719 1219 Coruu-

324 1229 388 1269 bia,
405 1240 466 1270 pro
481 1229 692 1266 defectubus,
708 1232 770 1261 etc.

171 1304 257 1366 ἐξω·
289 1306 326 1344 Ν
328 1307 569 1345 on—resident
589 1306 607 1344 I
612 1306 873 1354 ncumbents3
902 1307 1071 1345 Monicz‘o
1090 1307 1145 1345 ad
1163 1307 1474 1354 residendum,—

212 1359 219 1365 '
287 1361 386 1400 Item,
404 1361 511 1402 primo
527 1361 581 1392 die
597 1361 721 1392 mensis
736 1361 758 1393 J
763 1361 830 1399 ulii,
847 1361 937 1402 apud
955 1361 1050 1400 Clist,
1067 1362 1237 1392 emanavit
1254 1362 1453 1393 Mandatum
1470 1361 1637 1393 directum
1655 1362 1719 1394 De-

325 1415 408 1436 cano
425 1405 690 1436 Christianitatis
706 1405 835 1436 Exonie
851 1407 886 1436 et
902 1405 1036 1436 Rectori
1061 1405 1205 1436 Ecclesie
1229 1406 1351 1436 Sancte
1374 1405 1478 1436 Marie
1496 1405 1632 1446 Majoris
1655 1406 1719 1437 ibi-

325 1450 413 1488 dem,
437 1449 479 1479 ad
503 1448 709 1479 monendum
734 1449 895 1480 Personas
917 1448 1145 1489 infrascriptas
1167 1450 1258 1490 quod
1282 1449 1451 1480 resideant
1481 1449 1515 1480 in
1547 1449 1720 1482 Beneficiis

326 1493 405 1529 suis,
421 1492 562 1523 inferius
577 1491 763 1533 descriptis,
779 1492 867 1523 infra
883 1502 1032 1523 mensem
1048 1503 1067 1523 a
1084 1497 1234 1533 tempore
1252 1493 1449 1524 Monicionis
1464 1493 1646 1524 eorundem
1658 1493 1719 1525 eis-

325 1536 400 1567 dem
419 1540 455 1567 et
470 1546 586 1567 eorum
604 1535 785 1577 unicui'que
800 1535 950 1576 legitime
965 1535 1127 1576 faciende,
1145 1536 1209 1568 sub
1226 1547 1310 1577 pena
1320 1536 1416 1578 juris,
1434 1539 1496 1568 etc.
1517 1548 1525 1576 ;
1550 1540 1590 1568 ut
1606 1537 1640 1568 in
1664 1548 1719 1568 eo-

324 1580 402 1611 dem
420 1579 580 1612 Mandato
595 1579 727 1619 plenius
742 1582 794 1610 est
808 1590 1012 1620 expressum.

282 1623 432 1655 —Tenor
449 1623 566 1655 Oedule
580 1623 664 1654 dicto
683 1623 841 1654 Mandata
856 1633 979 1654 annexa
993 1625 1146 1664 sequitur,
1163 1625 1200 1655 in
1215 1622 1276 1655 hac
1285 1622 1455 1664 forma,—

283 1667 449 1699 Dominus
471 1666 635 1698 Walterus
650 1667 886 1707 Dodyngtone,
904 1667 1099 1705 Succentor,
1118 1668 1239 1699 Rector
1263 1667 1408 1699 Ecclesie
1424 1667 1466 1699 de
1483 1667 1716 1709 Clisthydone.

282 1711 448 1742 Dominus
464 1709 641 1743 walterus
659 1710 801 1747 Escolm,
821 1711 941 1742 Rector
958 1711 1103 1742 Ecclesie
1119 1711 1234 1743 Sancti
1251 1711 1426 1752 Stephani,
1448 1712 1582 1743 Exonie.

285 1755 451 1786 Dominus
466 1755 638 1786 Johannes
655 1754 772 1794 kae,
794 1755 911 1786 Reemr
927 1754 1072 1787 Ecclesie
1089 1755 1250 1787 Omnium
1265 1755 1466 1787 Sanctorum
1478 1755 1511 1787 in
1527 1755 1718 1787 Aurifabria

326 1799 464 1830 Exonie.

282 1842 447 1874 Dominus
465 1842 631 1873 Robertus
647 1841 857 1881 Kerdewille,
877 1842 998 1873 Rector
1015 1841 1161 1873 Ecclesie
1177 1842 1293 1873 Sancti
1311 1842 1418 1882 Pauli,
1436 1842 1573 1875 Exonie.

283 1886 449 1917 Dominus
466 1885 573 1916 Adam
591 1885 774 1924 Penbroke,
793 1885 914 1916 Rector
930 1885 1076 1917 Ecclesie
1091 1886 1134 1916 de
1150 1885 1322 1926 Trevalga,
1340 1886 1374 1917 in
1393 1886 1571 1917 cornubia.

282 1929 448 1961 Dominus
463 1929 636 1961 ,Iohannes
653 1929 758 1968 Colin,
775 1928 932 1960 obtinens
948 1930 1119 1970 quandam
1136 1929 1329 1961 cantariam
1345 1930 1436 1970 apud
1453 1929 1640 1971 Nywetone
1654 1930 1716 1961 Po·

347 1973 476 2004 ilforde.

281 1983 447 2048 DXminus
463 2016 634 2048 ,Iohannes
650 2015 787 2055 Giffard,
808 2017 927 2047 Rector
951 2016 1095 2047 Ecclesie
1118 2016 1160 2048 de
1183 2017 1312 2058 Nymet
1330 2016 1470 2049 Rolond.
1532 2017 1577 2048 Et
1592 2020 1644 2048 est
1659 2017 1715 2048 Vi-

324 2060 434 2092 carius
449 2060 483 2091 in
502 2060 655 2091 Ecclesia.

282 2104 450 2135 Dominus
466 2103 637 2136 «lohannes
654 2103 756 2141 More,
779 2104 899 2134 Rector
916 2103 1060 2134 Ecclesie
1076 2103 1191 2135 Sancti
1209 2103 1349 2142 Petroci,
1370 2104 1506 2135 Exonie.

282 2148 448 2179 Dominus
466 2146 657 2178 Willelmus
673 2146 764 2187 Wyt,
783 2147 902 2178 Rector
919 2144 1080 2178 Omnium
1097 2147 1299 2179 Sanctorum
1314 2147 1349 2178 in
1366 2147 1473 2179 Muris
1489 2147 1627 2180 Exonie.

282 2191 446 2222 Dominus
461 2191 483 2223 J
486 2190 634 2222 ohannes
649 2190 836 2226 Surcetere,
855 2191 978 2222 Rector
996 2191 1139 2222 Ecclesie
1155 2191 1278 2223 Sancte
1293 2191 1480 2229 Trinitatis,
1498 2191 1638 2223 Exonie.

283 2235 450 2266 Dominus
468 2233 661 2265 Willelmus
679 2233 812 2273 Besche,
831 2235 951 2265 Rector
967 2234 1112 2265 Eeclesie
1128 2235 1170 2266 de
1187 2234 1412 2275 Bukyngtone
1427 2234 1583 2275 [Bicch.

263 2278 446 2320 ‚Dominus
462 2278 495 2309 N
499 2278 644 2309 icholaus
663 2277 748 2316 Bele,
766 2277 887 2309 Rector
905 2278 1049 2309 Ecclesie
1065 2278 1182 2310 Sancti
1198 2278 1302 2317 Olavi,
1323 2279 1458 2309 Exonie-

281 2321 447 2353 Dominus
462 2321 483 2352 J
487 2321 634 2352 ohannes
651 2320 833 2359 Beamond,
852 2321 972 2352 Rector
990 2321 1134 2353 Eeclesie
1151 2321 1265 2353 Sancti
1282 2321 1428 2361 Martini,
1446 2322 1584 2354 Exonie.

281 2365 448 2396 Dominus
466 2365 652 2396 Willelmus
669 2364 876 2404 Staccombe,
895 2365 1016 2396 Rector
1030 2365 1072 2396 de
1088 2365 1174 2397 Clist
1189 2366 1312 2396 Sancte
1328 2364 1455 2397 Mario}

282 2441 427 2479 Exeter
454 2440 694 2496 Cathedral;
722 2441 803 2478 Pro
822 2441 1076 2479 mandacione
1098 2440 1296 2480 cimiterii
1315 2441 1479 2479 Ecclesia
1509 2441 1718 2480 Gathedra-
1779 2478 1781 2480 .

337 2496 455 2542 lis,—

279 2549 378 2588 Item,
395 2549 518 2580 eisdem
536 2548 590 2579 die
606 2552 642 2580 et
657 2548 738 2588 loeo,
754 2548 926 2580 emanavit
953 2549 1160 2588 Mandatum,
1177 2549 1242 2580 sub
1254 2548 1363 2589 sigillo
1383 2549 1529 2588 Domini,
1547 2550 1716 2582 directum

327 2593 459 2624 Decano
477 2591 742 2623 Christianitatis
768 2592 903 2632 Exonie,
920 2595 956 2623 et
971 2592 1094 2623 Sancte
1117 2592 1221 2623 Marie
1246 2592 1382 2633 Majoris
1397 2603 1435 2623 ac
1452 2593 1567 2624 Sancti
1586 2594 1716 2625 Petroci

325 2636 546 2667 Ecclesiarum
582 2635 789 2674 Rectoribus,
816 2634 895 2667 Loci
916 2635 1080 2676 ejusdem,
1104 2636 1146 2666 ad
1170 2636 1377 2667 monendum
1400 2646 1515 2667 omnes
1538 2637 1571 2667 in
1596 2647 1716 2678 genere

324 2680 384 2720 qui
401 2679 529 2716 fimum,
550 2678 759 2718 memmium,
776 2682 811 2709 et
827 2679 891 2710 alia
906 2679 984 2710 feda
999 2679 1033 2710 in
1052 2678 1226 2710 Cimiterio
1243 2679 1388 2710 Ecclesie
1400 2679 1612 2711 Cathedralis
1632 2681 1714 2711 Exo-

326 2723 380 2753 uie
396 2722 598 2753 dimiserunt
613 2732 671 2753 seu
687 2722 789 2753 eciam
808 2726 1003 2762 posuerunt,
1021 2722 1121 2763 quod,
1139 2722 1227 2759 infra
1243 2732 1391 2754 mensem
1409 2733 1427 2753 a
1443 2726 1594 2764 tempore
1610 2724 1715 2755 Moni-

326 2766 429 2797 cionis
446 2765 594 2806 legitime
609 2765 760 2796 faciende
776 2765 911 2804 eisdem,
928 2776 966 2796 ea
982 2769 1170 2804 amoveant,
1197 2769 1232 2796 et
1254 2766 1297 2796 ab
1319 2766 1391 2797 aliis
1407 2766 1532 2797 illicitis
1547 2767 1582 2798 in
1599 2767 1716 2799 eodem

175 2883 187 2904 ¹
210 2885 240 2916 A
254 2883 322 2915 like
337 2883 497 2915 Mandane
512 2894 579 2914 was
601 2883 761 2922 directed,
779 2884 798 2915 8
815 2883 908 2924 July,
1021 2883 1112 2921 tin’s,
1133 2883 1270 2923 Exeter,
1295 2886 1334 2915 to
1355 2884 1534 2916 admonish
1558 2885 1717 2926 Ranulph

218 2931 254 2959 to
270 2927 329 2959 the
346 2927 438 2958 Dean
461 2926 497 2958 of
519 2926 742 2968 Christianity
762 2927 828 2958 and
851 2926 912 2959 the
1021 2927 1063 2958 de
1092 2926 1278 2968 Brykhede,
1303 2927 1402 2959 Vicar
1432 2927 1468 2959 of
1500 2929 1717 2970 Brampford-

219 2968 408 3011 Rectorsjof
421 2970 470 3002 St.
486 2970 656 3003 Petroek’s
671 2971 737 3001 and
754 2971 804 3001 St.
820 2968 910 3002 Mar·
1022 2969 1141 3013 Speke.
