1988 3256
320 346 416 390 244
520 359 621 393 THE
656 360 903 412 aselsrnn
938 361 998 395 or
1032 361 1212 396 Brsflor
1245 362 1654 399 BRANTYNGHAM.

318 460 396 522 1143}-
429 465 575 498 Richard
598 467 732 508 Parker,
756 468 856 508 clerk,
881 468 957 500 “de
980 468 1091 500 soluto
1113 469 1228 510 genito
1250 472 1286 502 et
1307 469 1443 510 soluta;
1466 481 1512 511 ac,
1535 470 1617 513 quia
1638 469 1754 510 tacito,
1778 471 1858 508 ete.,

317 528 373 556 Vol
389 516 415 556 Ἰ
471 510 766 552 Dispensacionem
781 512 989 544 consimilem
1005 513 1191 553 reportavit
1203 513 1222 526 ’'
1239 514 1386 553 (Exeten
1405 515 1445 547 16
1461 515 1583 556 Sept).

376 550 382 556 “
416 550 519 585 'John
536 554 712 597 Certeyne,
728 556 866 594 scholar,
885 556 904 571 ‘⁴
917 556 960 587 de
975 557 1160 598 presbitero
1174 557 1289 598 genito
1304 561 1339 589 et
1354 558 1464 590 soluta
1477 559 1495 572 '’
1513 558 1617 598 (same
1632 558 1736 597 date).

429 597 577 639 Stephen
594 599 663 631 and
680 600 834 641 Geoffrey
850 600 1107 641 Vaggescombe,
1124 600 1280 641 scholars,
1298 601 1372 633 “de
1387 602 1506 634 solutis
1517 603 1535 616 ’'
1553 603 1658 641 (same
1673 601 1778 640 date),

430 641 521 673 John
547 642 830 683 Chaumberleyn,
856 643 930 675 “de
952 644 1063 676 soluto
1086 648 1121 676 et
1147 645 1281 684 soluta3
1308 656 1346 677 ac
1368 646 1517 678 Johanni
1543 646 1642 685 Mole,
1665 645 1745 677 alias
1769 644 1861 676 dicto

472 685 665 727 Kyngman,
679 687 720 718 de
736 687 922 728 presbitero
938 690 973 719 et
987 688 1108 729 soluta,
1125 689 1256 729 genitis,
1269 689 1451 721 scolaribus
1463 686 1615 722 'Diocesis
1631 688 1831 721 Exoniensis
1841 687 1861 701 ”

473 730 578 768 (same
593 730 695 770 date).

427 795 596 844 Exeter3
625 810 649 835 a
667 810 754 836 case
774 798 815 836 of
836 798 1011 837 assault:
1040 798 1303 838 Denunciacio
1331 799 1751 838 Excommunicacionis
1778 811 1861 837 con-

483 858 548 889 tra
567 852 752 890 violantes
773 852 983 891 Libertates
1002 853 1166 892 Ecclesie
1184 853 1321 892 Sancti
1340 853 1529 903 Stephani
1547 855 1706 901 Eat-onie,
1728 860 1763 892 et
1775 866 1865 902 per-

482 913 689 945 tractantes
707 907 922 945 Dominum
940 907 1156 946 Johannem
1175 908 1290 958 Eyre,
1308 909 1629 958 presbiterum,—

316 958 366 986 f01·
423 960 578 1001 Thomas,
603 964 682 1001 etc.,
708 961 842 993 Decano
870 962 1014 994 Ecclesie
1037 966 1151 994 nostre
1177 963 1374 995 Exoniensis
1397 974 1434 995 ac
1458 963 1599 996 Officiali
1626 962 1860 994 Archidiaconi

315 994 357 1020 1⁴·
469 1005 577 1036 nostri
603 1005 741 1045 Exonie,
769 1005 977 1047 singulisque
1007 1006 1217 1046 Rectoribus‚
1244 1007 1394 1046 Vicariis,
1424 1018 1462 1039 ac
1491 1007 1610 1039 ceteris
1633 1006 1858 1039 Ecclesiarum

470 1052 584 1080 nostre
601 1049 757 1081 Civitatis
780 1050 928 1090 predicte
945 1050 1088 1089 Curatis,
1106 1050 1262 1090 salutem,
1281 1051 1468 1083 etc.—-Non
1484 1051 1611 1092 absque
1633 1050 1726 1091 gravi
1748 1049 1858 1081 cordis

469 1093 583 1124 dolore
606 1096 744 1134 propter
769 1093 985 1125 commissum
1011 1094 1118 1126 scelus
1142 1094 1348 1134 inauditum,
1377 1095 1581 1127 notorietate
1607 1093 1857 1133 manifestante,

468 1136 649 1168 didicimus
672 1137 763 1178 quod
786 1137 941 1168 nonnulli
963 1138 1155 1179 iniquitatis
1178 1138 1247 1177 filii,
1271 1148 1416 1179 quorum
1444 1139 1581 1170 nomina
1602 1138 1802 1179 ignorantur
1823 1140 1859 1169 et

467 1191 616 1221 persone,
627 1180 835 1213 Libertatem
848 1181 993 1213 Ecclesie
1003 1186 1116 1213 nostre
1126 1181 1215 1213 infra
1227 1181 1421 1213 Parochiam
1435 1181 1549 1213 Sancti
1563 1181 1735 1223 Stephani,
1745 1184 1860 1213 nostre

469 1224 625 1256 Civitatis
641 1225 848 1263 Exoniensis,
863 1225 1125 1266 dampnabiliter
1141 1225 1314 1265 violantes,
1325 1236 1363 1257 ac
1377 1225 1572 1257 violenciam
1589 1225 1756 1257 notoriam
1771 1225 1856 1267 pub·

466 1267 527 1300 lice
543 1268 805 1308 committentes,
822 1269 992 1310 quendam
1015 1269 1202 1301 Dominum
1225 1269 1415 1301 Johannem
1439 1270 1537 1311 Eyre,
1553 1269 1589 1301 in
1609 1269 1857 1302 Presbiteratus

466 1312 592 1343 Ordine
619 1312 846 1344 constitutum
869 1315 905 1344 et
927 1313 962 1344 in
990 1312 1194 1354 possessione
1215 1313 1463 1345 Presbiteratus
1489 1313 1620 1345 notorie
1643 1313 1857 1352 existentem,

467 1358 644 1388 tonsuram
666 1359 700 1387 et
722 1359 833 1388 vestes
856 1356 989 1397 publice
1011 1357 1230 1388 defferentem
1247 1356 1319 1397 (sic)
1335 1357 1512 1397 clericales,
1529 1360 1613 1389 tunc
1627 1357 1662 1388 in
1686 1357 1772 1389 lecto
1794 1366 1856 1389 suo

467 1399 577 1431 solum
601 1400 779 1441 jacentem,
803 1400 838 1431 in
855 1410 933 1431 casu
958 1400 1005 1431 eis
1021 1411 1040 1431 a
1055 1400 1131 1442 jure
1154 1401 1294 1432 minime
1316 1401 1488 1442 permisso,
1506 1411 1572 1432 non
1596 1400 1668 1432 sine
1691 1411 1855 1433 manuum

467 1444 692 1475 violentarum
715 1443 907 1485 injeccione,
924 1443 1154 1478 inhumaniter
1177 1448 1349 1486 ceperunt,
1366 1455 1415 1484 ac,
1433 1455 1511 1476 eum
1528 1448 1622 1476 extra
1648 1444 1854 1476 Libertatem

466 1491 617 1519 nostram
641 1490 678 1519 et
700 1488 847 1519 Ecclesie
870 1491 983 1519 nostre
1007 1488 1156 1528 predicte
1179 1488 1350 1528 ducentes,
1374 1489 1485 1530 ipsum
1509 1499 1568 1530 per
1590 1491 1698 1520 totam
1721 1491 1854 1520 noctem

466 1531 592 1563 ibidem
615 1531 779 1571 fugarunt
801 1542 878 1563 cum
903 1532 1080 1570 cornubus,
1098 1534 1134 1563 et
1157 1532 1395 1564 vociferacione
1418 1532 1562 1564 clamosa
1584 1532 1766 1564 enormiter
1782 1542 1853 1573 per-

466 1578 667 1615 tractarunt,
685 1575 823 1616 Majoris
847 1575 1215 1608 Excommunicacionis
1231 1576 1425 1608 Sentencias
1441 1587 1460 1608 a
1477 1577 1611 1608 Canone
1627 1576 1665 1608 Si
1679 1578 1763 1618 quis,
1778 1586 1853 1608 ma-

463 1619 556 1651 dente
575 1619 710 1659 diabolo,
727 1624 763 1651 et
785 1619 858 1651 aliis
881 1619 1083 1651 Sanctorum
1101 1620 1243 1652 Patrum
1261 1620 1573 1652 Constitucionibus
1596 1620 1734 1662 provide
1756 1620 1852 1660 latus,

465 1663 554 1704 ipsos
578 1662 755 1694 violatores
776 1666 811 1694 et
835 1663 1029 1695 violenciam
1053 1664 1193 1695 eandem
1218 1664 1472 1696 committentes
1495 1664 1671 1696 efficaciter
1692 1666 1854 1703 artantes,

464 1707 537 1748 ipso
551 1706 642 1738 facto
665 1707 926 1748 dampnabiliter
946 1707 1156 1747 incurrendo,
1180 1707 1215 1738 in
1238 1707 1426 1739 animarum
1450 1718 1587 1739 suarum
1610 1707 1798 1749 periculum
1819 1718 1858 1739 ac

464 1751 573 1783 tocius
585 1750 720 1783 Ordinis
733 1750 901 1782 Clericalis
912 1751 1106 1782 scandalum
1120 1751 1339 1783 manifestum
1351 1755 1386 1783 et
1398 1751 1620 1793 plurimorum
1631 1751 1853 1793 perniciosum

465 1794 668 1836 exemplum.
728 1794 900 1835 Nolentes,
926 1795 1041 1836 igitur,
1070 1798 1183 1826 tantas
1210 1795 1388 1827 violencias
1419 1795 1565 1827 notorias
1595 1795 1854 1827 conniventibus

465 1838 569 1870 oculis
584 1838 746 1879 preterire
768 1838 976 1877 incorrectae,
994 1838 1095 1870 sicuti
1110 1849 1171 1870 nec
1186 1838 1347 1871 debemus
1364 1849 1372 1877 ;
1395 1839 1498 1878 vobis,
1516 1842 1590 1878 etc.,
1606 1838 1853 1871 committimus

466 1886 502 1913 et
524 1882 724 1914 mandamus
750 1882 911 1923 quat-inus
937 1882 1046 1913 dictos
1072 1882 1304 1914 Ecclesiastice
1331 1883 1513 1914 Libertatis
1539 1883 1725 1923 violatores,
1743 1886 1779 1915 et
1793 1882 1853 1924 qui

464 1926 590 1958 dictam
606 1925 801 1957 violenciam
825 1926 989 1957 notoriam
1011 1926 1262 1966 commiserunt,
1281 1929 1321 1958 ut
1344 1927 1537 1968 predicitur,
1554 1926 1661 1958 dictas
1683 1926 1852 1968 Majorum

464 1970 863 2001 Excommunicacionum
877 1969 1071 2001 Sentencias
1086 1970 1142 2008 sic,
1154 1972 1194 2001 ut
1210 1969 1387 2011 prefertur,
1404 1970 1592 2009 incurrisse,
1609 1973 1645 2002 et
1658 1980 1850 2002 excommu-

465 2013 592 2045 nicatos
608 2013 711 2044 fuisse
727 2016 762 2044 et
777 2023 856 2052 esse,
874 2013 1007 2053 publice
1023 2016 1058 2044 et
1072 2013 1290 2054 solempniter
1306 2014 1516 2045 denuncietis
1532 2014 1566 2045 in
1583 2024 1712 2055 genere,
1729 2016 1799 2045 tam
1816 2013 1852 2046 in

465 2057 613 2088 Ecclesia
626 2060 742 2088 nostra
759 2056 951 2089 Cathedrali
975 2057 1102 2088 Exonie
1118 2067 1219 2098 quam
1235 2057 1375 2098 singulis
1397 2057 1553 2089 Ecclesiis
1570 2057 1724 2089 Civitatis
1739 2062 1854 2089 nostre

463 2100 623 2141 predicte,
647 2100 736 2132 intra
766 2100 945 2132 Missarum
971 2100 1165 2141 solempnia,
1193 2110 1270 2132 cum
1301 2100 1410 2143 major
1440 2112 1576 2143 presens
1602 2101 1720 2142 populi
1749 2101 1854 2134 fuerit

464 2144 651 2175 multitudo
673 2144 708 2175 in
732 2143 870 2183 eisdem,
895 2144 1037 2185 pulsatis
1060 2144 1238 2185 campanis,
1257 2144 1362 2176 Oruce
1385 2145 1419 2176 in
1441 2155 1543 2177 manu
1567 2152 1688 2184 erecta,
1707 2145 1853 2177 candelis

463 2187 608 2220 accensis
623 2190 658 2219 et
674 2188 843 2228 extinctis,
861 2191 895 2219 et
911 2198 987 2219 cum
1004 2187 1096 2219 omni
1111 2188 1176 2219 alia
1190 2188 1427 2229 solempnitate
1442 2189 1475 2220 in
1492 2189 1657 2220 similibus
1672 2188 1851 2221 denuncia-

463 2231 615 2264 cionibus
637 2231 709 2263 fieri
727 2234 895 2263 consueta.
943 2232 997 2271 Et,
1015 2231 1043 2262 si
1059 2241 1144 2273 quos
1160 2242 1219 2273 per
1234 2232 1494 2273 Inquisicionem
1519 2232 1731 2272 Canonicam,
1747 2243 1851 2274 quam

462 2286 522 2317 per
538 2286 595 2307 vos
619 2275 654 2307 in
677 2275 739 2307 hac
762 2278 857 2316 parte
879 2275 1082 2307 auctoritate
1104 2278 1218 2307 nostra
1240 2275 1313 2307 fieri
1338 2276 1495 2308 volumus
1521 2276 1726 2317 diligentem,
1749 2286 1852 2318 super

460 2319 630 2361 premissis
653 2329 710 2351 seu
734 2318 848 2360 aliquo
873 2319 1111 2359 premissorum
1133 2319 1329 2351 inveneritis
1352 2330 1425 2351 reos
1447 2330 1506 2351 seu
1529 2320 1565 2351 in
1588 2320 1650 2352 hac
1665 2322 1760 2361 parte
1775 2330 1847 2352 sus-

460 2366 584 2404 pectos,
601 2373 660 2394 seu
684 2362 815 2403 publice
838 2362 1037 2402 diffamatos,
1054 2363 1188 2394 eosdem
1211 2363 1332 2403 citetis,
1349 2373 1409 2395 seu
1425 2363 1520 2395 citari
1541 2363 1681 2404 faciatis,
1697 2374 1848 2405 peremp-

459 2407 554 2444 torie,
571 2407 663 2448 quod
686 2410 901 2447 compareant
922 2417 1032 2438 coram
1055 2406 1161 2446 nobis,
1185 2410 1342 2438 nostrove
1366 2407 1506 2439 Officiali
1528 2410 1589 2439 aut
1613 2407 1849 2440 commissario

459 2460 684 2492 quocumque,
710 2450 744 2481 in
777 2450 924 2482 Ecclesia
953 2453 1069 2482 nostra
1099 2450 1293 2482 Oathedrali
1325 2451 1450 2482 Exonie
1481 2451 1640 2492 predicta,
1667 2451 1722 2482 die
1751 2451 1848 2483 Jovi-

459 2494 611 2535 proximo
627 2496 704 2535 post
720 2494 860 2525 Festum
876 2494 991 2526 Sancti
1007 2493 1150 2525 Dionisii
1165 2494 1316 2535 proximo
1332 2494 1500 2535 futurum,
1517 2505 1618 2536 super
1632 2494 1731 2526 dictis
1747 2494 1847 2526 viola-

459 2538 553 2569 cione
573 2537 756 2569 Libertatis
779 2537 925 2569 Ecclesia
948 2540 984 2568 et
1005 2537 1175 2577 violencia,
1200 2537 1295 2569 nobis
1321 2548 1379 2579 per
1403 2538 1491 2569 viam
1514 2538 1638 2570 notorii
1664 2548 1704 2570 ex
1732 2537 1848 2570 Officio

458 2584 574 2613 nostro
589 2580 792 2622 responsuri,
805 2584 841 2612 et
852 2581 894 2612 de
906 2580 1004 2613 factis
1019 2581 1089 2612 suis
1104 2581 1323 2622 personaliter
1338 2584 1373 2614 et
1385 2581 1591 2623 singillatim,
1605 2582 1633 2613 si
1648 2582 1846 2623 oportuerit,

456 2624 605 2666 juraturi
621 2635 630 2664 ;
652 2625 776 2656 facturi
791 2624 935 2656 ulterius
951 2627 986 2656 et
1001 2624 1169 2665 recepturi
1186 2625 1277 2665 quod
1292 2624 1335 2656 ad
1351 2635 1477 2657 meram
1499 2626 1691 2657 animarum
1706 2635 1843 2657 suarum

455 2668 676 2707 singularium
699 2668 940 2700 correccionem
956 2671 992 2700 et
1013 2668 1125 2700 forum
1143 2668 1412 2700 Ecclesiasticum
1436 2669 1561 2711 poterit
1576 2669 1752 2710 pertinere.
1798 2669 1845 2702 Et

454 2712 539 2753 quid
560 2712 595 2743 in
620 2711 789 2753 premissis
811 2712 968 2752 feceritis,
992 2722 1061 2743 una
1089 2722 1168 2743 cum
1199 2712 1392 2744 nominibus
1422 2716 1458 2744 et
1488 2712 1742 2754 cognominibus
1764 2712 1843 2744 cita-

454 2758 569 2787 torum
591 2765 652 2787 seu
675 2755 887 2787 citandorum
908 2755 1145 2796 predictorum,
1170 2765 1240 2795 nos,
1265 2755 1460 2795 Officialem,
1484 2762 1545 2788 aut
1568 2756 1843 2789 commissarium

452 2799 629 2839 predictos,
646 2799 689 2830 ad
712 2799 820 2831 dictos
842 2799 932 2831 diem
948 2802 984 2831 et
1003 2799 1124 2837 locum,
1141 2802 1177 2830 et
1199 2802 1314 2840 aperte
1336 2800 1371 2830 in
1394 2799 1482 2832 Loco
1507 2799 1703 2831 Consistorii
1725 2799 1842 2840 nostri,

450 2842 587 2882 ibidem,
603 2842 763 2874 distincte
779 2845 814 2874 et
830 2846 945 2884 aperte
961 2842 1162 2882 certificetis,
1179 2842 1400 2875 etc.—Datcd
1416 2846 1453 2876 at
1470 2843 1604 2884 Exeter,
1622 2844 1662 2876 21
1679 2843 1772 2885 Sept.

293 2892 616 2928 [Ocm-—Absoluoio
631 2895 795 2928 violatoris
811 2896 985 2929 Libertatis
1001 2896 1114 2929 Sancti
1130 2896 1342 2938 Stephani,—

293 2928 376 2959 ”R‘J
402 2938 507 2981 xxviij
525 2940 580 2972 die
595 2940 679 2972 dicti
691 2940 816 2973 mensis
826 2940 992 2980 Octobris,
1004 2940 1026 2973 J
1029 2939 1176 2972 ohannes
1191 2941 1234 2972 de
1249 2940 1486 2983 Caunterbyri,
1499 2941 1657 2974 Civitatis
1675 2941 1839 2974 Exonien·

444 2983 498 3024 sis,
523 2983 714 3026 comparuit
735 2984 955 3027 personaliter
977 2994 1088 3018 coram
1112 2984 1258 3018 Domino
1281 2984 1316 3016 in
1341 2985 1475 3029 Capella
1497 2995 1557 3018 sua
1580 2985 1622 3018 de
1645 2985 1842 3019 andone
