1988 3256
323 354 418 399 462

553 365 653 399 THE
677 364 919 399 REGISTER
947 363 1009 398 OF
1033 364 1212 399 BISHOP
1235 364 1642 401 BRANTYNGHAM.

321 466 398 494 A.D.
435 468 519 507 The
539 467 717 506 Lollards
732 481 744 516 3
773 467 1011 505 Alandatum
1031 467 1318 517 Archiepiscopi
1334 474 1468 507 contra
1487 470 1672 518 quosdam
1689 469 1869 509 hereticos

321 503 397 528 1382.

322 535 398 566 [Vol.
415 535 455 561 11.
490 523 696 562 Lollardos
715 528 897 560 eteorum
919 522 1154 570 dampnatas
1183 522 1450 562 conclusiones
1480 520 1690 576 [Received
1718 537 1770 563 on
1798 523 1869 563 the

321 569 370 596 ‘⁰¹’
385 569 452 600 ΜΓ
491 577 561 615 3rd
582 578 623 615 of
641 577 746 615 June
765 577 820 627 by
840 576 909 614 the
929 575 1076 627 Bishop
1095 577 1136 615 of
1155 576 1329 623 London,
1352 577 1439 616 who
1458 584 1548 617 sent
1565 591 1590 617 a
1617 591 1718 630 copy
1737 584 1780 617 to
1799 578 1868 617 the

486 631 632 682 Bishop
652 632 693 669 of
712 631 858 669 Exeter
877 643 927 668 on
947 631 1016 669 the
1037 631 1110 669 5th
1129 632 1170 669 of
1187 631 1211 669 J
1218 629 1380 684 une],--

433 686 621 718 Willelmus
636 686 692 727 [de
709 685 925 726 CourtenayJ,
942 688 1020 724 etc„
1045 685 1191 717 Roberto
1214 685 1271 725 [de
1295 684 1513 727 BraybrokeL
1530 686 1866 719 etc—Ecclesiarum

323 1647 382 1680 [sol.
398 1649 437 1679 5.]

476 729 602 761 Prelati
631 729 716 760 circa
748 728 865 770 Gregis
896 729 1063 760 Dominici
1094 728 1159 760 sibi
1188 730 1358 761 commissi
1387 731 1575 762 custodiam
1605 741 1644 762 eo
1670 730 1869 772 vigilancius

475 773 652 805 intendere
673 772 799 803 debent
822 782 889 814 quo
912 772 1009 813 lupos
1032 773 1243 813 intrinsecus,
1268 773 1382 805 ovium
1414 774 1626 806 vestimentis
1651 774 1800 813 indutos,
1822 775 1866 806 ad

475 817 675 858 rapiendum
692 819 727 848 et
743 816 1004 857 dispergendum
1027 827 1105 847 oves
1127 817 1283 848 noverint
1303 817 1556 849 iraudulencins
1578 818 1729 851 circuire.
1779 819 1866 850 Sane

476 861 645 901 frequenti
662 860 806 891 clamore
821 863 856 891 et
872 860 1046 900 divulgata
1062 860 1161 900 fama,
1175 861 1266 902 quod
1281 861 1434 893 dolentes
1448 861 1635 902 referimus,
1652 862 1695 894 ad
1712 865 1866 894 nostrum

476 904 630 946 pervenit
652 904 810 936 auditum
834 904 935 945 quod,
960 904 1047 944 licet,
1073 903 1290 946 [secundum]
1315 905 1498 937 Canonicas
1528 905 1738 946 Sancciones,
1764 915 1865 938 nemo

476 948 677 990 prohibitus,
704 948 756 979 vel
787 958 855 979 non
882 947 1016 986 missus,
1044 948 1170 990 absque
1197 948 1293 980 Sedis
1316 948 1509 990 Apostolice
1532 949 1584 981 vel
1608 949 1764 991 Episcopi
1787 949 1867 982 Loci

476 992 690 1031 auctoritate,
707 991 771 1023 sibi
787 991 1023 1033 predicacionis
1039 992 1183 1023 officium
1203 1002 1363 1033 usurpare
1378 993 1500 1025 debeat
1515 993 1648 1034 publice
1661 993 1712 1025 vel
1725 993 1865 1031 occulte,

475 1037 624 1078 quidam,
649 1038 773 1075 tamen,
797 1039 912 1067 eterne
934 1035 1184 1077 dampnacionis
1215 1035 1283 1075 filii,
1307 1036 1436 1067 insania
1458 1037 1582 1069 mentis
1611 1037 1777 1078 producti,
1800 1037 1866 1069 sub

477 1090 597 1121 magne
621 1079 810 1111 sanctitatis
838 1079 1011 1118 velamine,
1038 1080 1276 1111 auctoritatem
1303 1080 1367 1111 sibi
1394 1080 1576 1113 vendicant
1598 1080 1801 1122 predicandi,
1828 1090 1867 1112 ac

476 1123 655 1156 nonnullas
673 1123 920 1164 Proposiciones
943 1126 978 1154 et
1002 1123 1239 1155 Conclusiones
1261 1123 1490 1165 infr-ascriptas
1512 1123 1685 1164 hereticas,
1702 1134 1866 1163 erroneas,

475 1171 579 1208 atque
604 1167 714 1206 falsas,
742 1166 785 1198 ab
812 1166 959 1198 Ecclesia
983 1166 1046 1198 Dei
1069 1167 1279 1207 dampnatas,
1305 1170 1341 1199 et
1365 1167 1715 1200 Determinacionibus
1742 1168 1866 1200 Sancte

477 1211 622 1244 Ecclesie
638 1213 873 1252 repugnantes,
890 1221 956 1252 que
971 1213 1099 1242 statum
1117 1211 1225 1242 tocius
1243 1211 1388 1242 Ecclesie
1400 1214 1580 1253 nostreque
1594 1211 1766 1243 Provincie
1780 1212 1866 1244 Can-

475 1254 662 1293 tuariensis,
680 1258 714 1286 et
729 1254 1000 1295 tranquilitatem
1018 1254 1133 1295 Regni,
1150 1254 1345 1286 subvertere
1361 1255 1424 1295 [et]
1436 1265 1593 1286 enervare
1608 1255 1779 1295 nituntur,
1792 1258 1863 1287 tam

475 1300 509 1331 in
535 1298 690 1330 Eeclesiis
713 1308 814 1339 quam
838 1298 873 1329 in
897 1298 1016 1339 plateis
1038 1301 1073 1330 et
1095 1298 1354 1339 quampluribus
1376 1299 1449 1330 aliis
1470 1298 1550 1330 locis
1573 1299 1754 1340 prophanis
1775 1299 1866 1331 dicte

475 1346 588 1375 nostre
605 1342 777 1373 Provincie
792 1351 860 1373 non
876 1345 1036 1373 verentur
1051 1352 1204 1381 asserere,
1222 1342 1458 1383 dogmatizare,
1476 1345 1510 1374 et
1526 1342 1660 1384 publice
1683 1343 1863 1384 predicare,

476 1387 542 1418 illis
558 1385 737 1418 nonnullos
754 1385 880 1418 Christi
897 1385 1027 1416 Fideles
1042 1385 1238 1425 inficientes,
1252 1390 1286 1417 et
1301 1397 1320 1417 a
1337 1386 1420 1418 Fide
1436 1386 1617 1426 Catholica,
1633 1386 1705 1418 sine
1716 1396 1782 1428 qua
1796 1397 1864 1419 non
1886 1399 1892 1404 ·

477 1434 528 1462 est
543 1430 643 1469 salus,
659 1429 820 1461 facientes
835 1429 991 1460 flebiliter
1012 1429 1153 1461 deviare.
1200 1430 1282 1468 Nos,
1300 1429 1425 1471 itaque,
1442 1430 1659 1462 attendentes
1679 1431 1770 1472 quod
1793 1433 1866 1462 tam

477 1474 699 1515 perniciosum
723 1474 861 1513 malum,
885 1474 976 1514 quod
999 1473 1033 1504 in
1058 1473 1221 1514 plurimos
1243 1472 1403 1515 [serpere]
1433 1474 1566 1515 poterit,
1591 1484 1708 1506 eornm
1737 1473 1866 1506 animas

476 1518 568 1550 letali
584 1516 780 1557 contagione
796 1517 954 1556 necunde,
967 1527 1033 1548 non
1050 1517 1242 1556 debeamus,
1255 1517 1356 1549 sicuti
1371 1527 1432 1549 nec
1446 1518 1620 1556 debemus,
1634 1517 1699 1549 sub
1708 1517 1864 1550 dissimu-

475 1562 602 1594 lacione
628 1561 780 1600 transire,
809 1571 851 1592 ne
876 1561 1012 1602 sanguis
1038 1571 1153 1592 earum
1179 1561 1221 1592 de
1248 1561 1372 1592 nostris
1402 1561 1558 1593 manibus
1587 1562 1788 1603 requiratur,
1814 1565 1866 1593 set

475 1606 572 1644 illud,
590 1608 758 1646 quantum
775 1604 871 1636 nobis
894 1615 935 1636 ex
958 1604 1038 1636 Alto
1062 1604 1284 1645 permittitur,
1309 1606 1476 1646 extirpare
1498 1605 1659 1644 volentes,
1683 1605 1725 1637 de
1747 1615 1866 1647 quam·

479 1650 628 1691 plurium
646 1649 804 1680 Fratrum
821 1652 856 1679 et
872 1647 1165 1688 Suffraganeorum
1189 1652 1382 1680 nostrorum
1405 1649 1541 1681 consilio
1564 1652 1600 1680 et
1621 1659 1768 1688 assensu,
1785 1659 1864 1680 con-

476 1692 668 1725 vocavimus
694 1691 806 1734 plures
830 1692 928 1723 Sacre
951 1691 1128 1732 Theologie
1152 1692 1313 1724 Doctores
1335 1703 1373 1724 ac
1395 1692 1490 1724 Juris
1513 1693 1672 1725 Canonici
1694 1696 1731 1724 et
1746 1692 1864 1725 Civilis

476 1737 692 1775 Professores,
720 1739 755 1767 et
784 1735 866 1767 alios
892 1735 1046 1774 Clericos,
1078 1746 1161 1777 quos
1192 1736 1385 1768 famosiores
1414 1739 1451 1768 et
1479 1736 1655 1777 periciores
1684 1737 1726 1768 de
1749 1736 1866 1777 Regno

475 1780 689 1819 credidimus,
706 1783 746 1811 ut
768 1790 869 1820 super
891 1779 990 1811 dictis
1007 1779 1284 1811 Conclusionibus
1301 1782 1380 1811 vota
1394 1790 1455 1812 sua
1470 1780 1621 1812 dicerent
1637 1782 1672 1812 et
1688 1780 1863 1813 sentirent.

476 1823 643 1866 [Verum],
670 1824 759 1865 quia,
784 1823 953 1864 premissis
977 1823 1254 1855 Conclusionibns
1284 1826 1320 1855 et
1351 1823 1591 1856 assercionibus
1620 1824 1656 1856 in
1686 1827 1800 1856 nostra
1830 1827 1867 1856 et

476 1868 659 1900 eorundem
687 1866 906 1899 confratrum
930 1870 1122 1898 nostrorum
1152 1877 1191 1898 ac
1213 1867 1383 1899 dictorum
1413 1870 1672 1899 convocatorum
1695 1867 1865 1909 presencia

476 1915 632 1954 patenter
647 1911 807 1953 expositis
823 1913 858 1942 et
880 1910 1062 1951 diligenter
1082 1911 1292 1950 examinatis,
1308 1910 1454 1943 finaliter
1476 1914 1529 1943 est
1550 1914 1772 1952 compertum,
1787 1921 1862 1943 nos-

475 1960 596 1997 troque
618 1957 654 1986 et
676 1964 792 1986 eorum
816 1954 968 1985 omnium
991 1957 1172 1986 convocato
1194 1954 1331 1986 consilio
1354 1955 1572 1994 declaratum,
1587 1955 1752 1997 quasdam
1775 1954 1861 1987 con-

476 1999 664 2031 clusionum
683 1998 816 2030 illarum
835 1997 999 2029 hereticas
1021 2008 1101 2038 esse,
1118 1998 1280 2039 quasdam
1297 2009 1375 2030 vero
1397 2009 1550 2030 erroneas
1571 2003 1675 2040 atque
1698 1998 1863 2034 Determi-

477 2042 673 2075 nacionibus
689 2041 834 2073 Ecclesie
850 2044 1086 2083 repugnantes
1098 2045 1200 2082 prout
1212 2042 1352 2073 inferius
1367 2042 1624 2078 describuntur;
1643 2042 1864 2074 Fraternitati

476 2090 586 2119 vestre
601 2085 856 2124 committimus,
873 2089 945 2123 etc„
962 2086 1123 2126 quatinus
1139 2085 1295 2117 omnibus
1310 2089 1346 2117 et
1368 2085 1508 2127 singulis
1532 2085 1707 2118 Fratribus
1729 2085 1865 2126 nostris,

477 2129 687 2171 Coepiscopis
703 2128 826 2160 nostris
842 2132 877 2160 et
894 2129 1039 2160 Ecclesie
1062 2131 1175 2160 nostre
1199 2128 1449 2161 Cantuariensis
1472 2129 1706 2170 Suffraganeis,
1724 2139 1803 2161 cum
1825 2140 1865 2161 ea

476 2174 646 2206 celeritate
669 2183 737 2214 qua
760 2172 924 2214 poteritis,
940 2172 1137 2213 injungatis,
1155 2176 1256 2213 prout
1279 2173 1326 2204 eis
1348 2175 1385 2204 et
1406 2183 1522 2204 eorum
1545 2173 1687 2214 singulis
1708 2183 1746 2204 ac
1768 2172 1864 2205 vobis

475 2218 697 2259 injungimus,
716 2219 755 2248 ut
770 2216 919 2257 ipsorum
935 2216 1059 2257 singuli
1074 2216 1107 2247 in
1126 2216 1281 2247 Eeclesiis
1296 2216 1365 2248 suis
1381 2220 1416 2248 et
1431 2217 1505 2248 aliis
1520 2227 1658 2248 suarum
1675 2216 1863 2249 Civitatum

476 2265 512 2293 et
541 2260 744 2298 Diuoesium,
775 2270 901 2301 vosque
927 2260 962 2291 in
990 2263 1102 2291 vestra
1129 2263 1163 2291 et
1189 2260 1308 2291 ceteris
1335 2263 1445 2292 vestre
1477 2260 1632 2292 Civitatis
1654 2263 1690 2292 et
1717 2260 1864 2292 Diocesis
1899 2282 1901 2284 -

477 2304 641 2344 Eeclesiis,
658 2306 817 2335 moneant
832 2307 867 2335 et
882 2303 1068 2342 inhibeant,
1084 2304 1249 2335 moneatis
1264 2307 1299 2335 et
1314 2303 1503 2343 inhibeatis,
1520 2307 1622 2345 prout
1644 2307 1761 2335 tenore
1783 2303 1862 2336 Pre-

475 2349 625 2381 sencium
649 2357 836 2387 monemus,
859 2347 977 2388 primo¹
1001 2347 1158 2387 secundo,
1181 2350 1217 2379 et
1240 2347 1351 2386 terci0,
1380 2351 1420 2379 nt
1442 2347 1638 2380 distinceius
1660 2347 1862 2388 inhibemus,

476 2403 537 2433 pro
561 2391 668 2433 prima
691 2391 878 2422 Monicione
901 2401 1009 2422 unum
1025 2391 1124 2430 diem,
1142 2401 1203 2432 pro
1224 2392 1370 2422 secunda
1392 2391 1495 2423 alium
1512 2391 1612 2431 diem,
1628 2393 1664 2422 et
1686 2401 1746 2433 pro
1761 2391 1866 2423 tercia

477 2435 664 2468 Monicione
682 2434 847 2467 Canonica
863 2444 901 2466 ac
917 2435 1141 2476 peremptoria
1157 2445 1263 2466 unum
1279 2434 1384 2466 alium
1400 2435 1490 2466 diem
1505 2435 1714 2476 assignando,
1730 2444 1772 2466 ne
1786 2434 1864 2476 quis

477 2480 519 2511 de
535 2482 655 2518 cetero,
672 2478 918 2520 cujuscumque
934 2477 1034 2509 etatis
1050 2488 1107 2509 seu
1125 2477 1328 2510 condicionis
1351 2478 1484 2518 existat,
1501 2477 1632 2510 hereses
1655 2488 1714 2510 seu
1737 2488 1865 2510 errores

476 2523 653 2564 predictos,
671 2523 723 2553 vel
747 2532 863 2553 eorum
886 2521 1041 2563 aliquem,
1058 2524 1182 2561 teneat,
1199 2522 1326 2561 doceat,
1351 2521 1511 2562 predicet,
1534 2532 1593 2554 seu
1616 2521 1787 2562 defendat,
1803 2524 1866 2554 aut

475 2567 623 2607 aliquem
639 2565 848 2607 prohibitum
866 2575 932 2596 non
951 2565 1101 2604 missum,
1118 2565 1171 2596 vel
1194 2565 1298 2596 alium
1321 2565 1364 2597 de
1386 2565 1485 2607 cujus
1507 2567 1675 2607 potestate
1697 2575 1764 2597 non
1787 2575 1863 2598 con-

477 2610 616 2649 stiterit,
632 2610 673 2640 ad
690 2609 929 2650 predicandum
947 2609 1118 2647 admittat,
1135 2613 1195 2640 aut
1210 2609 1341 2640 hereses
1356 2619 1413 2640 seu
1436 2619 1563 2641 errores
1585 2608 1793 2650 hujusmodi,
1810 2608 1864 2642 vel

478 2664 595 2684 eorum
627 2653 785 2694 aliquem,
816 2652 1043 2693 predicantem
1075 2652 1192 2684 audiat
1221 2652 1274 2684 vel
1304 2652 1484 2692 auscultet,
1514 2662 1572 2685 seu
1603 2653 1634 2684 ei
1670 2652 1783 2684 faveat
1812 2653 1867 2685 vel

476 2697 635 2728 adhereat
665 2694 797 2737 publice
824 2695 877 2727 vel
907 2695 1046 2736 occulte,
1074 2699 1125 2727 set
1150 2696 1269 2727 statim
1294 2699 1456 2737 tanquam
1479 2699 1670 2737 serpentem
1693 2706 1862 2728 venenum

476 2740 674 2781 pestiferum
706 2739 921 2771 emittentem
952 2739 1061 2779 fugiat
1090 2742 1125 2771 et
1154 2739 1270 2779 evitet,
1294 2740 1360 2771 sub
1386 2749 1470 2780 pena
1495 2739 1864 2772 Excommunicaciouis

478 2783 625 2825 Major-is,
643 2793 744 2824 quam
762 2783 808 2822 (in
828 2793 943 2814 omnes
959 2787 994 2814 et
1009 2783 1157 2824 singulos
1173 2783 1207 2814 in
1225 2782 1286 2814 hac
1301 2786 1396 2824 parte
1411 2783 1550 2814 rebelles
1566 2786 1602 2815 et
1617 2782 1741 2815 nostris
1756 2783 1861 2815 Moni-

477 2827 627 2859 cionibus
643 2837 709 2858 non
726 2827 905 2868 parentes),
921 2827 1021 2868 lapsis
1036 2826 1117 2867 ipsis
1140 2827 1251 2858 tribus
1273 2826 1393 2858 diebus
1416 2837 1476 2868 pro
1492 2826 1680 2858 Monicione
1695 2826 1864 2859 Canonica

327 2921 336 2943 ¹
355 2923 436 2954 This
452 2922 563 2963 Entry
578 2921 645 2953 and
658 2922 715 2953 the
727 2924 810 2953 next
821 2921 888 2953 will
901 2921 942 2953 be
954 2921 1060 2953 found
1172 2921 1404 2962 Oommissiom,
1446 2921 1556 2954 where
1599 2921 1725 2954 several
1767 2925 1862 2966 stray

369 2970 404 2999 at
433 2965 491 2998 the
515 2965 696 3008 beginning
719 2965 754 2997 of
776 2964 835 2998 the
858 2964 1003 3008 Reyister
1025 2964 1066 3008 os
1170 2965 1266 2998 folios
1282 2975 1366 2998 were
1382 2965 1529 2999 inserted
1547 2965 1590 3009 by
1607 2965 1666 2998 the
1688 2965 1816 3000 binder.

1970 491 1988 632 l,
