1988 3256
323 315 419 364 372
534 329 634 363 THE
668 330 910 365 REGISTER
947 330 1008 364 OF
1044 329 1222 365 BISHOP
1258 330 1659 366 BRANTYNGHAM.

320 431 398 460 AD·
478 438 632 477 tempore
647 436 868 469 confeccionis
890 436 1016 478 Scripti
1039 437 1082 469 de
1104 447 1172 478 quo
1194 437 1283 470 infra
1305 437 1346 470 fit
1367 438 1508 478 mencio,
1525 438 1706 480 Gregorius
1721 438 1764 471 de
1779 437 1868 471 Wol-

319 466 421 528 {33qu
476 479 640 521 lyngtone
655 484 692 512 et
706 481 728 512 J
730 481 863 512 ohanna
878 491 963 513 uxor
972 480 1003 522 ej
1009 491 1058 518 us,
1071 481 1160 512 infra
1171 482 1347 522 nominati,
1359 481 1501 515 fuerunt
1515 483 1622 515 seisiti
1636 482 1679 514 de
1693 485 1866 515 tenemen-

476 524 522 555 tis
537 524 579 555 de
594 524 718 565 quibus
740 525 830 556 infra
845 525 885 556 fit
901 525 1041 564 mencio,
1065 527 1106 557 ut
1128 525 1171 556 de
1191 525 1298 558 libero
1319 529 1525 558 tenemento.
1572 527 1619 559 Et
1632 526 1754 558 dicunt
1776 525 1868 568 quod

473 567 613 609 quidam
633 567 806 600 Walterus
821 568 864 600 de
880 568 1094 609 Stapeldone,
1118 569 1290 610 quondam
1314 569 1499 611 Episcopus
1521 570 1730 608 Exoniensis,
1747 569 1868 611 prede-

475 622 584 643 cessor
599 612 745 652 predicti
759 622 850 644 nunc
867 612 1031 654 Episcopi,
1049 613 1249 653 perquisivit
1263 613 1337 651 sibi,
1352 617 1388 645 et
1404 614 1658 646 Successoribus
1673 614 1753 652 suis,
1770 617 1866 645 tene·

475 658 590 687 menta
606 656 765 696 predicta,
783 666 860 687 cum
876 656 1104 697 pertinenciis,
1119 656 1163 688 de
1172 657 1319 698 quodam
1332 657 1481 689 Roberto
1493 658 1535 689 de
1547 657 1867 696 Cantokeshevede,¹

475 709 536 740 per
552 699 689 731 Cartam
706 709 772 740 que
787 700 876 740 gerit
891 700 1008 731 datam
1023 700 1115 741 apud
1133 701 1328 741 Peingtone‚
1344 701 1501 732 vicesimo
1513 701 1568 732 die
1584 701 1708 733 mensis
1726 702 1864 733 Decem·

474 743 552 779 bris,
569 743 669 774 Anno
685 743 793 784 Regni
810 743 909 784 Regis
926 743 1093 783 Edmrdi,
1109 744 1216 785 patris
1232 744 1369 776 Domini
1383 745 1482 786 Regis
1495 755 1595 784 nunc,
1612 744 1866 786 quintodecimo

474 787 590 827 [1321]
607 798 615 824 3
638 789 675 818 et
690 797 757 828 que
774 787 877 819 Carta
891 787 1017 818 eisdem
1042 787 1173 819 Juratis
1188 798 1250 828 pro
1272 788 1443 820 evidencia
1458 798 1499 820 ex
1515 791 1612 829 parte
1626 788 1770 830 predicti
1787 787 1868 829 Epi·

473 830 563 871 scopi
578 830 744 862 liberatur
760 841 767 869 ;
791 831 860 872 qni,
876 831 1025 872 quidem,
1038 831 1208 863 Robertus
1224 834 1420 864 tenementa
1435 832 1586 873 predicta
1601 832 1716 864 tenuit
1731 833 1773 863 de
1794 831 1868 863 Ab·

473 874 553 906 bate
569 874 610 905 de
627 875 745 906 Monte
767 874 884 906 Sancti
908 874 1079 906 Michaelis
1102 875 1136 906 in
1160 875 1309 916 periculo
1324 875 1426 907 maris
1438 886 1446 915 ;
1470 879 1507 908 et
1521 875 1611 907 idem
1635 875 1750 907 Abbas
1772 878 1866 908 tene-

474 921 591 950 menta
606 918 664 949 illa
680 918 794 950 tenuit
809 918 852 949 de
868 918 959 950 dicto
975 919 1065 959 Rege
1081 918 1258 957 Edwardo,
1282 922 1388 960 patre,
1404 922 1486 958 etc.‚
1503 919 1539 951 in
1554 919 1665 960 capite
1679 930 1688 957 ;
1714 919 1868 951 Licencia

472 962 577 1003 ipsius
593 962 693 1003 Regis
710 962 877 1000 Edwardi,
894 962 1009 1002 patris,
1026 965 1103 1001 etc.‚
1128 962 1170 994 de
1192 963 1435 1004 perquisicione
1457 963 1609 1004 predicta
1630 973 1699 995 non
1714 965 1867 1004 optenta.

472 1007 520 1038 Et
535 1009 651 1047 postea
668 1005 836 1037 Dominus
854 1006 924 1037 Rex
938 1016 1029 1037 nunc
1045 1005 1173 1037 donum
1189 1009 1225 1038 et
1240 1006 1485 1038 concessionem
1501 1006 1594 1039 facta
1608 1006 1761 1047 predicto
1776 1005 1867 1038 Wal-

474 1053 558 1089 tero,
574 1059 684 1090 nuper
700 1049 874 1090 Episcopo,
891 1052 967 1089 etc.‚
983 1050 1026 1081 de
1041 1050 1247 1082 tenementis
1263 1050 1424 1091 predictis
1447 1060 1508 1091 per
1529 1050 1721 1091 predictum
1739 1050 1866 1082 Rober·

470 1096 548 1125 tum
571 1103 631 1134 per
654 1093 791 1125 Cartam
814 1093 1012 1134 predictam,
1036 1103 1096 1134 per
1119 1093 1258 1126 Cartam
1284 1104 1380 1125 suam
1406 1094 1553 1126 recitans
1574 1104 1623 1131 ea,
1650 1104 1710 1135 per
1724 1093 1866 1125 eandem

473 1137 611 1169 Cartam
628 1147 734 1175 suam,
750 1147 811 1177 pro
827 1147 862 1168 se
877 1140 912 1169 et
928 1136 1108 1168 heredibus
1130 1137 1209 1177 suis,
1225 1140 1394 1178 quantum
1410 1138 1446 1169 in
1462 1137 1535 1178 ipso
1550 1137 1628 1176 fuit,
1644 1137 1809 1169 concessit
1831 1139 1869 1170 et

470 1181 682 1212 confirmavit
698 1181 719 1212 J
722 1180 847 1212 ohanni
862 1180 905 1211 de
922 1180 1159 1220 Grandissono,
1175 1184 1260 1213 tunc
1282 1181 1447 1222 Episcopo
1470 1181 1661 1220 Exoniensi,
1677 1185 1713 1213 et
1729 1181 1867 1213 Succes-

468 1225 600 1256 soribus
615 1224 694 1263 suis,
718 1227 822 1265 prout
845 1224 947 1256 Carta
969 1224 1027 1255 illa
1049 1224 1298 1256 racionabiliter
1319 1227 1494 1262 testatum
1518 1234 1585 1266 que
1600 1225 1705 1257 Carta
1726 1224 1865 1256 Domini

473 1269 574 1309 Regis
589 1278 680 1300 nunc
694 1267 782 1308 gerit
797 1268 924 1307 datam,
947 1268 1039 1308 apud
1064 1269 1205 1306 Menros,
1222 1268 1392 1300 tricesimo
1406 1268 1529 1309 quinto
1544 1270 1618 1308 (sic)
1634 1268 1689 1299 die
1705 1268 1865 1309 Augusti,

471 1312 580 1353 Regni
604 1312 710 1353 ipsius
738 1312 874 1343 Domini
899 1312 999 1352 Regis
1024 1322 1116 1343 nunc
1143 1312 1263 1353 Anglie
1285 1315 1382 1344 sexto
1405 1311 1536 1343 decimo
1562 1310 1684 1353 [1342]
1709 1322 1718 1351 3
1740 1316 1777 1343 et
1799 1321 1867 1352 que

473 1356 577 1388 Carta
601 1354 744 1396 prefatis
759 1355 781 1387 J
787 1355 893 1387 uratis
916 1365 977 1396 pro
1000 1355 1172 1387 evidencia
1194 1366 1236 1387 ex
1258 1359 1357 1396 parte
1380 1355 1523 1396 predicti
1539 1356 1695 1397 Episcopi
1711 1355 1870 1387 similiter

471 1400 648 1431 liberatur.
683 1399 728 1431 Et
743 1399 863 1430 dicunt
878 1399 970 1440 quod
985 1399 1158 1440 predictus
1175 1399 1344 1431 Robertus
1360 1399 1402 1431 de
1419 1399 1717 1431 Cantokeshevede
1732 1398 1865 1440 perqui-

473 1443 553 1475 sivit
569 1446 765 1475 tenementa
787 1443 939 1484 predicta
954 1443 997 1474 de
1012 1443 1164 1484 predicto
1188 1443 1350 1484 Gregorio
1373 1446 1450 1484 post
1471 1446 1617 1474 mortem
1640 1442 1793 1484 predicte
1807 1442 1866 1475 Jo-

317 1496 365 1524 f01,
379 1496 441 1524 6512,
472 1487 585 1519 banne
601 1486 714 1518 uxoris
737 1497 807 1518 sue.
853 1487 900 1518 Et
915 1486 1035 1518 dicunt
1050 1487 1142 1527 quod
1157 1487 1251 1518 nulla
1266 1486 1412 1518 habetur
1425 1486 1564 1518 collusio
1578 1486 1613 1518 in
1628 1486 1692 1518 hac
1707 1489 1804 1528 parte
1818 1486 1869 1517 in‘-

472 1535 526 1564 ter
548 1532 667 1562 Partes
690 1529 859 1571 predictas
881 1530 1065 1571 prelocuta.
1129 1530 1211 1562 Ideo
1232 1530 1482 1562 consideratum
1505 1533 1558 1562 est
1580 1530 1672 1571 quod
1694 1529 1868 1571 predictus

473 1575 660 1616 Episcopus
675 1577 731 1606 eat
746 1574 825 1605 inde
840 1574 912 1605 sine
928 1574 991 1613 die,
1008 1576 1045 1606 et
1059 1574 1232 1615 predictus
1249 1574 1417 1605 Henricus
1440 1573 1542 1606 nichil
1558 1574 1670 1615 capiat
1685 1583 1745 1615 per
1761 1574 1868 1605 Breve

472 1629 586 1658 suum,
604 1620 657 1650 set
672 1618 718 1650 sit
733 1617 768 1649 in
784 1617 1012 1649 misericordia
1027 1628 1089 1658 pro
1103 1617 1189 1649 falso
1204 1617 1324 1649 clamio
1339 1628 1412 1657 suo,
1431 1620 1496 1650 etc.

429 1680 486 1718 St.
510 1679 579 1718 Ive
601 1676 757 1731 [Sancti
777 1677 922 1725 Ivonis,
945 1676 1048 1730 MS]
1065 1691 1075 1726 ς
1104 1678 1168 1716 Sir
1185 1678 1292 1717 John
1313 1677 1530 1730 Choparde,
1553 1678 1670 1726 R„—

430 1734 571 1767 Licence
586 1734 622 1765 of
636 1732 891 1765 non-residence
907 1733 960 1765 for
975 1743 995 1764 a
1009 1743 1090 1775 year
1106 1733 1272 1774 (London,
1290 1733 1330 1765 15
1347 1733 1449 1775 May).

429 1793 891 1844 Letters-Dimissory,—-

430 1849 522 1881 John
539 1848 649 1887 Petre,
666 1847 808 1887 scholar,
827 1847 901 1879 “ad
917 1857 1034 1879 omnes
1050 1846 1204 1888 Ordines,
1221 1849 1293 1879 tam
1316 1847 1464 1880 Minores
1486 1857 1588 1890 quam
1606 1847 1724 1880 Sacros
1735 1848 1754 1861 '’
1771 1848 1872 1887 (Lon-

431 1937 454 1969 J
456 1891 859 1977 ohgnblligyhxssssiccolite,
878 1934 949 1966 “ad
965 1944 1081 1967 omnes
1097 1934 1215 1967 Sacros
1233 1934 1377 1967 Ordines
1389 1935 1407 1948 ’⁵
1424 1935 1591 1976 (London,
1608 1936 1649 1967 24
1666 1933 1768 1978 May).

433 1996 686 2036 Confessions
702 2009 712 2043 ;
741 1996 806 2033 Ad
824 1995 1039 2044 eliyendum
1060 1994 1388 2045 Confessorem,—-

434 2051 534 2090 Item,
551 2051 675 2082 ultimo
691 2050 744 2081 die
760 2049 843 2081 dicti
855 2049 989 2089 mensis,
1005 2049 1141 2089 ibidem,
1160 2049 1326 2081 Dominus
1341 2049 1505 2082 concessit
1521 2049 1711 2082 Licenciam
1727 2049 1874 2082 Domino

477 2094 607 2126 Thome
623 2094 847 2135 Stayndrope‚
873 2093 1009 2125 Rectori
1031 2092 1178 2124 Ecclesie
1200 2093 1404 2125 Parochialis
1426 2093 1469 2125 de
1491 2093 1759 2134 Northtautone,
1782 2094 1877 2136 quod
1916 2106 1923 2112 ·

479 2138 586 2179 possit
601 2137 724 2179 eligere
739 2137 804 2168 sibi
818 2137 989 2178 ydoneum
1013 2136 1249 2169 confessorem
1272 2138 1432 2178 quociens
1454 2143 1663 2178 oportunum
1678 2137 1795 2178 fuerit,
1818 2137 1880 2180 qui

479 2182 591 2223 ipsum
608 2192 627 2213 a
642 2184 856 2222 peccatorum
874 2190 1014 2212 suorum
1030 2180 1170 2212 maculis
1191 2180 1364 2212 absolvere
1385 2180 1506 2220 valeat,
1529 2184 1566 2213 et
1588 2181 1796 2222 penitenciae
1817 2191 1879 2223 pro

478 2225 665 2258 commissis
679 2225 853 2266 imponere
867 2224 1044 2264 salutares,
1060 2224 1165 2256 eciam
1182 2224 1217 2256 in
1233 2224 1377 2256 casubus
1401 2224 1548 2256 Domino
1563 2225 1754 2267 specialiter
1769 2234 1878 2258 reser-

478 2269 577 2302 vatis.

327 2323 420 2386 22⁸¹·
441 2352 695 2364 .......
710 2323 724 2362 2
745 2320 966 2376 [Whittele,
988 2323 1111 2362 Exon.
1140 2322 1264 2370 Dioc.,
1286 2322 1494 2371 MS.‚-see
1513 2323 1680 2363 General
1709 2320 1851 2378 Index]
1867 2335 1880 2372 3

367 2376 377 2387 ⁰
495 2379 559 2418 Sir
585 2378 691 2417 John
711 2378 760 2416 de
780 2377 1025 2425 Mukeltone,
1048 2377 1166 2425 R„—

438 2434 579 2467 Licence
594 2432 630 2464 of
649 2432 906 2464 non—residence
929 2432 983 2464 for
1004 2442 1024 2464 a
1045 2442 1135 2474 year,
1153 2431 1471 2473 “contemplacione
1489 2431 1625 2464 Domini
1648 2431 1815 2464 „Iohannis
1835 2432 1880 2464 de

481 2476 842 2560 gglxlngedlelnssflerici,
865 2476 894 2508 si
916 2475 951 2508 in
975 2475 1143 2518 obsequiis
1164 2475 1235 2508 suis
1256 2475 1394 2508 steterit
1409 2485 1470 2517 per
1483 2475 1574 2508 idem
1596 2478 1733 2518 tempus
1743 2476 1762 2490 ”
1777 2473 1878 2514 (Lon-

551 2545 559 2561 ,
718 2543 727 2553 .

440 2582 640 2620 Oratories
655 2594 666 2629 3
694 2580 851 2619 Licence
870 2586 908 2619 to
927 2580 1174 2626 celebrate,—

441 2637 541 2676 Item,
557 2635 683 2667 eisdem
699 2634 754 2666 die
776 2637 813 2667 et
835 2634 917 2674 loco,
941 2633 1108 2666 Dominus
1129 2633 1294 2666 concessit
1316 2633 1479 2665 Nicholao
1494 2633 1669 2666 Wamford
1685 2636 1722 2666 et
1738 2633 1876 2675 Hugoni

485 2680 572 2711 Gros
589 2678 776 2711 Licenciam
793 2678 948 2718 faciendi,
965 2681 1040 2716 etc.‚
1059 2677 1094 2709 in
1113 2677 1284 2718 presencia
1305 2676 1457 2718 ipsorum
1480 2680 1516 2709 et
1538 2687 1656 2709 eorum
1671 2677 1822 2716 alterius,
1839 2677 1876 2710 in

487 2722 631 2764 Capellis
653 2722 723 2754 sive
746 2721 911 2754 Oratoriis
933 2722 976 2753 de
999 2721 1149 2753 Ebforde
1175 2720 1399 2762 [Ebbinyfovd
1421 2720 1472 2761 (or
1494 2720 1619 2762 Efford)
1642 2720 1680 2753 in
1702 2721 1875 2762 StractonJ,

484 2766 711 2798 Thurlebeare
726 2765 777 2805 [in
795 2763 987 2804 LauncellsL
1004 2766 1041 2797 et
1055 2764 1246 2806 Whiteleye
1261 2762 1314 2805 [in
1332 2764 1432 2796 Black
1451 2764 1661 2805 Torrinqton]
1677 2773 1686 2802 ;
1707 2765 1801 2804 dum,
1818 2768 1872 2797 tn-

485 2820 574 2848 men,
598 2807 755 2841 Ecclesiis
778 2808 985 2848 Matricibus,
1010 2811 1085 2848 etc.‚
1108 2807 1336 2849 prejudicium
1358 2807 1492 2840 nullum
1509 2808 1596 2848 fiat3
1618 2808 1781 2850 quamdiu
1804 2808 1872 2841 Do·

484 2854 577 2885 mino
592 2853 758 2894 placuerit
774 2852 1014 2884 tantummodo
1030 2852 1242 2884 duraturam.

638 2941 650 2962 ²
673 2943 737 2975 See
752 2942 875 2984 Bishop
889 2941 1093 2984 Stapeldon'e
1108 2940 1262 2984 Χαρίσιον,
1278 2951 1310 2984 p.
1329 2940 1401 2983 570,
1418 2943 1500 2974 note
1515 2942 1544 2976 4.
