1988 3256
209 440 287 467 mn.

210 474 316 535 ¹331&

209 2010 260 2038 fol.
275 2013 317 2038 29.

534 341 825 377 REGISTRUM
861 340 1325 376 communit—Auso
1362 330 1424 374 3⁰.
1655 327 1751 372 293

356 445 457 478 dictis
472 446 671 489 hujusmodi
688 449 938 490 procuraciones
949 452 1064 482 nostre
1075 448 1239 490 presentis
1251 447 1390 480 secundi
1405 447 1485 478 anni
1500 445 1698 486 ascendunt,
1714 445 1750 477 in

356 490 465 523 forma
489 495 677 532 prenotata,
701 503 769 524 una
791 503 868 525 cum
892 497 997 534 parte,
1014 494 1144 525 racione
1167 493 1354 532 fructuum,
1377 491 1585 529 reddituum,
1609 499 1749 532 proven-

363 537 474 575 tuum,
490 539 526 567 et
548 535 790 568 obvencionum
813 539 1011 577 vestrarum,
1026 547 1086 569 seu
1108 537 1150 568 ad
1174 545 1324 568 mensam
1347 538 1493 567 vestram
1520 533 1751 575 Episcopalem

360 580 599 620 spectancium,
617 591 674 611 vos
689 591 749 622 pro
765 580 864 612 dictis
880 580 1173 622 procuracionibus
1188 580 1313 612 nostris
1328 578 1492 620 presentis
1508 577 1647 609 secundi
1669 577 1749 608 anni

361 623 586 664 contingente,
603 624 638 655 in
655 624 762 655 forma
778 624 975 666 subscripta,
992 624 1080 656 infra
1094 625 1180 656 duos
1195 633 1326 655 menses
1342 634 1361 654 a
1376 623 1431 654 die
1446 622 1568 654 noticie
1585 621 1749 662 presentis

361 667 468 699 nostri
485 668 662 699 Processus
678 668 831 708 proximo
847 671 1037 709 sequentes,
1054 678 1139 710 quos
1155 667 1248 699 vobis
1272 678 1331 708 pro
1355 666 1473 708 primo,
1490 665 1647 704 secundo,
1671 667 1748 704 etc„

360 710 554 752 prefigimus
569 714 605 742 et
619 711 838 751 assignamus,
855 712 898 743 ad
915 712 1098 743 Civitatem
1115 711 1393 750 Londoniensem,
1411 710 1531 741 vestris
1547 708 1694 740 fideliter
1714 711 1749 740 et

361 755 509 796 ipsorum
541 755 749 796 sumptubus
779 758 815 786 et
845 755 1001 796 expensis
1028 758 1106 787 tute
1135 755 1291 794 mittatis,
1322 754 1518 794 dictamque
1547 756 1657 784 totam
1692 762 1747 793 pe-

361 798 495 829 cuniam
525 798 614 829 infra
644 799 789 830 eundem
820 799 1005 830 terminum
1036 799 1206 839 Magistris
1236 798 1399 830 Nicholao
1425 797 1467 828 de
1497 796 1749 834 Chaddesdene,

364 842 530 873 Canonico
547 841 793 873 Lichefeldensi
814 852 853 873 ac
876 842 1010 874 Decano
1032 843 1074 874 de
1090 842 1246 874 Arcubus
1269 842 1529 879 Londoniarum,
1545 843 1581 871 et
1603 839 1750 871 Domino

364 885 531 916 Willelmo
563 886 704 923 Palmer,
739 885 906 917 Canonico
937 886 1100 928 Derbeye,
1132 885 1410 918 Procuratoribus
1440 888 1476 916 et
1505 883 1749 924 Receptoribus

362 930 486 960 nostris
503 929 546 960 ad
562 929 624 961 hec
640 929 830 971 specialiter
852 930 1057 969 constitutis,
1075 929 1219 971 persolvi
1240 929 1372 960 faciatis
1394 931 1430 960 et
1452 927 1556 959 eciam
1579 926 1750 967 assignari.

364 972 605 1012 certificantes,
621 983 681 1014 per
697 976 823 1004 vestras
839 977 992 1014 patentes
1011 973 1140 1005 Literas
1161 983 1221 1004 seu
1245 983 1381 1014 presens
1404 971 1585 1003 Publicum
1611 971 1742 1002 Instru-

362 1019 528 1055 mentum,
545 1016 654 1048 dictos
670 1019 802 1048 nostros
819 1017 1054 1049 Procuratores
1071 1017 1113 1048 de
1129 1017 1183 1048 die
1198 1016 1399 1057 recepcionis
1415 1015 1639 1054 Presencium‚
1655 1025 1693 1045 ac
1709 1014 1751 1045 de

361 1060 613 1102 quantitatibus
628 1063 664 1092 et
678 1060 895 1101 pecuniarum
912 1061 1054 1092 summis
1069 1060 1211 1101 receptis
1225 1063 1262 1092 et
1277 1060 1371 1091 vobis
1386 1059 1421 1090 in
1437 1059 1499 1090 hac
1511 1061 1605 1100 parte
1620 1058 1751 1097 solutis,

362 1114 400 1135 ac
415 1104 457 1135 de
472 1104 630 1135 omnibus
645 1104 717 1135 aliis
734 1107 770 1135 et
784 1103 924 1145 singulis
940 1114 1006 1145 que
1021 1104 1167 1136 feceritis
1181 1105 1217 1135 in
1233 1103 1412 1145 premissis.
1450 1102 1619 1143 Alioquin,
1636 1102 1664 1133 si
1680 1111 1749 1140 vos,

361 1151 423 1179 aut
438 1147 596 1187 Abbates,
612 1150 687 1187 etc„
704 1158 789 1189 quos
805 1147 1001 1189 hujusmodi
1024 1148 1199 1189 negocium
1222 1147 1341 1188 tangit,
1358 1150 1420 1178 aut
1435 1156 1551 1178 eorum
1574 1145 1689 1186 aliqui,
1713 1145 1749 1176 in

362 1191 532 1233 premissis
547 1195 606 1223 aut
622 1192 860 1233 premissorum
877 1191 989 1232 aliquo
1005 1191 1267 1223 contradictores
1282 1202 1342 1222 seu
1365 1190 1595 1222 inobedientes
1617 1188 1751 1220 fueritis

362 1246 421 1266 seu
448 1235 578 1266 fuerint
603 1235 655 1266 vel
684 1235 834 1274 rebelles,
859 1235 963 1275 vobis,
991 1235 1137 1267 Domino
1168 1235 1342 1276 Episcopo,
1369 1234 1424 1266 cui
1453 1233 1497 1264 ob
1526 1232 1750 1264 reverenciam

364 1278 568 1310 Pontificalis
584 1278 768 1320 Dignitatis
784 1278 977 1318 deferimus,
990 1279 1100 1320 spacio
1116 1289 1174 1310 sex
1185 1278 1316 1310 dierum
1333 1278 1375 1309 ad
1391 1277 1605 1319 purgandum
1622 1286 1750 1307 moram

363 1333 422 1354 seu
439 1322 583 1363 culpam,
599 1322 632 1353 in
650 1322 790 1362 singulis
805 1332 907 1362 supra
922 1325 958 1354 et
979 1322 1068 1354 infra
1089 1322 1254 1364 injunctis
1275 1321 1419 1361 indulte,
1443 1324 1478 1353 et
1500 1331 1560 1361 pro
1585 1319 1751 1352 Canonica

365 1366 552 1397 Monicione
568 1366 738 1406 premissa,
755 1366 783 1397 si
799 1365 1036 1397 nichilominus
1052 1365 1269 1407 perstiteritis
1283 1366 1318 1397 in
1334 1365 1433 1406 culpa
1447 1375 1507 1396 seu
1523 1374 1616 1395 mora
1632 1362 1749 1404 hujus-

364 1410 466 1448 modi,
482 1409 670 1450 ingressum
686 1409 833 1441 Ecclesie
848 1409 1081 1442 interdicimus
1096 1410 1130 1441 in
1147 1409 1212 1441 hiis
1228 1409 1370 1450 Scriptis
1385 1419 1395 1445 ς
1418 1411 1454 1441 et
1468 1408 1497 1439 si
1513 1418 1572 1449 per
1586 1406 1668 1438 alios
1690 1416 1750 1438 sex

364 1453 445 1493 dies,
473 1453 581 1484 dictos
607 1452 655 1494 xij
684 1453 869 1484 inmediate
899 1456 1087 1495 sequentes,
1113 1464 1198 1495 quos
1221 1453 1322 1484 simili
1349 1452 1450 1484 modo
1476 1462 1536 1493 pro
1563 1450 1751 1482 Monicione

362 1497 529 1529 canoniea
559 1496 763 1537 prefigimus,
790 1497 1051 1537 Suspensionem
1082 1497 1281 1538 hujusmodi
1307 1495 1539 1528 sustinueritis
1564 1494 1676 1526 animo
1698 1494 1748 1526 in-

362 1541 494 1580 durato,
512 1541 604 1581 quod
627 1540 725 1580 absit,
741 1541 776 1571 in
793 1550 860 1580 vos,
877 1551 915 1571 ac
933 1540 1093 1579 Abbates,
1111 1545 1186 1580 etc.,
1202 1540 1262 1582 qui
1284 1537 1516 1571 inobedientes
1539 1538 1674 1570 fueritis
1696 1537 1750 1569 vel

363 1584 492 1615 fuerint
514 1584 566 1615 vel
583 1584 723 1615 rebelles
738 1584 772 1615 in
791 1584 960 1625 premissis
975 1594 1033 1615 seu
1050 1584 1163 1625 aliquo
1178 1583 1416 1625 premissorum
1433 1593 1443 1622 ;
1465 1592 1605 1621 necnon,
1620 1584 1749 1614 contra-

362 1628 506 1659 dictores
522 1631 557 1658 et
573 1627 713 1659 rebelles
728 1627 910 1668 quoslibet,
927 1630 990 1659 aut
1005 1628 1226 1669 impedientes
1241 1638 1299 1659 seu
1317 1629 1506 1668 prestantes
1527 1626 1563 1657 in
1586 1625 1652 1657 hiis
1673 1635 1749 1657 con—

362 1672 486 1710 silium,
502 1671 677 1710 auxilium,
693 1671 746 1702 vel
762 1671 921 1710 favorem,
937 1671 1120 1712 quominus
1135 1671 1248 1703 omnia
1263 1675 1299 1702 et
1321 1670 1454 1712 singula
1476 1680 1579 1711 supra
1600 1672 1636 1700 et
1658 1668 1747 1700 infra

362 1726 422 1756 per
447 1725 508 1746 nos
534 1714 688 1756 injuncta
714 1724 773 1746 seu
800 1715 959 1746 mandata
989 1715 1147 1747 effectum
1176 1715 1330 1746 debitum
1354 1716 1613 1755 consequantur,
1637 1711 1750 1754 cujus·

361 1769 507 1800 cumque
522 1758 707 1799 dignitatis,
724 1761 843 1798 status,
860 1762 934 1798 etc„
950 1758 1108 1798 existant,
1124 1759 1234 1800 spacio
1250 1769 1308 1790 sex
1324 1758 1455 1790 dierum
1471 1757 1511 1788 ad
1535 1757 1750 1798 purgandum

363 1813 491 1834 moram
514 1812 572 1833 seu
596 1802 730 1843 culpam
754 1801 951 1843 hujusmodi
973 1802 1113 1843 singulis
1135 1812 1251 1834 eorum
1274 1801 1419 1842 indulte,
1442 1804 1479 1833 et
1500 1811 1561 1842 pro
1584 1800 1751 1832 canonica

363 1846 550 1877 Monicione
565 1846 735 1887 premissa,
752 1845 786 1877 in
804 1846 869 1877 hiis
885 1845 1026 1886 Scriptis
1042 1845 1410 1878 Excommunicacionis
1433 1843 1646 1877 Sentenciam
1670 1843 1747 1875 feri-

363 1900 439 1921 mus
454 1893 490 1921 et
505 1890 757 1930 promulgamus
774 1900 782 1928 ;
806 1889 971 1930 Capitula‚
989 1899 1076 1929 vero,
1093 1893 1128 1921 et
1145 1890 1341 1922 Conventus
1363 1889 1423 1930 qui
1444 1889 1479 1920 in
1503 1887 1682 1929 premissis,
1695 1886 1749 1918 vel

363 1943 478 1965 eorum
495 1933 618 1975 aliquo,
634 1932 815 1974 culpabiles
831 1933 959 1964 fuerint
973 1933 1211 1974 suspendimus
1227 1944 1246 1964 a
1262 1933 1403 1964 Divinis.
1448 1932 1582 1970 Nostre,
1598 1931 1746 1972 insuper,

363 1976 563 2008 intensionis
587 1977 704 2008 existit
726 1976 817 2018 quod
841 1977 1028 2008 Reverendi
1052 1977 1178 2017 Patres,
1194 1980 1269 2016 etc„
1293 1976 1431 2008 Domini
1454 1976 1576 2008 Sancte
1598 1975 1749 2007 Romane

363 2020 509 2052 Ecclesie
540 2020 742 2058 Cardinales,
774 2020 816 2051 de
847 2020 1021 2052 Beneficiis
1050 2030 1117 2062 que
1142 2020 1178 2052 in
1204 2020 1295 2052 dicto
1318 2020 1434 2061 Regno
1449 2018 1570 2060 Anglie
1592 2018 1749 2060 optinent

362 2065 591 2105 quantitatem
607 2063 755 2104 aliquam
770 2063 900 2095 racione
923 2064 1090 2096 dictarum
1114 2066 1307 2096 nostrarum
1327 2063 1604 2105 procuracionum
1627 2061 1747 2103 hujus·

363 2108 455 2139 modi
470 2107 597 2139 solvere
609 2107 748 2139 minime
764 2110 954 2146 teneantur,
972 2118 1033 2139 nec
1047 2108 1207 2148 predictis
1230 2107 1418 2140 Sentenciis
1440 2106 1642 2148 obligentur.
1692 2105 1747 2137 In-

363 2150 545 2191 tendimus,
562 2150 676 2190 eciam,
693 2151 783 2192 quod
799 2150 841 2182 de
858 2150 920 2182 Dei
932 2151 1156 2192 Leprosorum
1173 2150 1350 2183 Domubus
1365 2161 1403 2182 ac
1419 2149 1630 2182 Monasteriis
1640 2148 1747 2180 Moni-

361 2195 466 2227 alium
483 2205 678 2236 pauperum,
695 2205 714 2226 a
729 2194 854 2236 quibus
875 2194 1006 2226 racione
1022 2195 1266 2236 procuracionis
1288 2193 1486 2235 hujusmodi
1508 2193 1636 2234 aliquid
1659 2192 1748 2233 exigi

362 2238 500 2270 minime
515 2238 735 2277 consueverit,
751 2238 853 2270 nichil
869 2238 1024 2278 exigatur
1036 2238 1089 2270 -ab
1104 2238 1160 2271 eis.
1205 2238 1474 2277 Absolucionem,
1491 2247 1579 2277 vero,
1595 2236 1748 2268 omnium

361 2284 397 2314 et
412 2282 621 2323 singulorum
637 2281 697 2323 qui
712 2281 859 2322 prefatas
882 2281 1077 2313 Sentencias
1100 2293 1159 2323 per
1181 2292 1242 2313 nos
1265 2281 1358 2321 latas,
1376 2281 1428 2313 vel
1451 2290 1567 2312 earum
1589 2280 1746 2321 aliquam,

362 2325 565 2357 incurrerint
585 2325 681 2357 nobis
697 2325 750 2356 vel
765 2324 936 2366 Superiori
952 2328 1066 2357 nostro
1081 2325 1319 2357 tantummodo
1334 2334 1551 2356 reservamus.
1598 2323 1640 2355 In
1663 2333 1745 2365 quo-

362 2379 450 2408 rum,
473 2372 549 2408 etc„
573 2371 744 2410 presentes
766 2368 895 2400 Literas
918 2379 976 2400 seu
1000 2378 1136 2410 presens
1158 2368 1335 2400 Publicum
1358 2367 1641 2407 Instrumentum,
1666 2367 1745 2398 Pro-

361 2422 493 2444 cessum
515 2416 670 2444 nostrum
694 2411 890 2453 hujusmodi
913 2412 1124 2444 continentes
1146 2422 1205 2444 seu
1228 2412 1416 2451 continens,
1441 2412 1483 2443 de
1510 2421 1655 2452 quorum
1685 2420 1745 2442 seu

362 2455 461 2497 cujus
491 2455 741 2497 presentacione
769 2459 806 2487 et
833 2455 1062 2487 notificacione
1093 2456 1191 2487 latori
1221 2455 1445 2493 Presencium,
1475 2454 1598 2486 nuncio
1628 2457 1745 2486 nostro

362 2499 485 2540 jurato,
498 2499 552 2530 cui
567 2499 701 2540 plenam
717 2499 817 2531 fidem
833 2498 1042 2539 adhibemus,
1054 2509 1113 2540 per
1128 2499 1310 2531 Ricardum
1320 2499 1362 2530 de
1373 2499 1552 2537 Croxtone‚
1565 2497 1746 2530 Notarium

364 2543 552 2583 Publicum,
568 2543 787 2584 Scribamque
803 2546 957 2574 nostrum
967 2543 1228 2584 infrascriptum,
1241 2542 1407 2574 subscribi
1421 2544 1457 2573 et
1472 2541 1635 2583 publicari
1650 2551 1743 2572 man-

363 2585 528 2626 davimus,
544 2586 718 2627 nostrique
733 2586 832 2626 sigilli
847 2586 988 2617 fecimus
1003 2586 1205 2628 appensione
1221 2585 1491 2617 muniri—Data
1506 2588 1542 2616 et
1556 2588 1630 2617 acta
1652 2585 1744 2626 apud

364 2629 517 2668 Fretone,
535 2629 733 2661 Morinensis
749 2629 906 2668 Diocesis,
922 2629 987 2661 sub
1006 2630 1106 2661 Anno
1128 2641 1148 2661 a
1170 2629 1358 2661 Nativitate
1381 2628 1518 2660 Domini
1535 2629 1598 2660 ΜΟ.
1617 2628 1747 2660 0001110

362 2670 494 2714 lxxijd0,
510 2673 701 2704 Indiccione
715 2676 763 2712 21⁸¹,
778 2673 900 2705 mensis
911 2673 1036 2714 Aprilis
1051 2673 1106 2705 die
1120 2673 1276 2712 secunda,
1290 2671 1510 2704 Pontificatus
1525 2671 1745 2711 Sanctissimi,

363 2719 441 2755 etc„
469 2716 606 2748 Domini
637 2716 798 2757 Gregorii,
825 2716 947 2748 Divina
978 2716 1195 2748 Providencia
1225 2716 1314 2757 Pape
1344 2713 1444 2754 ΧΙΙΠῙ,
1468 2715 1567 2748 Anno
1589 2715 1745 2747 secundo.

364 2760 582 2791 Presentibus
597 2760 767 2800 Magistris
783 2760 890 2791 Adam
915 2760 957 2791 de
974 2760 1108 2798 Estone,
1128 2760 1226 2791 Sacre
1250 2759 1373 2800 Pagine
1396 2759 1594 2798 Professore,
1618 2759 1747 2799 Rogero

362 2803 404 2834 de
427 2803 580 2842 Fretone,
605 2803 696 2836 Sacri
718 2803 841 2834 Palacii
863 2803 1047 2844 Apostolici
1083 2803 1267 2834 Causarum
1291 2802 1465 2842 Auditore,
1493 2802 1674 2834 Guillelmo
1704 2802 1746 2834 de

362 2846 606 2886 Villemontoir,
623 2846 865 2878 Archidiacono
881 2846 923 2878 de
939 2846 1095 2878 Gardano
1110 2846 1145 2878 in
1163 2846 1307 2878 Ecclesia
1323 2845 1562 2885 Suessionensi,
1578 2849 1613 2877 et
1634 2845 1745 2878 Adam

362 2889 516 2930 Vagneti,
533 2890 659 2930 clerico,
676 2890 923 2922 Suessionensis
939 2889 1096 2928 Diocesis,
1114 2889 1252 2921 Notario
1274 2889 1424 2929 Publico,
1439 2889 1585 2921 testibus
1607 2889 1650 2921 ad
1673 2899 1746 2930 pre·

363 2933 466 2965 missa
480 2933 606 2965 vocatis
620 2933 807 2975 specialiter
822 2936 858 2965 et
872 2933 1007 2975 rogatis.
1054 2933 1101 2965 Et
1115 2942 1186 2974 eg0,
1203 2932 1366 2965 Ricardus
1382 2932 1424 2964 de
1449 2933 1627 2972 Croxtone,
1652 2932 1743 2964 cleri-
