1988 3256
145 462 221 489 A21).

144 497 247 523 13834.

143 529 208 556 Vol.
224 529 246 556 1.

144 2103 189 2129 ἦῆ

144 2136 220 2163 119ὒ.

454 359 741 396 REGISTRUM
789 358 1246 396 COMMUNE—ANNO
1276 350 1368 395 140.
1595 346 1685 391 521

302 466 517 506 singulisque
545 467 695 498 Decanis
723 468 910 499 Ruralibus
934 470 970 499 et
998 467 1235 498 Ecclesiamm
1261 466 1518 497 Parochialium
1551 465 1692 496 Curatis

302 520 366 550 per
381 510 569 542 Civitatem
586 514 622 542 et
639 511 812 543 Diocesim
829 516 969 543 nostras
986 511 1118 542 Exonie
1133 511 1282 542 ubilibet
1297 510 1512 548 constitutis,
1529 510 1690 548 salutem,

302 555 504 586 eta—Cum
530 555 756 587 Presentatos
779 566 1014 597 quoscumque
1037 556 1083 586 ad
1107 555 1284 587 Beneficia
1306 558 1508 586 nostrarum
1529 554 1692 585 Civitatis

301 601 338 630 et
355 599 511 630 Diocesis
526 600 704 638 vacancia,
721 611 936 642 quecumque
953 604 989 632 et
1010 600 1276 641 qualiacumque
1299 599 1443 637 fuerint,
1460 599 1506 629 ad
1529 609 1690 639 quorum-

301 654 450 684 cumque
467 644 754 676 Presentaciones
769 645 979 686 spectancia,
996 645 1184 676 admittere
1201 647 1236 675 et
1259 644 1446 674 instituere
1463 643 1638 674 Canonice
1655 643 1691 673 in

301 688 444 726 eisdem,
461 691 645 729 ceteraque
663 689 839 721 Beneficia
854 690 958 730 pleno
972 689 1051 730 jure
1067 699 1129 720 seu
1145 689 1309 720 devoluto
1325 688 1371 718 ad
1394 698 1458 719 nos
1473 687 1692 728 pertinencia

301 733 412 763 eciam
443 733 609 764 vacancia
639 734 809 772 conferre,
842 734 1048 774 Electosque
1087 743 1322 774 quoscumque
1360 733 1397 763 in
1435 732 1592 763 Abbates
1630 742 1692 763 seu

302 777 449 816 Priores,
466 787 536 808 non
559 781 751 818 exemptos,
767 779 804 809 in
829 778 1052 810 Monasteriis
1075 787 1136 808 seu
1160 777 1378 808 Prioratibus
1401 777 1575 808 dictarum
1600 776 1690 807 Civi-

302 821 387 853 tatis
414 824 450 852 et
476 822 632 853 Diocesis
656 823 873 862 confirmare,
897 826 934 854 et
957 825 1138 862 exemptos
1162 822 1387 853 confirmatos
1410 821 1626 859 benedicere,
1651 831 1692 851 ac

302 866 525 897 Beneficiatis
539 866 814 908 quibuscumque
829 868 866 898 in
882 867 1014 898 eisdem
1032 866 1184 897 Civitate
1207 869 1243 897 et
1267 866 1404 896 Diocesi
1430 865 1605 896 Beneficia
1628 875 1692 896 sua

300 913 502 950 permutare
526 911 725 942 volentibus
749 912 996 942 auctoritatem
1021 914 1189 951 prestare,
1215 913 1251 941 et
1282 910 1484 951 hujusmodi
1510 910 1690 940 Permuta-

301 954 418 985 ciones
433 965 475 985 ex
491 955 605 986 causis
621 955 790 995 legitimis
805 956 986 996 expedire;
1011 965 1158 993 necnon,
1171 955 1207 985 in
1223 955 1498 995 quibuscumque
1516 954 1639 985 Causis
1655 957 1691 985 et

301 999 456 1039 negociis
486 1002 685 1030 nostrarum
719 1000 882 1031 Civitatis
912 1003 948 1031 et
980 1000 1136 1030 Diocesis
1167 999 1212 1030 ad
1244 999 1372 1029 Forum
1404 998 1690 1030 Ecclesiasticum

302 1043 553 1083 spectantibus,
581 1054 698 1075 coram
724 1045 825 1076 nobis
850 1047 911 1075 aut
944 1044 1202 1075 Commissariis
1232 1043 1363 1074 nostris
1393 1043 1604 1074 introductis
1634 1043 1690 1073 vel

301 1087 575 1126 introducendis,
594 1098 657 1128 per
679 1099 744 1120 nos
766 1092 972 1129 nostrosque
996 1088 1170 1119 Officiales
1193 1090 1229 1119 et
1253 1087 1520 1118 Commissarios
1546 1098 1690 1127 cognos-

301 1142 379 1163 cere
395 1134 431 1163 et
446 1133 644 1172 procedere,
661 1133 823 1174 ipsasque
839 1130 875 1164 e't
891 1143 933 1164 ea
949 1134 1018 1164 fine
1035 1133 1154 1164 debito
1176 1132 1378 1171 terminare,
1395 1142 1435 1163 ac
1459 1132 1502 1163 de
1526 1142 1688 1172 quorum-

301 1186 449 1217 cumque
481 1177 700 1207 subditorum
732 1180 932 1209 nostrorum
964 1177 1169 1208 criminibus
1199 1179 1235 1208 et
1266 1176 1466 1208 excessibus
1503 1176 1689 1216 inquirere,

301 1231 410 1261 eaque
426 1221 600 1261 corrigere
627 1222 819 1253 reformare
844 1222 1018 1253 Canonice
1042 1224 1078 1252 et
1102 1221 1236 1262 punire,
1253 1221 1400 1252 notoriis
1424 1221 1630 1251 criminibus
1653 1223 1689 1251 et

300 1265 500 1297 excessibus
515 1266 551 1296 in
575 1266 790 1297 Visitacione
814 1266 1071 1306 Metropolitica
1094 1265 1284 1305 compertis
1307 1265 1491 1296 dumtaxat
1515 1265 1689 1305 exceptis3

301 1310 516 1350 Ordinesque
540 1310 814 1351 quibuscumque
838 1311 988 1342 subditis
1011 1310 1142 1342 nostris
1166 1310 1204 1340 in
1229 1310 1294 1341 hac
1316 1312 1416 1349 parte
1438 1309 1586 1350 ydoneis
1609 1320 1688 1340 con-

300 1354 411 1391 ferre3
435 1364 570 1385 necnon
587 1354 815 1386 Testamenta
829 1365 1126 1395 quorumcumque
1149 1354 1442 1385 Beneficiatorum
1459 1357 1495 1384 et
1511 1354 1690 1384 Nobilium

302 1398 535 1429 Personarum
558 1398 732 1429 dictarum
758 1399 922 1430 Civitatis
944 1401 980 1430 et
1005 1399 1170 1437 Diocesis,
1194 1399 1230 1428 in
1254 1398 1386 1429 eisdem
1411 1408 1472 1429 seu
1495 1408 1615 1429 earum
1641 1398 1688 1428 al-

301 1443 378 1472 tera
393 1442 652 1481 decedencium,
665 1443 843 1474 insinuare
859 1447 896 1474 et
911 1443 1122 1482 examinare,
1139 1443 1283 1483 ipsaque
1299 1443 1503 1483 approbare,
1516 1445 1552 1473 et
1568 1442 1688 1483 hujus-

300 1477 394 1520 modi
419 1486 572 1518 Ultimas
595 1487 806 1519 Voluntates
830 1488 942 1526 tueri;
971 1498 1118 1526 necnon,
1145 1487 1398 1518 Executoribus
1430 1497 1517 1527 quos
1548 1487 1584 1517 in
1618 1487 1690 1518 suis

301 1531 502 1571 hujusmodi
532 1531 666 1562 ultimis
695 1532 943 1572 deputaverint
973 1531 1121 1571 eulogiis
1150 1531 1488 1562 Administraciones
1518 1531 1687 1562 bonorum

301 1585 443 1606 suorum
459 1575 666 1606 mobilium
657 1587 692 1606 in
710 1576 862 1607 Civitate
881 1579 918 1607 et
941 1576 1078 1607 Diocesi
1101 1576 1232 1606 nostris
1254 1576 1455 1616 hujusmodi
1481 1575 1689 1616 ubicumque

300 1619 531 1650 existencium
558 1621 788 1659 committere,
814 1621 1037 1661 ipsorumque
1063 1621 1299 1651 Executorum
1319 1620 1470 1651 calculos
1495 1630 1556 1650 seu
1580 1620 1688 1651 racio-

301 1663 394 1694 cinia
421 1674 526 1704 super
551 1665 702 1705 receptis
727 1668 762 1696 et
786 1665 1043 1696 administratis
1061 1664 1239 1695 reddenda
1262 1665 1401 1704 exigere
1425 1668 1460 1695 et
1484 1664 1624 1702 audire3
1649 1675 1690 1695 ac

300 1708 440 1739 eosdem
466 1708 678 1740 Executores
701 1709 746 1740 ab
769 1709 890 1740 Officio
912 1712 1043 1747 nostro,
1062 1709 1213 1749 receptis
1236 1708 1437 1749 hujusmodi
1461 1709 1614 1747 calculis,
1639 1709 1688 1739 di-

300 1752 443 1783 mittere
458 1756 494 1783 et
511 1753 670 1784 totaliter
684 1754 852 1791 liberare;
876 1764 1022 1792 necnon,
1040 1754 1068 1784 si
1092 1753 1137 1784 ab
1159 1753 1330 1784 intestato
1353 1753 1445 1783 diem
1470 1763 1571 1784 suum
1596 1754 1687 1784 clau-

301 1797 411 1828 serint
427 1800 634 1835 extremum,
651 1798 821 1828 bonorum
837 1808 978 1829 suorum
995 1797 1175 1828 mobilium
1193 1797 1394 1838 hujusmodi
1415 1797 1451 1827 in
1477 1797 1629 1828 Civitate
1653 1801 1689 1828 et
1708 1810 1714 1814 ·

301 1841 438 1871 Diocesi
464 1842 594 1872 nostris
610 1842 758 1882 prefatis
781 1853 847 1883 que
871 1843 964 1882 ipsos
987 1845 1145 1882 tempore
1167 1842 1292 1872 mortis
1315 1842 1505 1872 eorundem
1529 1842 1687 1881 optinere

299 1885 487 1925 contigerit
517 1886 775 1924 administrare,
802 1897 864 1918 seu
894 1886 1233 1917 Administraciones
1262 1885 1464 1926 hujusmodi
1488 1886 1614 1926 quibus
1645 1887 1688 1917 de

299 1929 377 1970 jure
397 1930 451 1960 vel
475 1931 727 1961 consuetudine
751 1931 786 1961 id
810 1931 985 1971 agendum
1009 1931 1232 1971 ipsarumque
1257 1930 1453 1960 animarum
1480 1930 1585 1962 saluti
1608 1931 1688 1970 plus

299 1984 375 2005 esse
392 1974 580 2014 expediens
595 1975 886 2015 prospexerimus,
903 1975 1014 2006 eciam
1031 1975 1270 2012 committere;
1294 1974 1361 2015 jus,
1381 1985 1516 2015 quoque
1540 1975 1686 2014 percipi-

299 2018 380 2048 endi
404 2021 439 2049 et
464 2018 615 2050 habendi
638 2019 786 2058 fructus,
803 2019 971 2057 redditus,
988 2022 1022 2050 ct
1048 2022 1238 2059 proventus
1254 2029 1552 2059 quarumcumque
1570 2019 1686 2050 Eccle-

299 2062 429 2093 siarum
454 2065 490 2093 et
514 2063 775 2094 Prebendarum
797 2074 838 2095 ac
860 2067 1056 2095 ceterorum
1082 2063 1335 2094 Beneficiorum
1359 2063 1685 2094 Ecclesiasticorum

300 2106 337 2136 in
363 2107 515 2138 Civitate
543 2111 579 2138 et
607 2108 743 2139 Diocesi
771 2108 987 2146 vacancium,
1014 2108 1176 2148 ipsosque
1208 2107 1386 2147 percipere
1410 2112 1446 2138 et
1470 2108 1617 2145 habere3
1642 2108 1686 2138 ad

300 2161 363 2181 nos
395 2151 506 2182 solum
538 2155 574 2182 et
604 2152 803 2191 insolidum,
835 2156 908 2183 tam
940 2153 983 2183 de
1014 2152 1092 2193 jure
1123 2152 1299 2182 communi
1331 2162 1436 2192 quam
1468 2153 1510 2182 de
1541 2153 1686 2192 antiqua

299 2195 465 2225 laudabili
496 2197 758 2235 consuetudine,
785 2197 822 2227 in
854 2197 958 2228 dictis
982 2197 1134 2227 civitate
1164 2199 1200 2226 et
1232 2196 1369 2227 Dioccsi
1397 2197 1527 2227 nostris
1554 2197 1686 2227 usitata

299 2242 334 2269 et
361 2239 517 2278 legitime
542 2241 747 2280 prescripta,
771 2241 974 2272 dinoscatur
997 2240 1133 2271 notorie
1160 2240 1346 2280 pertinere,
1374 2241 1576 2281 fuerintque
1605 2241 1684 2271 Pre-

299 2289 453 2314 cessores
491 2287 527 2315 et
566 2284 834 2316 Predecessores
871 2285 994 2323 nostri,
1035 2284 1197 2324 Episcopi
1238 2284 1451 2316 Exonienses
1489 2295 1611 2316 omnes
1648 2288 1685 2316 et

299 2327 427 2366 singuli
464 2328 522 2368 qui
556 2338 619 2368 pro
653 2331 811 2369 tempore
845 2329 1048 2367 extiterant,
1084 2339 1124 2359 ac
1159 2339 1223 2359 nos
1257 2332 1335 2359 toto
1370 2332 1527 2369 tempore
1564 2332 1685 2360 nostro

298 2372 520 2404 extiterimus
554 2374 589 2403 et
627 2373 934 2412 permanserimus,
970 2383 1157 2413 sumusque
1196 2373 1232 2402 in
1271 2373 1425 2412 presenti
1464 2373 1500 2403 in
1540 2374 1685 2413 pacifica

298 2416 516 2455 possessione
543 2417 598 2447 vel
629 2418 728 2457 quasi
758 2417 848 2458 juris
878 2417 1030 2448 faciendi
1054 2420 1090 2448 et
1117 2417 1321 2447 excercendi
1344 2417 1462 2448 omnia
1486 2420 1522 2448 et
1546 2418 1684 2457 singula

297 2460 468 2499 premissa
498 2461 602 2491 modo
632 2471 700 2501 quo
729 2462 916 2501 prefertur,
947 2462 1057 2492 eciam
1089 2461 1239 2491 durante
1270 2464 1426 2501 tempore
1458 2462 1684 2493 visitacionis

300 2504 554 2544 Metropolitice
584 2515 648 2545 per
678 2506 921 2536 Reverendum
956 2506 993 2536 in
1033 2505 1174 2536 Christo
1209 2505 1360 2544 Patrem,
1394 2506 1683 2537 Cantuariensem

297 2548 618 2588 Archiepiscopum,
643 2550 968 2590 quocienscumque,
993 2550 1291 2590 quandocumque,
1317 2553 1353 2580 et
1384 2550 1683 2591 qualitercumque

298 2593 486 2631 contigerit
501 2603 579 2623 eam
599 2594 783 2632 excerceri,
800 2604 821 2624 a
836 2597 993 2634 tempore
1017 2596 1054 2624 et
1077 2604 1139 2634 per
1162 2596 1301 2633 tempus
1325 2595 1367 2625 de
1391 2594 1492 2635 cujus
1508 2595 1684 2625 contrario

298 2637 467 2667 memoria
488 2637 668 2668 hominum
692 2648 762 2669 non
785 2638 922 2676 existit;
946 2638 1183 2678 premissaque
1206 2638 1324 2669 omnia
1347 2641 1383 2669 et
1406 2639 1545 2678 singula
1567 2649 1682 2670 excer-

297 2681 434 2711 cuerint
451 2684 486 2711 et
506 2681 665 2720 fecerint,
682 2682 960 2713 excercuerimus
983 2686 1018 2713 et
1034 2682 1232 2719 fecerimus,
1249 2692 1498 2723 excercereque
1514 2686 1550 2714 et
1566 2683 1683 2714 facere

297 2725 542 2756 consueverint
565 2728 601 2756 et
624 2727 908 2757 consueverimus
930 2737 993 2766 per
1015 2729 1175 2766 tempora
1198 2726 1380 2766 prelibata,
1397 2727 1508 2757 eciam
1532 2728 1682 2758 durante
1700 2748 1704 2751 -

297 2768 512 2800 Visitacione
529 2769 795 2810 Metropolitica‚
811 2770 954 2810 pacifice
978 2773 1014 2801 et
1037 2770 1172 2811 quiete3
1196 2780 1270 2809 nos,
1286 2770 1355 2811 juri
1380 2774 1416 2802 et
1439 2772 1684 2802 consuetudini

298 2813 428 2844 nostris
458 2813 606 2853 prefatis
636 2814 840 2851 innitentes,
871 2818 907 2845 et
938 2815 1042 2845 inniti
1067 2815 1235 2852 volentes,
1267 2815 1375 2852 vobis,
1407 2815 1623 2856 conjunctim
1647 2820 1683 2846 et

298 2857 448 2894 divisim,
480 2857 517 2887 in
547 2858 679 2889 virtute
711 2859 922 2890 Obediencie
953 2869 993 2890 ac
1025 2859 1090 2889 sub
1122 2859 1506 2890 Excommunicacionis
1540 2860 1683 2900 Majoris

298 2911 388 2940 pena
411 2902 560 2932 firmiter
582 2902 809 2943 injungentes
832 2903 1096 2941 committimus,
1113 2905 1149 2933 et
1172 2903 1331 2934 districte
1347 2903 1569 2943 precipiendo
1586 2914 1682 2934 man-

297 2945 432 2983 damus,
449 2946 625 2986 quatinus,
642 2947 766 2987 primo,
791 2947 954 2986 secundo,
971 2950 1007 2979 et
1030 2947 1141 2978 tercio
1164 2957 1204 2978 ac
1228 2947 1473 2987 peremptorie,
1490 2948 1527 2978 in
1550 2958 1678 2988 genere
