1988 3256
314 320 409 365 258
514 332 615 366 THE
649 332 893 367 REGISTER
927 332 988 365 or
1029 330 1207 365 BISHOP
1241 331 1646 367 BRANTYNGHAM.

316 435 393 462 AD·
469 438 697 470 murmuracio
713 442 748 470 et
763 437 936 470 contencio
952 437 986 469 in
1004 436 1123 477 Choro,
1140 447 1200 478 per
1221 447 1306 478 quas
1330 436 1453 469 Cultus
1475 437 1620 469 Divinus
1643 437 1770 479 poterit
1791 437 1853 469 im-

315 468 422 530 },30711'12‘
470 482 585 523 pediri.
632 482 767 522 Nullus,
784 482 897 521 eciam,
913 481 1122 513 Vicariorum
1138 481 1180 512 ab
1197 479 1298 512 Horis
1322 481 1496 513 Canonicis
1519 481 1553 512 in
1578 481 1713 522 Capella
1735 482 1853 513 decan-

373 523 380 530 '
411 523 418 530 '
470 526 584 557 tandis
610 536 644 556 se
671 526 835 565 absentet,
863 525 927 556 nisi
954 525 1044 556 forts
1065 535 1084 555 a
1107 524 1253 556 Sacrista
1279 523 1427 565 ejusdem
1456 525 1599 566 Capelle,
1623 535 1724 566 quem
1754 524 1855 556 istius

470 569 618 610 Capituli
634 570 838 610 deputamus
853 572 1076 608 executorem,
1092 569 1134 599 ob
1150 568 1296 609 aliquam
1312 568 1440 610 justam
1457 579 1588 599 causam
1606 579 1641 599 se
1655 568 1854 600 absentandi

468 613 639 644 licenciam
663 613 849 654 optinuerit
871 612 1069 653 specialem3
1092 622 1180 651 eum,
1204 611 1381 652 siquidem,
1397 611 1457 653 qui
1479 622 1575 643 secus
1597 612 1716 643 fecerit
1737 612 1781 643 ab
1802 612 1853 643 in-

468 667 583 698 gressu
608 656 708 688 Chori
731 667 865 687 manere
888 656 1045 687 volumus
1068 665 1279 696 suspensum,
1296 655 1403 687 donec
1426 665 1531 687 unum
1555 655 1701 696 obolum,
1718 655 1854 687 nomine

469 701 587 738 multe,
607 711 667 741 pro
682 700 833 741 qualibet
848 700 930 731 hora
945 699 1096 730 absencie
1120 702 1155 730 et
1178 699 1404 740 suspensionis
1427 709 1486 730 sue
1509 699 1697 739 exsolverit,
1714 698 1748 730 in
1771 709 1854 731 usus

471 743 615 784 Capelle,
635 754 737 785 quam
765 744 879 775 debito
906 743 1118 774 defraudavit
1147 742 1317 784 obsequio,
1343 743 1619 774 convertendum.
1667 742 1852 783 Stipendia,

469 798 556 827 vero,
581 788 680 819 dictis
695 787 833 819 Vicariis
855 787 899 818 ab
921 787 1061 828 antiquo
1084 786 1117 817 in
1141 786 1233 817 dicta
1256 786 1390 826 Capella
1412 786 1609 826 constituta,
1632 789 1668 817 et
1690 786 1854 818 hactenus

468 831 589 871 soluta,
606 831 720 862 nullus
737 831 982 862 Canonicorum
999 830 1137 862 mutilet
1153 829 1205 860 vel
1221 830 1369 861 inmutet
1386 841 1394 869 ;
1418 833 1470 861 set
1485 830 1666 871 antiquum
1682 830 1853 862 Canonem

468 875 614 906 duarum
641 885 828 906 marcarum
854 878 966 915 preter
997 884 1035 905 ea
1061 884 1128 915 que
1154 873 1235 905 alias
1260 873 1451 914 percipiunt
1477 873 1519 904 ab
1548 873 1691 914 Capella,
1719 873 1855 905 nomine

466 919 605 957 Vicarie,
623 918 703 960 ipsis
727 918 876 955 Vicariis,
900 921 941 949 ut
964 917 1125 949 hactenus
1149 916 1220 948 fieri
1242 917 1425 956 consuevit,
1450 917 1648 956 exsolvant3
1670 927 1749 948 cum
1772 917 1854 949 alias

468 962 496 993 si
522 962 556 993 id
580 962 627 994 eis
650 962 775 1002 liceret,
798 962 882 993 illud
907 964 1103 1002 sequeretur
1127 961 1362 992 inconveniens
1387 961 1428 991 de
1452 961 1552 999 facili,
1582 963 1623 991 ut
1650 971 1708 1001 pro
1733 961 1855 992 minori

468 1006 566 1037 solito
589 1006 785 1037 ministrum
809 1006 921 1037 minus
943 1006 1103 1036 idoneum
1126 1004 1198 1036 loco
1230 1004 1362 1043 idonei,
1379 1004 1556 1045 presertim
1586 1014 1665 1035 cum
1698 1004 1854 1046 perpetui

467 1059 534 1081 non
550 1049 706 1088 existant,
718 1049 798 1081 licet
812 1049 980 1090 stipendia
995 1048 1064 1079 sint
1078 1051 1179 1087 certa,
1191 1048 1391 1079 multociens
1403 1048 1632 1088 subrogarent.
1682 1047 1853 1087 Ceterum,

466 1103 545 1125 cum
561 1093 735 1125 Prebenda
750 1103 852 1134 quam
876 1093 988 1123 dictus
1010 1092 1156 1124 Sacrista
1178 1091 1311 1123 obtinet
1333 1092 1367 1122 in
1391 1092 1482 1122 dicta
1506 1091 1641 1132 Capella
1655 1091 1689 1122 in
1707 1095 1855 1133 quatuor

469 1137 563 1168 libris
578 1137 718 1177 argenti,
731 1147 750 1168 a
766 1136 968 1177 quibusdam
986 1135 1160 1167 Canonicis
1183 1135 1336 1176 ejusdem
1360 1134 1494 1175 Capelle
1517 1135 1716 1176 prestandis,
1732 1135 1853 1167 consis-

469 1183 530 1220 tat,
557 1191 595 1212 ac
621 1191 681 1221 per
706 1190 814 1212 seram
840 1179 1104 1211 satisfaccionem
1126 1178 1268 1220 pecunie
1294 1178 1486 1220 supradicte
1508 1178 1598 1210 idem
1622 1178 1767 1210 Sacrista
1789 1179 1853 1210 fre·

469 1227 614 1266 quenter
628 1234 728 1265 grave
744 1223 958 1265 dispendium
975 1223 1136 1263 paciatur,
1159 1222 1294 1254 eosdem
1319 1222 1511 1262 Canonicos,
1528 1222 1588 1263 qui
1611 1223 1652 1253 ad
1676 1222 1853 1262 prestacio-

466 1278 545 1299 nem
561 1267 759 1309 hujusmodi
774 1270 945 1306 tenentur,
967 1266 1171 1298 auctoritate
1196 1266 1419 1305 Presencium,
1437 1276 1612 1297 monemus
1627 1269 1663 1297 et
1678 1265 1855 1298 hortamur

466 1312 501 1342 in
518 1311 673 1350 Domino,
692 1322 751 1352 pro
768 1311 882 1352 prima,
900 1311 1056 1350 secunda,
1072 1314 1108 1341 et
1122 1310 1226 1341 tercia
1243 1310 1438 1350 Monicione,
1456 1313 1505 1349 ut,
1520 1309 1620 1351 juxta
1631 1310 1854 1342 Consuetudi-

467 1365 543 1386 nem
562 1355 695 1396 Capelle
711 1355 914 1396 supradicte,
931 1354 1039 1385 eidem
1064 1353 1206 1384 Sacriste
1223 1353 1356 1393 singuli,
1373 1363 1433 1394 pro
1455 1356 1529 1385 rata
1545 1353 1710 1394 porcionis
1725 1363 1795 1393 sue,
1811 1354 1854 1385 de

467 1399 627 1440 predictis
643 1401 790 1440 quatuor
805 1398 908 1438 libris,
925 1398 994 1429 suis
1016 1397 1180 1437 terminis,
1196 1397 1405 1428 satisfaciant
1427 1400 1665 1438 competenter,
1682 1397 1746 1429 sub
1768 1408 1854 1439 pena

469 1441 854 1479 Excommunicacionis;
880 1452 981 1483 quam
1005 1451 1104 1479 nunc,
1121 1445 1163 1472 ut
1178 1443 1312 1480 extunc,
1336 1441 1371 1471 in
1395 1451 1550 1481 personas
1565 1451 1631 1472 non
1648 1441 1853 1473 solvencium

466 1486 668 1526 proferimus
683 1487 719 1518 in
734 1486 799 1517 hiis
815 1485 964 1526 Scriptis.
1011 1485 1065 1516 Ad
1082 1484 1152 1524 hec,
1169 1495 1245 1516 cum
1269 1484 1401 1516 Nobilis
1415 1484 1476 1523 vir,
1495 1484 1613 1516 Comes
1630 1484 1853 1525 Marescallus,

469 1530 590 1561 Petrus
605 1530 647 1561 de
665 1530 839 1570 Roteham,
864 1532 898 1561 et
922 1529 1072 1568 Rogerus
1098 1528 1249 1569 Papilun,
1267 1529 1410 1569 quedam
1434 1528 1582 1560 habeant
1605 1528 1796 1560 molendina
1818 1529 1854 1560 in

469 1574 627 1605 Parochia
650 1574 692 1604 de
716 1573 889 1611 Boseham,
913 1573 955 1604 de
978 1572 1102 1613 quibus
1125 1572 1202 1603 licet
1224 1572 1350 1612 grande
1376 1572 1644 1603 emolumentum
1669 1572 1852 1613 proveniat,

468 1617 563 1649 nulla
577 1620 692 1649 tamen
709 1628 749 1648 ex
765 1617 811 1648 eis
826 1616 897 1658 jam
912 1616 1011 1657 longo
1027 1619 1178 1657 tempore
1193 1615 1311 1647 extitit
1322 1615 1451 1647 decima
1465 1615 1642 1656 persoluta,
1657 1615 1858 1657 precipimus

469 1664 504 1693 et
521 1662 720 1693 mandamus
736 1664 775 1692 ut
791 1660 949 1693 Canonici
972 1660 1096 1701 quibus
1118 1659 1190 1700 ipsa
1212 1659 1342 1691 decima
1363 1659 1507 1690 debetur
1529 1659 1669 1691 eandem
1692 1659 1855 1691 decimam

469 1707 627 1746 repetant
641 1715 718 1736 cum
735 1705 853 1736 effectu
871 1715 878 1743 ;
897 1714 973 1735 cum
990 1703 1177 1734 subtraccio
1193 1703 1297 1744 ipsius
1312 1713 1412 1743 grave
1427 1702 1613 1744 periculum
1630 1703 1858 1735 detinencium

469 1749 646 1780 animabus
661 1748 810 1788 inducat,
822 1751 857 1779 et
872 1748 906 1779 in
919 1747 1144 1778 manifestum·
1154 1748 1251 1778 cedat
1266 1746 1488 1788 prejudicium
1507 1746 1641 1788 Capelle
1656 1747 1857 1787 supradicte.

470 1793 525 1832 Et,
542 1792 631 1833 quia,
648 1791 881 1824 deficientibus
897 1791 1007 1823 Libris
1023 1794 1058 1822 et
1072 1791 1145 1822 aliis
1169 1790 1383 1822 Ornamentis
1400 1800 1465 1831 que
1480 1790 1523 1821 ad
1540 1790 1678 1822 Cultum
1697 1790 1860 1822 Divinum

469 1837 699 1878 requiruntur,
725 1835 859 1877 Capella
882 1835 953 1876 ipsa
977 1834 1096 1876 nequit
1118 1833 1253 1865 officiari
1276 1837 1315 1865 ut
1337 1834 1495 1865 convenit
1509 1833 1544 1865 in
1562 1834 1702 1874 Divinis,
1719 1834 1858 1875 precipi-

470 1890 546 1912 mus
562 1883 598 1911 et
614 1880 815 1911 mandamus
831 1882 871 1910 ut
887 1877 1070 1918 subscripti
1093 1878 1255 1916 defectus,
1272 1877 1428 1909 videlicet
1452 1877 1608 1918 Legenda
1630 1888 1717 1909 nova
1732 1881 1767 1909 et
1783 1877 1859 1910 Col·

468 1924 591 1955 lectare
607 1933 744 1963 novum,
760 1923 795 1954 in
812 1922 913 1964 peciis
929 1921 1157 1960 consistencia,
1181 1921 1428 1960 examinentur,
1453 1921 1672 1962 corrigantur,
1697 1924 1732 1952 et
1755 1921 1858 1962 ligen-

470 1970 537 1999 tur.
583 1967 741 1998 Preterea
757 1976 865 1998 unum
884 1965 1135 2006 Epistolarffim,
1162 1975 1239 1995 cum
1266 1964 1462 2004 Ewangeliis
1486 1965 1596 1996 tocius
1618 1965 1707 2004 anni,
1731 1964 1766 1996 in
1790 1975 1859 1996 uno

469 2011 640 2043 volumine
656 2010 888 2051 redigendum,
904 2011 1099 2050 competens
1110 2008 1381 2040 tabulamentum
1399 2018 1499 2049 super
1509 2008 1634 2047 Altare,
1649 2018 1755 2040 unum
1768 2008 1858 2040 fron-

470 2055 537 2086 tale
553 2054 734 2095 solempne,
752 2056 785 2085 et
802 2053 838 2094 iij
857 2063 936 2093 cape
952 2052 993 2083 de
1009 2052 1112 2084 serico
1122 2053 1288 2092 decentes,
1307 2051 1555 2083 Candelabrum
1570 2051 1727 2083 Paschale
1739 2051 1858 2084 hones·

470 2101 556 2138 tum,
580 2101 616 2129 et
639 2097 755 2129 tuallie
778 2097 980 2128 sufficientes
1003 2096 1045 2127 ad
1068 2095 1294 2127 Ministerium
1318 2095 1480 2126 Divinum
1512 2095 1750 2136 peragendum,
1773 2095 1858 2128 citra

471 2141 598 2174 Pascha
615 2141 767 2182 proximo
783 2141 954 2179 futurum,
972 2140 1015 2171 de
1031 2149 1127 2178 novo,
1143 2142 1255 2180 preter
1269 2139 1363 2180 prius
1378 2138 1494 2170 habita
1509 2139 1543 2170 in
1560 2139 1631 2180 ipsa
1649 2138 1785 2181 Capella
1800 2139 1858 2172 ha-

471 2186 641 2224 beantur3
664 2184 817 2223 maxime,
835 2186 958 2222 autem,
975 2183 1067 2224 quod
1092 2183 1277 2222 Cancellus,
1299 2182 1370 2224 jam
1394 2193 1452 2223 per
1475 2183 1546 2214 loca
1569 2183 1659 2215 varia
1681 2183 1857 2223 distillans,

470 2229 555 2261 citra
571 2229 711 2260 Festum
728 2228 889 2260 Omnium
906 2228 1116 2266 Sanctorum,
1129 2227 1163 2258 in
1176 2229 1306 2258 statum
1319 2226 1472 2258 debitum
1490 2229 1663 2268 reparetur
1677 2236 1685 2265 3
1697 2227 1762 2258 sub
1774 2237 1860 2268 pena

470 2270 540 2305 xxti
557 2273 728 2312 librarum,
745 2272 872 2304 tociens
888 2271 1208 2302 committendarum
1225 2270 1383 2311 quociens
1399 2273 1566 2301 cessatum
1578 2270 1682 2302 fuerit
1697 2270 1731 2302 in
1745 2270 1857 2311 aliquo

472 2316 719 2358 premissorum,
736 2326 796 2357 pro
812 2317 926 2346 nostro
942 2313 1244 2346 convertendarum
1268 2313 1407 2345 arbitrio
1429 2313 1463 2345 in
1487 2324 1569 2346 usus
1586 2314 1719 2355 Capelle
1742 2324 1858 2355 supra-

472 2360 571 2392 dicte.
616 2360 672 2398 Et,
696 2370 738 2390 ne
761 2359 837 2400 quis
859 2368 960 2399 super
981 2358 1046 2389 hiis
1068 2368 1135 2399 que
1164 2357 1232 2399 jam
1257 2357 1496 2397 ordinavimus,
1520 2358 1561 2389 ad
1585 2357 1859 2390 reformacionem

471 2403 561 2436 dicte
578 2403 722 2444 Capelle,
748 2413 783 2434 se
806 2402 911 2443 possit
932 2401 1153 2442 imposterum
1177 2411 1346 2440 excusare,
1370 2401 1444 2440 tibi,
1462 2400 1507 2432 fili
1531 2401 1677 2433 Sacrista
1699 2401 1857 2442 predicte,

472 2447 719 2480 committimus
735 2449 770 2478 et
785 2446 985 2477 mandamus
1000 2445 1161 2486 quatinus
1174 2444 1233 2476 hec
1245 2445 1358 2476 omnia
1373 2448 1409 2475 et
1424 2445 1555 2485 singula
1565 2455 1631 2486 que
1646 2445 1859 2486 premisimus

473 2495 508 2523 et
538 2490 750 2532 presentibus
775 2489 896 2521 Literis
918 2489 1164 2530 amplectimur,
1187 2488 1223 2519 in
1246 2488 1335 2519 dicta
1360 2488 1497 2529 Capella
1518 2488 1620 2520 facias
1643 2488 1862 2530 solempniter

474 2534 645 2577 publicari,
662 2537 698 2565 et
713 2534 756 2565 ad
771 2533 928 2565 noticiam
945 2532 1098 2564 omnium
1114 2542 1258 2573 quorum
1271 2532 1413 2564 interest
1425 2531 1553 2563 deduci.
1601 2532 1648 2563 Et
1664 2532 1747 2573 quid
1759 2542 1861 2573 super

474 2579 540 2611 hiis
555 2577 670 2610 feceris
693 2588 764 2617 nos,
788 2577 872 2608 citra
895 2576 1034 2609 Festum
1057 2575 1256 2607 Nativitatis
1280 2576 1382 2606 Beate
1407 2575 1510 2606 Marie
1529 2574 1685 2616 Virginis,
1701 2575 1862 2607 rescribas

473 2633 532 2663 per
569 2622 700 2654 Literas
735 2623 813 2652 tuas
850 2622 1014 2661 patentes,
1041 2619 1161 2651 harum
1189 2618 1307 2650 seriem
1339 2619 1735 2651 continentes—Datum
1769 2619 1861 2660 apud

390 2702 397 2708 ,
474 2664 707 2703 Chuddeham,
734 2664 790 2705 iijo
815 2663 984 2695 Kalendas
1014 2662 1161 2704 Augusti
1191 2662 1247 2702 [30
1277 2661 1386 2704 JulyJ,
1415 2663 1502 2694 A-D.
1534 2662 1593 2694 M0.
1625 2662 1727 2695 CCm⁰
1757 2672 1858 2694 nona-

322 2703 435 2764 AthmC
474 2709 599 2751 gesimo
615 2707 874 2750 quarm-Nos,
899 2706 1023 2748 itaque,
1046 2706 1154 2738 eidem
1178 2706 1323 2738 Domino
1346 2706 1474 2737 Thome
1499 2706 1660 2747 Episcopo
1682 2706 1860 2738 succeden-

321 2746 447 2798 ξξὲἀξζη
476 2757 527 2784 tes
542 2752 577 2784 in
594 2763 693 2783 onere
708 2755 743 2784 et
758 2751 893 2791 honore,
910 2753 945 2782 et
960 2750 1099 2782 eandem
1124 2749 1293 2790 Capellam
1317 2754 1477 2789 nostram,
1495 2749 1688 2787 Canonieos,
1704 2752 1740 2781 et
1754 2749 1860 2781 eciam

322 2804 441 2832 Walter·
477 2796 649 2828 Ministros
682 2795 846 2836 ejusdem,
880 2794 1132 2835 subsequenter,
1165 2793 1311 2824 secundo
1344 2793 1399 2824 die
1429 2793 1450 2825 J
1454 2793 1581 2824 uridico
1613 2795 1689 2834 post
1718 2793 1859 2825 Festum

324 2847 381 2866 um·
476 2839 664 2881 Epiphanio
691 2838 838 2878 Domini,
866 2837 964 2869 Anno
1004 2836 1166 2878 Ejusdem
1194 2836 1254 2868 Mo.
1288 2836 1420 2868 CCC¹¹¹⁰
1451 2847 1548 2876 nono,
1579 2847 1622 2868 ex
1652 2836 1760 2868 Officii
1785 2845 1860 2868 nos·

477 2883 522 2915 tri
544 2883 669 2923 debito,
695 2885 798 2924 prout
823 2881 866 2913 ad
892 2891 953 2913 nos
979 2880 1155 2922 pertinuit,
1178 2879 1356 2912 actualiter
1386 2880 1571 2920 visitantes,
1595 2879 1775 2912 nonnullos
1797 2879 1858 2912 ibi-

477 2927 554 2958 dem
583 2925 775 2958 invenimus
804 2924 956 2957 defectus
987 2924 1143 2965 notor-ios,
1170 2923 1327 2956 videlicet
1353 2923 1554 2956 Candelabri
1583 2923 1761 2965 Paschslis,
1787 2922 1863 2957 Veli
