<?xml version="1.0" encoding="UTF-8"?>
<!DOCTYPE html PUBLIC "-//W3C//DTD XHTML 1.0 Transitional//EN"
    "http://www.w3.org/TR/xhtml1/DTD/xhtml1-transitional.dtd">
<html xmlns="http://www.w3.org/1999/xhtml" xml:lang="en" lang="en">
 <head>
  <title>
</title>
<meta http-equiv="Content-Type" content="text/html;charset=utf-8" />
  <meta name='ocr-system' content='tesseract 3.04.00' />
  <meta name='ocr-capabilities' content='ocr_page ocr_carea ocr_par ocr_line ocrx_word'/>
</head>
<body>
  <div class='ocr_page' id='page_1' title='image "./registerofthomas01hinguoft/registerofthomas01hinguoft_0417.png"; bbox 0 0 1988 3256; ppageno 0'>
   <div class='ocr_carea' id='block_1_1' title="bbox 473 353 1696 399">
    <p class='ocr_par' dir='ltr' id='par_1_1' title="bbox 473 353 1696 399">
     <span class='ocr_line' id='line_1_1' title="bbox 473 353 1696 399; baseline 0 -2"><span class='ocrx_word' id='word_1_1' title='bbox 473 363 765 398; x_wconf 78' lang='lat' dir='ltr'>REGISTRUM</span> <span class='ocrx_word' id='word_1_2' title='bbox 803 364 1269 399; x_wconf 78' lang='lat' dir='ltr'>COMMUNE-—ANNO</span> <span class='ocrx_word' id='word_1_3' title='bbox 1298 355 1393 399; x_wconf 88' lang='lat'>10⁰.</span> <span class='ocrx_word' id='word_1_4' title='bbox 1602 353 1696 397; x_wconf 88' lang='lat'>399</span> 
     </span>
    </p>
   </div>
   <div class='ocr_carea' id='block_1_2' title="bbox 146 462 1700 2991">
    <p class='ocr_par' dir='ltr' id='par_1_2' title="bbox 146 462 1700 2991">
     <span class='ocr_line' id='line_1_2' title="bbox 146 462 1695 510; baseline -0.001 -12"><span class='ocrx_word' id='word_1_5' title='bbox 146 462 220 490; x_wconf 65' lang='lat' dir='ltr'>AU-</span> <span class='ocrx_word' id='word_1_6' title='bbox 297 476 332 499; x_wconf 90' lang='lat' dir='ltr'>se</span> <span class='ocrx_word' id='word_1_7' title='bbox 347 466 579 509; x_wconf 78' lang='lat' dir='ltr'>accingerent,</span> <span class='ocrx_word' id='word_1_8' title='bbox 596 470 632 500; x_wconf 90' lang='lat' dir='ltr'>et</span> <span class='ocrx_word' id='word_1_9' title='bbox 646 478 704 500; x_wconf 91' lang='lat' dir='ltr'>eos</span> <span class='ocrx_word' id='word_1_10' title='bbox 719 478 782 510; x_wconf 93' lang='lat' dir='ltr'>pro</span> <span class='ocrx_word' id='word_1_11' title='bbox 797 477 898 510; x_wconf 91' lang='lat' dir='ltr'>posse</span> <span class='ocrx_word' id='word_1_12' title='bbox 912 470 1212 510; x_wconf 82' lang='lat' dir='ltr'><strong>persequerentur,</strong></span> <span class='ocrx_word' id='word_1_13' title='bbox 1229 466 1290 500; x_wconf 88' lang='lat' dir='ltr'>illa</span> <span class='ocrx_word' id='word_1_14' title='bbox 1305 466 1496 509; x_wconf 76' lang='lat' dir='ltr'>gauderent</span> <span class='ocrx_word' id='word_1_15' title='bbox 1512 464 1695 507; x_wconf 89' lang='lat' dir='ltr'>Indulgen-</span> 
     </span>
     <span class='ocr_line' id='line_1_3' title="bbox 146 497 1698 563; baseline 0 -21"><span class='ocrx_word' id='word_1_16' title='bbox 146 497 220 561; x_wconf 45' lang='lat' dir='ltr'>[lfy&#39;ffi&#39;</span> <span class='ocrx_word' id='word_1_17' title='bbox 232 530 263 558; x_wconf 71' lang='grc' dir='ltr'><em>Π</em></span> <span class='ocrx_word' id='word_1_18' title='bbox 278 510 362 563; x_wconf 65' lang='lat' dir='ltr'>leia,</span> <span class='ocrx_word' id='word_1_19' title='bbox 383 510 512 553; x_wconf 87' lang='lat' dir='ltr'>illoque</span> <span class='ocrx_word' id='word_1_20' title='bbox 531 510 720 554; x_wconf 87' lang='lat' dir='ltr'>Privilegio</span> <span class='ocrx_word' id='word_1_21' title='bbox 740 516 854 545; x_wconf 90' lang='lat' dir='ltr'>essent</span> <span class='ocrx_word' id='word_1_22' title='bbox 874 512 1012 551; x_wconf 91' lang='lat' dir='ltr'>muniti,</span> <span class='ocrx_word' id='word_1_23' title='bbox 1035 522 1102 554; x_wconf 90' lang='lat' dir='ltr'>que</span> <span class='ocrx_word' id='word_1_24' title='bbox 1123 512 1366 545; x_wconf 78' lang='lat' dir='ltr'><strong>accedentibus</strong></span> <span class='ocrx_word' id='word_1_25' title='bbox 1387 512 1424 544; x_wconf 89' lang='lat' dir='ltr'>in</span> <span class='ocrx_word' id='word_1_26' title='bbox 1445 511 1550 543; x_wconf 87' lang='lat' dir='ltr'>Terre</span> <span class='ocrx_word' id='word_1_27' title='bbox 1573 511 1698 543; x_wconf 82' lang='lat' dir='ltr'>Sancte</span> 
     </span>
     <span class='ocr_line' id='line_1_4' title="bbox 214 551 1696 598; baseline -0.001 -12"><span class='ocrx_word' id='word_1_28' title='bbox 214 552 220 558; x_wconf 89' lang='lat'>&#39;</span> <span class='ocrx_word' id='word_1_29' title='bbox 267 551 273 558; x_wconf 84' lang='lat'>&#39;</span> <span class='ocrx_word' id='word_1_30' title='bbox 296 552 488 586; x_wconf 82' lang='lat' dir='ltr'>subsidium</span> <span class='ocrx_word' id='word_1_31' title='bbox 504 555 750 588; x_wconf 87' lang='lat' dir='ltr'>conceduntur.</span> <span class='ocrx_word' id='word_1_32' title='bbox 799 555 976 598; x_wconf 73' lang='lat' dir='ltr'>volentes,</span> <span class='ocrx_word' id='word_1_33' title='bbox 994 556 1113 597; x_wconf 87' lang='lat' dir='ltr'>igitur,</span> <span class='ocrx_word' id='word_1_34' title='bbox 1132 555 1224 598; x_wconf 92' lang='lat' dir='ltr'>quod</span> <span class='ocrx_word' id='word_1_35' title='bbox 1239 556 1407 598; x_wconf 89' lang='lat' dir='ltr'>premissa</span> <span class='ocrx_word' id='word_1_36' title='bbox 1421 555 1466 587; x_wconf 86' lang='lat' dir='ltr'>ad</span> <span class='ocrx_word' id='word_1_37' title='bbox 1482 563 1696 586; x_wconf 90' lang='lat' dir='ltr'>communem</span> 
     </span>
     <span class='ocr_line' id='line_1_5' title="bbox 296 598 1697 640; baseline -0.001 -8"><span class='ocrx_word' id='word_1_38' title='bbox 296 599 462 632; x_wconf 73' lang='lat' dir='ltr'><strong>noticiam</strong></span> <span class='ocrx_word' id='word_1_39' title='bbox 482 599 637 631; x_wconf 91' lang='lat' dir='ltr'>omnium</span> <span class='ocrx_word' id='word_1_40' title='bbox 656 598 787 632; x_wconf 78' lang='lat' dir='ltr'><strong>Christi</strong></span> <span class='ocrx_word' id='word_1_41' title='bbox 808 599 981 633; x_wconf 88' lang='lat' dir='ltr'>Fidelium</span> <span class='ocrx_word' id='word_1_42' title='bbox 1000 600 1227 640; x_wconf 82' lang='lat' dir='ltr'>deducantur,</span> <span class='ocrx_word' id='word_1_43' title='bbox 1250 599 1480 633; x_wconf 85' lang='lat' dir='ltr'>Fraternitati</span> <span class='ocrx_word' id='word_1_44' title='bbox 1499 601 1614 631; x_wconf 81' lang='lat' dir='ltr'>vestre</span> <span class='ocrx_word' id='word_1_45' title='bbox 1635 607 1697 639; x_wconf 86' lang='lat' dir='ltr'>per</span> 
     </span>
     <span class='ocr_line' id='line_1_6' title="bbox 294 641 1700 686; baseline 0.001 -12"><span class='ocrx_word' id='word_1_46' title='bbox 294 641 498 685; x_wconf 88' lang='lat' dir='ltr'>Apostolica</span> <span class='ocrx_word' id='word_1_47' title='bbox 511 642 651 685; x_wconf 86' lang='lat' dir='ltr'>Scripta</span> <span class='ocrx_word' id='word_1_48' title='bbox 665 642 822 676; x_wconf 88' lang='lat' dir='ltr'>districte</span> <span class='ocrx_word' id='word_1_49' title='bbox 836 643 1057 686; x_wconf 85' lang='lat' dir='ltr'>precipiendo</span> <span class='ocrx_word' id='word_1_50' title='bbox 1070 643 1275 676; x_wconf 80' lang='lat' dir='ltr'>mandamus</span> <span class='ocrx_word' id='word_1_51' title='bbox 1288 643 1453 685; x_wconf 85' lang='lat' dir='ltr'>quatinus</span> <span class='ocrx_word' id='word_1_52' title='bbox 1466 641 1614 685; x_wconf 89' lang='lat' dir='ltr'>quilibet</span> <span class='ocrx_word' id='word_1_53' title='bbox 1626 652 1700 675; x_wconf 86' lang='lat' dir='ltr'>ves-</span> 
     </span>
     <span class='ocr_line' id='line_1_7' title="bbox 294 684 1695 729; baseline -0.001 -11"><span class='ocrx_word' id='word_1_54' title='bbox 294 689 392 718; x_wconf 89' lang='lat' dir='ltr'>trum</span> <span class='ocrx_word' id='word_1_55' title='bbox 412 685 457 718; x_wconf 90' lang='lat' dir='ltr'>ad</span> <span class='ocrx_word' id='word_1_56' title='bbox 478 695 564 728; x_wconf 90' lang='lat' dir='ltr'>quos</span> <span class='ocrx_word' id='word_1_57' title='bbox 586 689 763 728; x_wconf 87' lang='lat' dir='ltr'>presentes</span> <span class='ocrx_word' id='word_1_58' title='bbox 784 687 912 727; x_wconf 88' lang='lat' dir='ltr'>Litere‚</span> <span class='ocrx_word' id='word_1_59' title='bbox 926 686 982 720; x_wconf 89' lang='lat' dir='ltr'>vel</span> <span class='ocrx_word' id='word_1_60' title='bbox 994 697 1113 719; x_wconf 86' lang='lat' dir='ltr'>earum</span> <span class='ocrx_word' id='word_1_61' title='bbox 1123 690 1395 729; x_wconf 82' lang='lat' dir='ltr'>transumptum,</span> <span class='ocrx_word' id='word_1_62' title='bbox 1408 690 1482 726; x_wconf 88' lang='lat' dir='ltr'>tuo,</span> <span class='ocrx_word' id='word_1_63' title='bbox 1497 686 1622 718; x_wconf 85' lang='lat' dir='ltr'>Frater</span> <span class='ocrx_word' id='word_1_64' title='bbox 1631 684 1695 717; x_wconf 88' lang='lat' dir='ltr'>Ar-</span> 
     </span>
     <span class='ocr_line' id='line_1_8' title="bbox 296 729 1697 773; baseline -0.001 -12"><span class='ocrx_word' id='word_1_65' title='bbox 296 729 524 772; x_wconf 89' lang='lat' dir='ltr'>chiepiscope,</span> <span class='ocrx_word' id='word_1_66' title='bbox 538 729 730 772; x_wconf 85' lang='lat' dir='ltr'>sigillatum</span> <span class='ocrx_word' id='word_1_67' title='bbox 741 730 866 773; x_wconf 86' lang='lat' dir='ltr'>sigillo,</span> <span class='ocrx_word' id='word_1_68' title='bbox 880 731 1113 772; x_wconf 86' lang='lat' dir='ltr'>pervenerint,</span> <span class='ocrx_word' id='word_1_69' title='bbox 1128 729 1193 762; x_wconf 88' lang='lat' dir='ltr'>sub</span> <span class='ocrx_word' id='word_1_70' title='bbox 1204 740 1294 772; x_wconf 91' lang='lat' dir='ltr'>pena</span> <span class='ocrx_word' id='word_1_71' title='bbox 1306 729 1697 769; x_wconf 72' lang='lat' dir='ltr'>Excommunicacionis,</span> 
     </span>
     <span class='ocr_line' id='line_1_9' title="bbox 295 773 1695 816; baseline -0.001 -11"><span class='ocrx_word' id='word_1_72' title='bbox 295 783 400 816; x_wconf 89' lang='lat' dir='ltr'>quam</span> <span class='ocrx_word' id='word_1_73' title='bbox 421 773 612 815; x_wconf 85' lang='lat' dir='ltr'>quemlibet</span> <span class='ocrx_word' id='word_1_74' title='bbox 633 778 790 807; x_wconf 89' lang='lat' dir='ltr'>vestrum</span> <span class='ocrx_word' id='word_1_75' title='bbox 811 775 871 816; x_wconf 89' lang='lat' dir='ltr'>qui</span> <span class='ocrx_word' id='word_1_76' title='bbox 892 774 1061 806; x_wconf 85' lang='lat' dir='ltr'>Mandato</span> <span class='ocrx_word' id='word_1_77' title='bbox 1083 777 1203 807; x_wconf 92' lang='lat' dir='ltr'>nostro</span> <span class='ocrx_word' id='word_1_78' title='bbox 1225 773 1428 815; x_wconf 81' lang='lat' dir='ltr'>hujusmodi</span> <span class='ocrx_word' id='word_1_79' title='bbox 1448 783 1518 806; x_wconf 89' lang='lat' dir='ltr'>non</span> <span class='ocrx_word' id='word_1_80' title='bbox 1539 773 1695 815; x_wconf 88' lang='lat' dir='ltr'>paruerit</span> 
     </span>
     <span class='ocr_line' id='line_1_10' title="bbox 295 815 1695 860; baseline -0.001 -10"><span class='ocrx_word' id='word_1_81' title='bbox 295 827 374 850; x_wconf 90' lang='lat' dir='ltr'>cum</span> <span class='ocrx_word' id='word_1_82' title='bbox 389 817 514 850; x_wconf 85' lang='lat' dir='ltr'>effectu</span> <span class='ocrx_word' id='word_1_83' title='bbox 528 817 703 850; x_wconf 84' lang='lat' dir='ltr'>incurrere</span> <span class='ocrx_word' id='word_1_84' title='bbox 718 817 878 850; x_wconf 92' lang='lat' dir='ltr'>volumus</span> <span class='ocrx_word' id='word_1_85' title='bbox 893 818 969 860; x_wconf 87' lang='lat' dir='ltr'>ipso</span> <span class='ocrx_word' id='word_1_86' title='bbox 985 817 1090 858; x_wconf 76' lang='lat' dir='ltr'>facto,</span> <span class='ocrx_word' id='word_1_87' title='bbox 1107 818 1143 849; x_wconf 92' lang='lat' dir='ltr'>in</span> <span class='ocrx_word' id='word_1_88' title='bbox 1159 817 1324 850; x_wconf 86' lang='lat' dir='ltr'>Ecclesiis</span> <span class='ocrx_word' id='word_1_89' title='bbox 1339 818 1477 857; x_wconf 88' lang='lat' dir='ltr'>vestris,</span> <span class='ocrx_word' id='word_1_90' title='bbox 1495 816 1612 850; x_wconf 89' lang='lat' dir='ltr'>Verbo</span> <span class='ocrx_word' id='word_1_91' title='bbox 1630 815 1695 848; x_wconf 88' lang='lat' dir='ltr'>Dei</span> 
     </span>
     <span class='ocr_line' id='line_1_11' title="bbox 295 859 1695 904; baseline -0.001 -10"><span class='ocrx_word' id='word_1_92' title='bbox 295 861 459 904; x_wconf 87' lang='lat' dir='ltr'>primitus</span> <span class='ocrx_word' id='word_1_93' title='bbox 474 871 537 904; x_wconf 90' lang='lat' dir='ltr'>per</span> <span class='ocrx_word' id='word_1_94' title='bbox 551 872 624 902; x_wconf 90' lang='lat' dir='ltr'>vos,</span> <span class='ocrx_word' id='word_1_95' title='bbox 642 860 699 894; x_wconf 90' lang='lat' dir='ltr'>vel</span> <span class='ocrx_word' id='word_1_96' title='bbox 715 861 800 894; x_wconf 87' lang='lat' dir='ltr'>alios</span> <span class='ocrx_word' id='word_1_97' title='bbox 815 861 860 894; x_wconf 85' lang='lat' dir='ltr'>ad</span> <span class='ocrx_word' id='word_1_98' title='bbox 874 861 939 894; x_wconf 90' lang='lat' dir='ltr'>hoc</span> <span class='ocrx_word' id='word_1_99' title='bbox 954 861 1118 904; x_wconf 84' lang='lat' dir='ltr'>ydoneos,</span> <span class='ocrx_word' id='word_1_100' title='bbox 1137 871 1253 893; x_wconf 87' lang='lat' dir='ltr'>coram</span> <span class='ocrx_word' id='word_1_101' title='bbox 1269 859 1398 903; x_wconf 92' lang='lat' dir='ltr'>populo</span> <span class='ocrx_word' id='word_1_102' title='bbox 1415 860 1639 903; x_wconf 80' lang='lat' dir='ltr'>solempniter</span> <span class='ocrx_word' id='word_1_103' title='bbox 1655 870 1695 892; x_wconf 85' lang='lat' dir='ltr'>ac</span> 
     </span>
     <span class='ocr_line' id='line_1_12' title="bbox 294 903 1694 948; baseline 0 -11"><span class='ocrx_word' id='word_1_104' title='bbox 294 903 432 947; x_wconf 89' lang='lat' dir='ltr'>publice</span> <span class='ocrx_word' id='word_1_105' title='bbox 451 905 630 948; x_wconf 86' lang='lat' dir='ltr'>proposito</span> <span class='ocrx_word' id='word_1_106' title='bbox 651 905 774 938; x_wconf 86' lang='lat' dir='ltr'>saltem</span> <span class='ocrx_word' id='word_1_107' title='bbox 793 904 908 945; x_wconf 90' lang='lat' dir='ltr'>semel,</span> <span class='ocrx_word' id='word_1_108' title='bbox 931 915 971 937; x_wconf 89' lang='lat' dir='ltr'>ac</span> <span class='ocrx_word' id='word_1_109' title='bbox 993 905 1101 937; x_wconf 90' lang='lat' dir='ltr'>eciam</span> <span class='ocrx_word' id='word_1_110' title='bbox 1122 914 1185 947; x_wconf 92' lang='lat' dir='ltr'>per</span> <span class='ocrx_word' id='word_1_111' title='bbox 1203 903 1397 947; x_wconf 87' lang='lat' dir='ltr'>Religiosos</span> <span class='ocrx_word' id='word_1_112' title='bbox 1418 903 1694 942; x_wconf 86' lang='lat' dir='ltr'>Predicatorum,</span> 
     </span>
     <span class='ocr_line' id='line_1_13' title="bbox 296 948 1696 990; baseline -0.001 -9"><span class='ocrx_word' id='word_1_113' title='bbox 296 949 484 990; x_wconf 89' lang='lat' dir='ltr'>Minorum,</span> <span class='ocrx_word' id='word_1_114' title='bbox 513 949 772 981; x_wconf 86' lang='lat' dir='ltr'>Heremitarum</span> <span class='ocrx_word' id='word_1_115' title='bbox 799 949 918 982; x_wconf 82' lang='lat' dir='ltr'>Sancti</span> <span class='ocrx_word' id='word_1_116' title='bbox 942 948 1133 990; x_wconf 85' lang='lat' dir='ltr'>Augustini</span> <span class='ocrx_word' id='word_1_117' title='bbox 1158 952 1194 981; x_wconf 87' lang='lat' dir='ltr'>et</span> <span class='ocrx_word' id='word_1_118' title='bbox 1220 948 1347 981; x_wconf 79' lang='lat' dir='ltr'>Sancte</span> <span class='ocrx_word' id='word_1_119' title='bbox 1370 948 1482 981; x_wconf 90' lang='lat' dir='ltr'>Marie</span> <span class='ocrx_word' id='word_1_120' title='bbox 1507 948 1550 982; x_wconf 91' lang='lat' dir='ltr'>de</span> <span class='ocrx_word' id='word_1_121' title='bbox 1574 948 1696 980; x_wconf 90' lang='lat' dir='ltr'>Monte</span> 
     </span>
     <span class='ocr_line' id='line_1_14' title="bbox 296 990 1696 1035; baseline -0.002 -9"><span class='ocrx_word' id='word_1_122' title='bbox 296 991 464 1033; x_wconf 82' lang='lat' dir='ltr'>Carmelu,</span> <span class='ocrx_word' id='word_1_123' title='bbox 478 1003 577 1035; x_wconf 90' lang='lat' dir='ltr'>quos,</span> <span class='ocrx_word' id='word_1_124' title='bbox 596 992 747 1035; x_wconf 87' lang='lat' dir='ltr'>quidem,</span> <span class='ocrx_word' id='word_1_125' title='bbox 767 991 972 1034; x_wconf 85' lang='lat' dir='ltr'>Religiosos,</span> <span class='ocrx_word' id='word_1_126' title='bbox 991 993 1020 1025; x_wconf 87' lang='lat' dir='ltr'>si</span> <span class='ocrx_word' id='word_1_127' title='bbox 1037 990 1294 1024; x_wconf 89' lang='lat' dir='ltr'>Monicionibus</span> <span class='ocrx_word' id='word_1_128' title='bbox 1311 995 1347 1024; x_wconf 91' lang='lat' dir='ltr'>et</span> <span class='ocrx_word' id='word_1_129' title='bbox 1363 990 1544 1024; x_wconf 83' lang='lat' dir='ltr'>Mandatis</span> <span class='ocrx_word' id='word_1_130' title='bbox 1558 991 1644 1024; x_wconf 91' lang='lat' dir='ltr'>meis</span> <span class='ocrx_word' id='word_1_131' title='bbox 1660 991 1696 1023; x_wconf 89' lang='lat' dir='ltr'>in</span> 
     </span>
     <span class='ocr_line' id='line_1_15' title="bbox 293 1034 1695 1079; baseline -0.001 -10"><span class='ocrx_word' id='word_1_132' title='bbox 293 1036 358 1069; x_wconf 86' lang='lat' dir='ltr'>hac</span> <span class='ocrx_word' id='word_1_133' title='bbox 373 1041 474 1079; x_wconf 89' lang='lat' dir='ltr'>parte</span> <span class='ocrx_word' id='word_1_134' title='bbox 487 1047 556 1070; x_wconf 91' lang='lat' dir='ltr'>non</span> <span class='ocrx_word' id='word_1_135' title='bbox 570 1037 761 1079; x_wconf 89' lang='lat' dir='ltr'>paruerint,</span> <span class='ocrx_word' id='word_1_136' title='bbox 779 1035 1159 1069; x_wconf 80' lang='lat' dir='ltr'>Excommunicacionis</span> <span class='ocrx_word' id='word_1_137' title='bbox 1174 1035 1393 1069; x_wconf 76' lang='lat' dir='ltr'>sentenciam</span> <span class='ocrx_word' id='word_1_138' title='bbox 1407 1035 1584 1068; x_wconf 91' lang='lat' dir='ltr'>incurrere</span> <span class='ocrx_word' id='word_1_139' title='bbox 1599 1034 1695 1068; x_wconf 89' lang='lat' dir='ltr'>volu-</span> 
     </span>
     <span class='ocr_line' id='line_1_16' title="bbox 294 1078 1693 1123; baseline -0.002 -10"><span class='ocrx_word' id='word_1_140' title='bbox 294 1091 372 1114; x_wconf 86' lang='lat' dir='ltr'>mus</span> <span class='ocrx_word' id='word_1_141' title='bbox 392 1082 468 1123; x_wconf 91' lang='lat' dir='ltr'>ipso</span> <span class='ocrx_word' id='word_1_142' title='bbox 491 1081 596 1122; x_wconf 90' lang='lat' dir='ltr'>facto,</span> <span class='ocrx_word' id='word_1_143' title='bbox 621 1081 658 1113; x_wconf 91' lang='lat' dir='ltr'>in</span> <span class='ocrx_word' id='word_1_144' title='bbox 679 1081 806 1114; x_wconf 84' lang='lat' dir='ltr'>vestris</span> <span class='ocrx_word' id='word_1_145' title='bbox 829 1078 1095 1113; x_wconf 87' lang='lat' dir='ltr'>Cathedralibus</span> <span class='ocrx_word' id='word_1_146' title='bbox 1118 1083 1153 1112; x_wconf 91' lang='lat' dir='ltr'>et</span> <span class='ocrx_word' id='word_1_147' title='bbox 1174 1079 1331 1121; x_wconf 90' lang='lat' dir='ltr'>ipsorum</span> <span class='ocrx_word' id='word_1_148' title='bbox 1353 1078 1606 1121; x_wconf 88' lang='lat' dir='ltr'>Religiosorum</span> <span class='ocrx_word' id='word_1_149' title='bbox 1630 1078 1693 1111; x_wconf 90' lang='lat' dir='ltr'>Ec-</span> 
     </span>
     <span class='ocr_line' id='line_1_17' title="bbox 296 1122 1693 1167; baseline -0.002 -10"><span class='ocrx_word' id='word_1_150' title='bbox 296 1124 419 1166; x_wconf 89' lang='lat' dir='ltr'>clesiis,</span> <span class='ocrx_word' id='word_1_151' title='bbox 446 1128 481 1157; x_wconf 95' lang='lat' dir='ltr'>et</span> <span class='ocrx_word' id='word_1_152' title='bbox 505 1124 606 1157; x_wconf 89' lang='lat' dir='ltr'>Locis</span> <span class='ocrx_word' id='word_1_153' title='bbox 630 1124 708 1157; x_wconf 89' lang='lat' dir='ltr'>aliis</span> <span class='ocrx_word' id='word_1_154' title='bbox 731 1124 774 1157; x_wconf 89' lang='lat' dir='ltr'>de</span> <span class='ocrx_word' id='word_1_155' title='bbox 797 1123 924 1167; x_wconf 91' lang='lat' dir='ltr'>quibus</span> <span class='ocrx_word' id='word_1_156' title='bbox 946 1122 1047 1157; x_wconf 91' lang='lat' dir='ltr'>vobis</span> <span class='ocrx_word' id='word_1_157' title='bbox 1071 1123 1260 1163; x_wconf 89' lang='lat' dir='ltr'>videbitur,</span> <span class='ocrx_word' id='word_1_158' title='bbox 1286 1123 1370 1156; x_wconf 88' lang='lat' dir='ltr'>dum</span> <span class='ocrx_word' id='word_1_159' title='bbox 1395 1122 1585 1156; x_wconf 87' lang='lat' dir='ltr'>Missarum</span> <span class='ocrx_word' id='word_1_160' title='bbox 1609 1122 1693 1154; x_wconf 88' lang='lat' dir='ltr'>cele-</span> 
     </span>
     <span class='ocr_line' id='line_1_18' title="bbox 294 1166 1694 1210; baseline -0.001 -10"><span class='ocrx_word' id='word_1_161' title='bbox 294 1166 443 1200; x_wconf 85' lang='lat' dir='ltr'>brant-ur</span> <span class='ocrx_word' id='word_1_162' title='bbox 459 1167 660 1210; x_wconf 87' lang='lat' dir='ltr'>solempnia,</span> <span class='ocrx_word' id='word_1_163' title='bbox 680 1167 737 1200; x_wconf 89' lang='lat' dir='ltr'>vel</span> <span class='ocrx_word' id='word_1_164' title='bbox 753 1167 841 1200; x_wconf 85' lang='lat' dir='ltr'>alias</span> <span class='ocrx_word' id='word_1_165' title='bbox 857 1178 936 1200; x_wconf 92' lang='lat' dir='ltr'>cum</span> <span class='ocrx_word' id='word_1_166' title='bbox 952 1166 1082 1200; x_wconf 90' lang='lat' dir='ltr'>ibidem</span> <span class='ocrx_word' id='word_1_167' title='bbox 1098 1167 1213 1209; x_wconf 84' lang='lat' dir='ltr'>major</span> <span class='ocrx_word' id='word_1_168' title='bbox 1228 1166 1349 1209; x_wconf 90' lang='lat' dir='ltr'>populi</span> <span class='ocrx_word' id='word_1_169' title='bbox 1365 1167 1479 1200; x_wconf 83' lang='lat' dir='ltr'>aderit</span> <span class='ocrx_word' id='word_1_170' title='bbox 1493 1167 1694 1207; x_wconf 88' lang='lat' dir='ltr'>multitudo,</span> 
     </span>
     <span class='ocr_line' id='line_1_19' title="bbox 294 1210 1692 1254; baseline -0.001 -10"><span class='ocrx_word' id='word_1_171' title='bbox 294 1222 334 1244; x_wconf 90' lang='lat' dir='ltr'>ac</span> <span class='ocrx_word' id='word_1_172' title='bbox 355 1212 464 1244; x_wconf 90' lang='lat' dir='ltr'>eciam</span> <span class='ocrx_word' id='word_1_173' title='bbox 483 1212 521 1244; x_wconf 89' lang='lat' dir='ltr'>in</span> <span class='ocrx_word' id='word_1_174' title='bbox 540 1212 667 1245; x_wconf 86' lang='lat' dir='ltr'>vestris</span> <span class='ocrx_word' id='word_1_175' title='bbox 687 1216 722 1245; x_wconf 92' lang='lat' dir='ltr'>et</span> <span class='ocrx_word' id='word_1_176' title='bbox 743 1212 918 1245; x_wconf 85' lang='lat' dir='ltr'>dictorum</span> <span class='ocrx_word' id='word_1_177' title='bbox 936 1211 1192 1254; x_wconf 85' lang='lat' dir='ltr'>Religiosorum</span> <span class='ocrx_word' id='word_1_178' title='bbox 1213 1210 1512 1254; x_wconf 89' lang='lat' dir='ltr'>predicacionibus</span> <span class='ocrx_word' id='word_1_179' title='bbox 1532 1210 1692 1253; x_wconf 90' lang='lat' dir='ltr'>publicis,</span> 
     </span>
     <span class='ocr_line' id='line_1_20' title="bbox 295 1253 1694 1298; baseline 0.001 -12"><span class='ocrx_word' id='word_1_180' title='bbox 295 1254 440 1297; x_wconf 86' lang='lat' dir='ltr'>singulis</span> <span class='ocrx_word' id='word_1_181' title='bbox 458 1254 590 1288; x_wconf 86' lang='lat' dir='ltr'>Diebus</span> <span class='ocrx_word' id='word_1_182' title='bbox 607 1255 810 1296; x_wconf 85' lang='lat' dir='ltr'>Dominicis,</span> <span class='ocrx_word' id='word_1_183' title='bbox 830 1255 947 1288; x_wconf 86' lang='lat' dir='ltr'>omnia.</span> <span class='ocrx_word' id='word_1_184' title='bbox 962 1259 997 1288; x_wconf 91' lang='lat' dir='ltr'>et</span> <span class='ocrx_word' id='word_1_185' title='bbox 1014 1255 1151 1298; x_wconf 84' lang='lat' dir='ltr'>singula</span> <span class='ocrx_word' id='word_1_186' title='bbox 1169 1255 1371 1297; x_wconf 86' lang='lat' dir='ltr'>supradicta</span> <span class='ocrx_word' id='word_1_187' title='bbox 1386 1253 1571 1297; x_wconf 88' lang='lat' dir='ltr'>publicetis</span> <span class='ocrx_word' id='word_1_188' title='bbox 1588 1258 1623 1288; x_wconf 91' lang='lat' dir='ltr'>et</span> <span class='ocrx_word' id='word_1_189' title='bbox 1639 1265 1694 1287; x_wconf 87' lang='lat' dir='ltr'>ex-</span> 
     </span>
     <span class='ocr_line' id='line_1_21' title="bbox 294 1297 1695 1342; baseline -0.001 -11"><span class='ocrx_word' id='word_1_190' title='bbox 294 1299 444 1341; x_wconf 84' lang='lat' dir='ltr'>ponat-is,</span> <span class='ocrx_word' id='word_1_191' title='bbox 471 1309 531 1331; x_wconf 89' lang='lat' dir='ltr'>seu</span> <span class='ocrx_word' id='word_1_192' title='bbox 554 1298 724 1341; x_wconf 87' lang='lat' dir='ltr'>publicari</span> <span class='ocrx_word' id='word_1_193' title='bbox 749 1304 784 1332; x_wconf 90' lang='lat' dir='ltr'>et</span> <span class='ocrx_word' id='word_1_194' title='bbox 809 1300 945 1342; x_wconf 83' lang='lat' dir='ltr'>exponi,</span> <span class='ocrx_word' id='word_1_195' title='bbox 974 1299 1047 1332; x_wconf 86' lang='lat' dir='ltr'>alta</span> <span class='ocrx_word' id='word_1_196' title='bbox 1071 1310 1155 1332; x_wconf 90' lang='lat' dir='ltr'>voce</span> <span class='ocrx_word' id='word_1_197' title='bbox 1179 1303 1215 1332; x_wconf 90' lang='lat' dir='ltr'>et</span> <span class='ocrx_word' id='word_1_198' title='bbox 1240 1298 1475 1341; x_wconf 79' lang='lat' dir='ltr'>intelligenter</span> <span class='ocrx_word' id='word_1_199' title='bbox 1497 1300 1533 1331; x_wconf 89' lang='lat' dir='ltr'>in</span> <span class='ocrx_word' id='word_1_200' title='bbox 1557 1297 1695 1340; x_wconf 87' lang='lat' dir='ltr'>vulgari</span> 
     </span>
     <span class='ocr_line' id='line_1_22' title="bbox 294 1342 1693 1385; baseline -0.001 -11"><span class='ocrx_word' id='word_1_201' title='bbox 294 1342 444 1383; x_wconf 82' lang='lat' dir='ltr'>faciatis,</span> <span class='ocrx_word' id='word_1_202' title='bbox 474 1353 514 1374; x_wconf 90' lang='lat' dir='ltr'>ac</span> <span class='ocrx_word' id='word_1_203' title='bbox 542 1343 759 1385; x_wconf 88' lang='lat' dir='ltr'>presencium</span> <span class='ocrx_word' id='word_1_204' title='bbox 787 1342 985 1375; x_wconf 87' lang='lat' dir='ltr'>Literarum</span> <span class='ocrx_word' id='word_1_205' title='bbox 1013 1343 1130 1384; x_wconf 83' lang='lat' dir='ltr'>copias</span> <span class='ocrx_word' id='word_1_206' title='bbox 1157 1343 1268 1384; x_wconf 79' lang='lat' dir='ltr'>portis</span> <span class='ocrx_word' id='word_1_207' title='bbox 1297 1342 1470 1375; x_wconf 84' lang='lat' dir='ltr'>dictarum</span> <span class='ocrx_word' id='word_1_208' title='bbox 1497 1345 1693 1374; x_wconf 82' lang='lat' dir='ltr'>vestrarum</span> 
     </span>
     <span class='ocr_line' id='line_1_23' title="bbox 295 1384 1694 1428; baseline 0 -10"><span class='ocrx_word' id='word_1_209' title='bbox 295 1384 555 1418; x_wconf 83' lang='lat' dir='ltr'>Cathedralium</span> <span class='ocrx_word' id='word_1_210' title='bbox 572 1390 607 1419; x_wconf 88' lang='lat' dir='ltr'>et</span> <span class='ocrx_word' id='word_1_211' title='bbox 624 1386 798 1418; x_wconf 90' lang='lat' dir='ltr'>dictorum</span> <span class='ocrx_word' id='word_1_212' title='bbox 813 1385 1068 1428; x_wconf 87' lang='lat' dir='ltr'>Religiosorum</span> <span class='ocrx_word' id='word_1_213' title='bbox 1084 1386 1318 1419; x_wconf 89' lang='lat' dir='ltr'>Ecclesiarum</span> <span class='ocrx_word' id='word_1_214' title='bbox 1361 1385 1475 1418; x_wconf 90' lang='lat' dir='ltr'>ublice</span> <span class='ocrx_word' id='word_1_215' title='bbox 1491 1386 1629 1419; x_wconf 84' lang='lat' dir='ltr'>faciatis</span> <span class='ocrx_word' id='word_1_216' title='bbox 1646 1386 1694 1418; x_wconf 82' lang='lat' dir='ltr'>af-</span> 
     </span>
     <span class='ocr_line' id='line_1_24' title="bbox 293 1428 1694 1472; baseline -0.001 -11"><span class='ocrx_word' id='word_1_217' title='bbox 293 1428 376 1471; x_wconf 81' lang='lat' dir='ltr'>figi3</span> <span class='ocrx_word' id='word_1_218' title='bbox 410 1429 682 1461; x_wconf 86' lang='lat' dir='ltr'>contradictores</span> <span class='ocrx_word' id='word_1_219' title='bbox 708 1439 770 1471; x_wconf 89' lang='lat' dir='ltr'>per</span> <span class='ocrx_word' id='word_1_220' title='bbox 794 1428 984 1462; x_wconf 88' lang='lat' dir='ltr'>Censuram</span> <span class='ocrx_word' id='word_1_221' title='bbox 1008 1428 1300 1470; x_wconf 84' lang='lat' dir='ltr'>Ecclesiasticam,</span> <span class='ocrx_word' id='word_1_222' title='bbox 1361 1428 1575 1472; x_wconf 87' lang='lat' dir='ltr'>ppellacione</span> <span class='ocrx_word' id='word_1_223' title='bbox 1601 1431 1694 1471; x_wconf 90' lang='lat' dir='ltr'>post-</span> 
     </span>
     <span class='ocr_line' id='line_1_25' title="bbox 295 1471 1693 1516; baseline 0.001 -12"><span class='ocrx_word' id='word_1_224' title='bbox 295 1473 421 1514; x_wconf 90' lang='lat' dir='ltr'>posita,</span> <span class='ocrx_word' id='word_1_225' title='bbox 451 1472 718 1514; x_wconf 87' lang='lat' dir='ltr'>compescendo;</span> <span class='ocrx_word' id='word_1_226' title='bbox 754 1483 822 1505; x_wconf 89' lang='lat' dir='ltr'>non</span> <span class='ocrx_word' id='word_1_227' title='bbox 849 1471 1071 1506; x_wconf 85' lang='lat' dir='ltr'>obstantibus</span> <span class='ocrx_word' id='word_1_228' title='bbox 1098 1471 1373 1516; x_wconf 88' lang='lat' dir='ltr'>quibuscumque</span> <span class='ocrx_word' id='word_1_229' title='bbox 1400 1473 1693 1515; x_wconf 82' lang='lat' dir='ltr'>Exempcionibus</span> 
     </span>
     <span class='ocr_line' id='line_1_26' title="bbox 294 1514 1695 1559; baseline 0.001 -11"><span class='ocrx_word' id='word_1_230' title='bbox 294 1519 330 1548; x_wconf 88' lang='lat' dir='ltr'>et</span> <span class='ocrx_word' id='word_1_231' title='bbox 351 1515 429 1548; x_wconf 89' lang='lat' dir='ltr'>aliis</span> <span class='ocrx_word' id='word_1_232' title='bbox 451 1515 649 1558; x_wconf 90' lang='lat' dir='ltr'>Privilegiis</span> <span class='ocrx_word' id='word_1_233' title='bbox 671 1516 799 1548; x_wconf 89' lang='lat' dir='ltr'>eisdem</span> <span class='ocrx_word' id='word_1_234' title='bbox 822 1514 1023 1557; x_wconf 88' lang='lat' dir='ltr'>Ordinibus,</span> <span class='ocrx_word' id='word_1_235' title='bbox 1048 1526 1234 1559; x_wconf 91' lang='lat' dir='ltr'>eorumque</span> <span class='ocrx_word' id='word_1_236' title='bbox 1258 1516 1419 1550; x_wconf 87' lang='lat' dir='ltr'>Personis</span> <span class='ocrx_word' id='word_1_237' title='bbox 1442 1521 1478 1550; x_wconf 90' lang='lat' dir='ltr'>et</span> <span class='ocrx_word' id='word_1_238' title='bbox 1501 1517 1613 1558; x_wconf 90' lang='lat' dir='ltr'>Locis,</span> <span class='ocrx_word' id='word_1_239' title='bbox 1638 1516 1695 1550; x_wconf 89' lang='lat' dir='ltr'>vel</span> 
     </span>
     <span class='ocr_line' id='line_1_27' title="bbox 296 1558 1694 1603; baseline 0.001 -12"><span class='ocrx_word' id='word_1_240' title='bbox 296 1558 478 1601; x_wconf 87' lang='lat' dir='ltr'>quibusvis</span> <span class='ocrx_word' id='word_1_241' title='bbox 498 1559 576 1592; x_wconf 88' lang='lat' dir='ltr'>aliis</span> <span class='ocrx_word' id='word_1_242' title='bbox 597 1558 641 1592; x_wconf 83' lang='lat' dir='ltr'>ab</span> <span class='ocrx_word' id='word_1_243' title='bbox 662 1559 868 1602; x_wconf 68' lang='lat' dir='ltr'>Apostoliea</span> <span class='ocrx_word' id='word_1_244' title='bbox 889 1559 976 1592; x_wconf 87' lang='lat' dir='ltr'>Sede</span> <span class='ocrx_word' id='word_1_245' title='bbox 998 1560 1179 1601; x_wconf 87' lang='lat' dir='ltr'>concessis,</span> <span class='ocrx_word' id='word_1_246' title='bbox 1204 1570 1266 1593; x_wconf 88' lang='lat' dir='ltr'>seu</span> <span class='ocrx_word' id='word_1_247' title='bbox 1287 1560 1317 1593; x_wconf 90' lang='lat' dir='ltr'>si</span> <span class='ocrx_word' id='word_1_248' title='bbox 1338 1560 1485 1602; x_wconf 83' lang='lat' dir='ltr'>prefatis</span> <span class='ocrx_word' id='word_1_249' title='bbox 1507 1560 1694 1603; x_wconf 86' lang='lat' dir='ltr'>Religiosis</span> 
     </span>
     <span class='ocr_line' id='line_1_28' title="bbox 294 1601 1694 1646; baseline 0.002 -11"><span class='ocrx_word' id='word_1_250' title='bbox 294 1602 351 1635; x_wconf 86' lang='lat' dir='ltr'>vel</span> <span class='ocrx_word' id='word_1_251' title='bbox 373 1601 555 1645; x_wconf 89' lang='lat' dir='ltr'>quibusvis</span> <span class='ocrx_word' id='word_1_252' title='bbox 579 1602 668 1643; x_wconf 88' lang='lat' dir='ltr'>aliis,</span> <span class='ocrx_word' id='word_1_253' title='bbox 694 1604 923 1636; x_wconf 89' lang='lat' dir='ltr'>communiter</span> <span class='ocrx_word' id='word_1_254' title='bbox 945 1602 1002 1636; x_wconf 87' lang='lat' dir='ltr'>vel</span> <span class='ocrx_word' id='word_1_255' title='bbox 1026 1602 1176 1644; x_wconf 90' lang='lat' dir='ltr'>divisim,</span> <span class='ocrx_word' id='word_1_256' title='bbox 1203 1614 1224 1636; x_wconf 90' lang='lat' dir='ltr'>a</span> <span class='ocrx_word' id='word_1_257' title='bbox 1246 1604 1385 1646; x_wconf 87' lang='lat' dir='ltr'>prefata</span> <span class='ocrx_word' id='word_1_258' title='bbox 1409 1604 1495 1637; x_wconf 91' lang='lat' dir='ltr'>Sede</span> <span class='ocrx_word' id='word_1_259' title='bbox 1519 1604 1694 1638; x_wconf 85' lang='lat' dir='ltr'>indultum</span> 
     </span>
     <span class='ocr_line' id='line_1_29' title="bbox 295 1646 1693 1690; baseline 0 -11"><span class='ocrx_word' id='word_1_260' title='bbox 295 1647 424 1679; x_wconf 82' lang='lat' dir='ltr'>existat</span> <span class='ocrx_word' id='word_1_261' title='bbox 441 1646 534 1689; x_wconf 84' lang='lat' dir='ltr'>quod</span> <span class='ocrx_word' id='word_1_262' title='bbox 551 1647 722 1687; x_wconf 91' lang='lat' dir='ltr'>interdici,</span> <span class='ocrx_word' id='word_1_263' title='bbox 743 1647 919 1688; x_wconf 85' lang='lat' dir='ltr'>suspendi,</span> <span class='ocrx_word' id='word_1_264' title='bbox 938 1646 994 1679; x_wconf 89' lang='lat' dir='ltr'>vel</span> <span class='ocrx_word' id='word_1_265' title='bbox 1011 1647 1301 1679; x_wconf 83' lang='lat' dir='ltr'>excommunicari</span> <span class='ocrx_word' id='word_1_266' title='bbox 1319 1657 1388 1679; x_wconf 90' lang='lat' dir='ltr'>non</span> <span class='ocrx_word' id='word_1_267' title='bbox 1405 1648 1542 1689; x_wconf 90' lang='lat' dir='ltr'>possint</span> <span class='ocrx_word' id='word_1_268' title='bbox 1558 1658 1621 1690; x_wconf 91' lang='lat' dir='ltr'>per</span> <span class='ocrx_word' id='word_1_269' title='bbox 1637 1647 1693 1680; x_wconf 93' lang='lat' dir='ltr'>Li-</span> 
     </span>
     <span class='ocr_line' id='line_1_30' title="bbox 294 1689 1695 1732; baseline 0.001 -9"><span class='ocrx_word' id='word_1_270' title='bbox 294 1694 388 1723; x_wconf 88' lang='lat' dir='ltr'>teras</span> <span class='ocrx_word' id='word_1_271' title='bbox 409 1689 631 1732; x_wconf 90' lang='lat' dir='ltr'>Apostolicas</span> <span class='ocrx_word' id='word_1_272' title='bbox 653 1700 723 1722; x_wconf 91' lang='lat' dir='ltr'>non</span> <span class='ocrx_word' id='word_1_273' title='bbox 744 1690 911 1724; x_wconf 87' lang='lat' dir='ltr'>facientes</span> <span class='ocrx_word' id='word_1_274' title='bbox 935 1689 1073 1732; x_wconf 85' lang='lat' dir='ltr'>plena-m</span> <span class='ocrx_word' id='word_1_275' title='bbox 1095 1693 1132 1723; x_wconf 87' lang='lat' dir='ltr'>et</span> <span class='ocrx_word' id='word_1_276' title='bbox 1154 1699 1362 1732; x_wconf 80' lang='lat' dir='ltr'>expressam,</span> <span class='ocrx_word' id='word_1_277' title='bbox 1389 1701 1429 1723; x_wconf 90' lang='lat' dir='ltr'>ac</span> <span class='ocrx_word' id='word_1_278' title='bbox 1452 1690 1495 1723; x_wconf 90' lang='lat' dir='ltr'>de</span> <span class='ocrx_word' id='word_1_279' title='bbox 1517 1691 1624 1724; x_wconf 90' lang='lat' dir='ltr'>verbo</span> <span class='ocrx_word' id='word_1_280' title='bbox 1649 1691 1695 1726; x_wconf 86' lang='lat' dir='ltr'>ad.</span> 
     </span>
     <span class='ocr_line' id='line_1_31' title="bbox 293 1732 1692 1776; baseline 0 -10"><span class='ocrx_word' id='word_1_281' title='bbox 293 1732 450 1773; x_wconf 89' lang='lat' dir='ltr'>verbum,</span> <span class='ocrx_word' id='word_1_282' title='bbox 474 1733 516 1766; x_wconf 92' lang='lat' dir='ltr'>de</span> <span class='ocrx_word' id='word_1_283' title='bbox 537 1733 679 1766; x_wconf 89' lang='lat' dir='ltr'>Indulto</span> <span class='ocrx_word' id='word_1_284' title='bbox 699 1733 901 1775; x_wconf 88' lang='lat' dir='ltr'>hujusmodi</span> <span class='ocrx_word' id='word_1_285' title='bbox 921 1743 1110 1776; x_wconf 90' lang='lat' dir='ltr'>eorumque</span> <span class='ocrx_word' id='word_1_286' title='bbox 1130 1733 1329 1775; x_wconf 87' lang='lat' dir='ltr'>Ordinibus,</span> <span class='ocrx_word' id='word_1_287' title='bbox 1353 1734 1466 1774; x_wconf 89' lang='lat' dir='ltr'>Locis,</span> <span class='ocrx_word' id='word_1_288' title='bbox 1491 1738 1527 1767; x_wconf 93' lang='lat' dir='ltr'>et</span> <span class='ocrx_word' id='word_1_289' title='bbox 1547 1735 1692 1767; x_wconf 90' lang='lat' dir='ltr'>nomini-</span> 
     </span>
     <span class='ocr_line' id='line_1_32' title="bbox 293 1776 1691 1820; baseline 0.001 -11"><span class='ocrx_word' id='word_1_290' title='bbox 293 1776 359 1810; x_wconf 89' lang='lat' dir='ltr'>bus</span> <span class='ocrx_word' id='word_1_291' title='bbox 373 1777 523 1819; x_wconf 88' lang='lat' dir='ltr'>propriis</span> <span class='ocrx_word' id='word_1_292' title='bbox 536 1777 758 1809; x_wconf 90' lang='lat' dir='ltr'>mencionem.</span> <span class='ocrx_word' id='word_1_293' title='bbox 786 1776 930 1816; x_wconf 86' lang='lat' dir='ltr'>Verum,</span> <span class='ocrx_word' id='word_1_294' title='bbox 946 1777 1030 1819; x_wconf 91' lang='lat' dir='ltr'>quia</span> <span class='ocrx_word' id='word_1_295' title='bbox 1042 1781 1219 1820; x_wconf 88' lang='lat' dir='ltr'>presentes</span> <span class='ocrx_word' id='word_1_296' title='bbox 1233 1777 1350 1810; x_wconf 88' lang='lat' dir='ltr'>Litere</span> <span class='ocrx_word' id='word_1_297' title='bbox 1364 1779 1548 1820; x_wconf 85' lang='lat' dir='ltr'>nequirent</span> <span class='ocrx_word' id='word_1_298' title='bbox 1562 1778 1691 1819; x_wconf 84' lang='lat' dir='ltr'>forsan,</span> 
     </span>
     <span class='ocr_line' id='line_1_33' title="bbox 294 1820 1691 1864; baseline 0.001 -12"><span class='ocrx_word' id='word_1_299' title='bbox 294 1825 439 1863; x_wconf 89' lang='lat' dir='ltr'>propter</span> <span class='ocrx_word' id='word_1_300' title='bbox 463 1821 599 1853; x_wconf 88' lang='lat' dir='ltr'>viarum</span> <span class='ocrx_word' id='word_1_301' title='bbox 624 1820 824 1852; x_wconf 87' lang='lat' dir='ltr'>discrimina</span> <span class='ocrx_word' id='word_1_302' title='bbox 850 1820 906 1853; x_wconf 90' lang='lat' dir='ltr'>vel</span> <span class='ocrx_word' id='word_1_303' title='bbox 931 1820 1028 1862; x_wconf 88' lang='lat' dir='ltr'>alias,</span> <span class='ocrx_word' id='word_1_304' title='bbox 1057 1825 1214 1854; x_wconf 88' lang='lat' dir='ltr'>vestrum</span> <span class='ocrx_word' id='word_1_305' title='bbox 1240 1821 1386 1863; x_wconf 87' lang='lat' dir='ltr'>singulis</span> <span class='ocrx_word' id='word_1_306' title='bbox 1413 1821 1591 1854; x_wconf 83' lang='lat' dir='ltr'>commode</span> <span class='ocrx_word' id='word_1_307' title='bbox 1617 1832 1691 1864; x_wconf 90' lang='lat' dir='ltr'>pre-</span> 
     </span>
     <span class='ocr_line' id='line_1_34' title="bbox 294 1863 1694 1907; baseline 0.001 -10"><span class='ocrx_word' id='word_1_308' title='bbox 294 1865 435 1905; x_wconf 89' lang='lat' dir='ltr'>sentari,</span> <span class='ocrx_word' id='word_1_309' title='bbox 455 1863 616 1897; x_wconf 90' lang='lat' dir='ltr'>volumus</span> <span class='ocrx_word' id='word_1_310' title='bbox 635 1863 728 1905; x_wconf 90' lang='lat' dir='ltr'>quod</span> <span class='ocrx_word' id='word_1_311' title='bbox 747 1873 810 1905; x_wconf 90' lang='lat' dir='ltr'>per</span> <span class='ocrx_word' id='word_1_312' title='bbox 826 1867 875 1903; x_wconf 90' lang='lat' dir='ltr'>te,</span> <span class='ocrx_word' id='word_1_313' title='bbox 896 1864 1022 1897; x_wconf 83' lang='lat' dir='ltr'>Frater</span> <span class='ocrx_word' id='word_1_314' title='bbox 1038 1864 1319 1907; x_wconf 88' lang='lat' dir='ltr'>Archiepiscope‚</span> <span class='ocrx_word' id='word_1_315' title='bbox 1341 1863 1441 1898; x_wconf 91' lang='lat' dir='ltr'>vobis</span> <span class='ocrx_word' id='word_1_316' title='bbox 1459 1864 1694 1907; x_wconf 81' lang='lat' dir='ltr'>Suffraganeis</span> 
     </span>
     <span class='ocr_line' id='line_1_35' title="bbox 294 1907 1694 1951; baseline 0.001 -11"><span class='ocrx_word' id='word_1_317' title='bbox 294 1912 329 1941; x_wconf 91' lang='lat' dir='ltr'>et</span> <span class='ocrx_word' id='word_1_318' title='bbox 352 1907 429 1940; x_wconf 87' lang='lat' dir='ltr'>aliis</span> <span class='ocrx_word' id='word_1_319' title='bbox 451 1907 600 1941; x_wconf 89' lang='lat' dir='ltr'>Prelatis</span> <span class='ocrx_word' id='word_1_320' title='bbox 622 1908 786 1941; x_wconf 86' lang='lat' dir='ltr'>Civitatis</span> <span class='ocrx_word' id='word_1_321' title='bbox 807 1912 843 1941; x_wconf 93' lang='lat' dir='ltr'>et</span> <span class='ocrx_word' id='word_1_322' title='bbox 865 1909 1020 1942; x_wconf 89' lang='lat' dir='ltr'>Diocesis</span> <span class='ocrx_word' id='word_1_323' title='bbox 1043 1907 1315 1949; x_wconf 83' lang='lat' dir='ltr'>Cantuariensis,</span> <span class='ocrx_word' id='word_1_324' title='bbox 1340 1913 1377 1942; x_wconf 90' lang='lat' dir='ltr'>et</span> <span class='ocrx_word' id='word_1_325' title='bbox 1397 1919 1461 1951; x_wconf 90' lang='lat' dir='ltr'>per</span> <span class='ocrx_word' id='word_1_326' title='bbox 1479 1920 1543 1942; x_wconf 85' lang='lat' dir='ltr'>vos</span> <span class='ocrx_word' id='word_1_327' title='bbox 1565 1910 1694 1943; x_wconf 82' lang='lat' dir='ltr'>Suffra-</span> 
     </span>
     <span class='ocr_line' id='line_1_36' title="bbox 294 1950 1695 1995; baseline 0.001 -12"><span class='ocrx_word' id='word_1_328' title='bbox 294 1961 421 1994; x_wconf 88' lang='lat' dir='ltr'>ganeos</span> <span class='ocrx_word' id='word_1_329' title='bbox 435 1952 561 1984; x_wconf 89' lang='lat' dir='ltr'>vestris</span> <span class='ocrx_word' id='word_1_330' title='bbox 577 1950 736 1993; x_wconf 89' lang='lat' dir='ltr'>subditis,</span> <span class='ocrx_word' id='word_1_331' title='bbox 755 1951 928 1984; x_wconf 89' lang='lat' dir='ltr'>dictarum</span> <span class='ocrx_word' id='word_1_332' title='bbox 943 1951 1140 1984; x_wconf 86' lang='lat' dir='ltr'>Literarum</span> <span class='ocrx_word' id='word_1_333' title='bbox 1150 1955 1423 1994; x_wconf 88' lang='lat' dir='ltr'>transumptum,</span> <span class='ocrx_word' id='word_1_334' title='bbox 1437 1962 1543 1985; x_wconf 89' lang='lat' dir='ltr'>manu</span> <span class='ocrx_word' id='word_1_335' title='bbox 1554 1951 1695 1995; x_wconf 86' lang='lat' dir='ltr'>publica</span> 
     </span>
     <span class='ocr_line' id='line_1_37' title="bbox 294 1993 1693 2038; baseline 0.001 -11"><span class='ocrx_word' id='word_1_336' title='bbox 294 1994 501 2036; x_wconf 76' lang='lat' dir='ltr'>confectum,</span> <span class='ocrx_word' id='word_1_337' title='bbox 523 1997 559 2027; x_wconf 90' lang='lat' dir='ltr'>et</span> <span class='ocrx_word' id='word_1_338' title='bbox 579 1994 672 2027; x_wconf 89' lang='lat' dir='ltr'>illius</span> <span class='ocrx_word' id='word_1_339' title='bbox 710 2005 753 2027; x_wconf 86' lang='lat' dir='ltr'>ex</span> <span class='ocrx_word' id='word_1_340' title='bbox 771 1993 872 2028; x_wconf 91' lang='lat' dir='ltr'>vobis</span> <span class='ocrx_word' id='word_1_341' title='bbox 892 1995 953 2038; x_wconf 89' lang='lat' dir='ltr'>qui</span> <span class='ocrx_word' id='word_1_342' title='bbox 972 1993 1174 2036; x_wconf 82' lang='lat' dir='ltr'>hujusmodi</span> <span class='ocrx_word' id='word_1_343' title='bbox 1194 1998 1455 2038; x_wconf 87' lang='lat' dir='ltr'>transumptum</span> <span class='ocrx_word' id='word_1_344' title='bbox 1474 1997 1693 2029; x_wconf 84' lang='lat' dir='ltr'>transmittet</span> 
     </span>
     <span class='ocr_line' id='line_1_38' title="bbox 293 2037 1693 2082; baseline 0.003 -12"><span class='ocrx_word' id='word_1_345' title='bbox 293 2037 408 2080; x_wconf 86' lang='lat' dir='ltr'>sigillo</span> <span class='ocrx_word' id='word_1_346' title='bbox 422 2038 449 2071; x_wconf 90' lang='lat' dir='ltr'>si</span> <span class='ocrx_word' id='word_1_347' title='bbox 477 2038 613 2071; x_wconf 88' lang='lat' dir='ltr'>illatum</span> <span class='ocrx_word' id='word_1_348' title='bbox 628 2038 911 2078; x_wconf 80' lang='lat' dir='ltr'>transmittatur3</span> <span class='ocrx_word' id='word_1_349' title='bbox 935 2038 991 2071; x_wconf 87' lang='lat' dir='ltr'>cui</span> <span class='ocrx_word' id='word_1_350' title='bbox 1006 2037 1163 2071; x_wconf 88' lang='lat' dir='ltr'>adhiberi</span> <span class='ocrx_word' id='word_1_351' title='bbox 1177 2038 1338 2072; x_wconf 88' lang='lat' dir='ltr'>volumus</span> <span class='ocrx_word' id='word_1_352' title='bbox 1353 2038 1452 2072; x_wconf 89' lang='lat' dir='ltr'>velut</span> <span class='ocrx_word' id='word_1_353' title='bbox 1466 2039 1693 2082; x_wconf 86' lang='lat' dir='ltr'>originalibus</span> 
     </span>
     <span class='ocr_line' id='line_1_39' title="bbox 293 2080 1692 2126; baseline 0.001 -13"><span class='ocrx_word' id='word_1_354' title='bbox 293 2080 431 2123; x_wconf 86' lang='lat' dir='ltr'>plenam</span> <span class='ocrx_word' id='word_1_355' title='bbox 476 2081 707 2114; x_wconf 72' lang='lat' dir='ltr'>dem—Data</span> <span class='ocrx_word' id='word_1_356' title='bbox 725 2081 847 2122; x_wconf 88' lang='lat' dir='ltr'>Rome,</span> <span class='ocrx_word' id='word_1_357' title='bbox 868 2081 964 2123; x_wconf 89' lang='lat' dir='ltr'>apud</span> <span class='ocrx_word' id='word_1_358' title='bbox 982 2081 1146 2114; x_wconf 89' lang='lat' dir='ltr'>Sanctam</span> <span class='ocrx_word' id='word_1_359' title='bbox 1165 2081 1316 2115; x_wconf 85' lang='lat' dir='ltr'>Mariam</span> <span class='ocrx_word' id='word_1_360' title='bbox 1336 2082 1588 2116; x_wconf 81' lang='lat' dir='ltr'>Transtiberim</span> <span class='ocrx_word' id='word_1_361' title='bbox 1608 2084 1692 2126; x_wconf 85' lang='lat' dir='ltr'>viijo</span> 
     </span>
     <span class='ocr_line' id='line_1_40' title="bbox 289 2123 1602 2168; baseline 0.002 -11"><span class='ocrx_word' id='word_1_362' title='bbox 289 2124 374 2157; x_wconf 92' lang='lat' dir='ltr'>Idus</span> <span class='ocrx_word' id='word_1_363' title='bbox 395 2123 615 2167; x_wconf 89' lang='lat' dir='ltr'>Novembris,</span> <span class='ocrx_word' id='word_1_364' title='bbox 639 2124 870 2158; x_wconf 86' lang='lat' dir='ltr'>Pontificatus</span> <span class='ocrx_word' id='word_1_365' title='bbox 890 2126 1001 2158; x_wconf 89' lang='lat' dir='ltr'>nostri</span> <span class='ocrx_word' id='word_1_366' title='bbox 1022 2125 1125 2158; x_wconf 90' lang='lat' dir='ltr'>Anno</span> <span class='ocrx_word' id='word_1_367' title='bbox 1147 2126 1259 2167; x_wconf 89' lang='lat' dir='ltr'>primo</span> <span class='ocrx_word' id='word_1_368' title='bbox 1281 2127 1317 2167; x_wconf 89' lang='lat'>[6</span> <span class='ocrx_word' id='word_1_369' title='bbox 1338 2126 1444 2168; x_wconf 89' lang='lat' dir='ltr'>Nov.‚</span> <span class='ocrx_word' id='word_1_370' title='bbox 1471 2128 1580 2168; x_wconf 89' lang='grc'><strong>1378].</strong></span> <span class='ocrx_word' id='word_1_371' title='bbox 1594 2132 1602 2140; x_wconf 76' lang='grc'><em>“</em></span> 
     </span>
     <span class='ocr_line' id='line_1_41' title="bbox 250 2167 1692 2211; baseline 0.003 -11"><span class='ocrx_word' id='word_1_372' title='bbox 250 2167 336 2210; x_wconf 87' lang='lat' dir='ltr'>Nos,</span> <span class='ocrx_word' id='word_1_373' title='bbox 356 2168 486 2210; x_wconf 87' lang='lat' dir='ltr'>itaque,</span> <span class='ocrx_word' id='word_1_374' title='bbox 507 2168 637 2210; x_wconf 89' lang='lat' dir='ltr'>Simon,</span> <span class='ocrx_word' id='word_1_375' title='bbox 660 2172 740 2211; x_wconf 90' lang='lat' dir='ltr'>etc.‚</span> <span class='ocrx_word' id='word_1_376' title='bbox 762 2168 1054 2211; x_wconf 86' lang='lat' dir='ltr'>Archiepiscopns</span> <span class='ocrx_word' id='word_1_377' title='bbox 1074 2169 1307 2211; x_wconf 85' lang='lat' dir='ltr'>supradictus,</span> <span class='ocrx_word' id='word_1_378' title='bbox 1329 2169 1486 2204; x_wconf 90' lang='lat' dir='ltr'>volentes</span> <span class='ocrx_word' id='word_1_379' title='bbox 1506 2171 1616 2204; x_wconf 80' lang='lat' dir='ltr'>dictas</span> <span class='ocrx_word' id='word_1_380' title='bbox 1636 2171 1692 2203; x_wconf 92' lang='lat' dir='ltr'>Li-</span> 
     </span>
     <span class='ocr_line' id='line_1_42' title="bbox 293 2211 1689 2257; baseline 0.002 -13"><span class='ocrx_word' id='word_1_381' title='bbox 293 2216 386 2244; x_wconf 86' lang='lat' dir='ltr'>teras</span> <span class='ocrx_word' id='word_1_382' title='bbox 406 2211 638 2254; x_wconf 86' lang='lat' dir='ltr'>Apostolicas,</span> <span class='ocrx_word' id='word_1_383' title='bbox 661 2216 697 2245; x_wconf 91' lang='lat' dir='ltr'>et</span> <span class='ocrx_word' id='word_1_384' title='bbox 718 2216 883 2245; x_wconf 87' lang='lat' dir='ltr'>contenta</span> <span class='ocrx_word' id='word_1_385' title='bbox 901 2213 939 2244; x_wconf 88' lang='lat' dir='ltr'>in</span> <span class='ocrx_word' id='word_1_386' title='bbox 958 2213 1019 2254; x_wconf 90' lang='lat' dir='ltr'>eis,</span> <span class='ocrx_word' id='word_1_387' title='bbox 1043 2212 1088 2245; x_wconf 85' lang='lat' dir='ltr'>ad</span> <span class='ocrx_word' id='word_1_388' title='bbox 1108 2216 1262 2246; x_wconf 87' lang='lat' dir='ltr'>vestram</span> <span class='ocrx_word' id='word_1_389' title='bbox 1276 2216 1323 2246; x_wconf 86' lang='lat' dir='ltr'>&#39;ac</span> <span class='ocrx_word' id='word_1_390' title='bbox 1346 2213 1492 2246; x_wconf 88' lang='lat' dir='ltr'>aliorum</span> <span class='ocrx_word' id='word_1_391' title='bbox 1515 2214 1689 2257; x_wconf 81' lang='lat' dir='ltr'>Suffraga-</span> 
     </span>
     <span class='ocr_line' id='line_1_43' title="bbox 293 2255 1690 2298; baseline 0.003 -12"><span class='ocrx_word' id='word_1_392' title='bbox 293 2264 436 2287; x_wconf 88' lang='lat' dir='ltr'>neorum</span> <span class='ocrx_word' id='word_1_393' title='bbox 461 2258 659 2287; x_wconf 88' lang='lat' dir='ltr'>nostrorum</span> <span class='ocrx_word' id='word_1_394' title='bbox 685 2256 908 2298; x_wconf 89' lang='lat' dir='ltr'>omniumque</span> <span class='ocrx_word' id='word_1_395' title='bbox 933 2255 1064 2289; x_wconf 89' lang='lat' dir='ltr'>Christi</span> <span class='ocrx_word' id='word_1_396' title='bbox 1091 2256 1263 2289; x_wconf 89' lang='lat' dir='ltr'>Fidelium</span> <span class='ocrx_word' id='word_1_397' title='bbox 1288 2260 1405 2289; x_wconf 91' lang='lat' dir='ltr'>nostre</span> <span class='ocrx_word' id='word_1_398' title='bbox 1431 2257 1690 2290; x_wconf 86' lang='lat' dir='ltr'>Cantuariensis</span> 
     </span>
     <span class='ocr_line' id='line_1_44' title="bbox 293 2297 1690 2343; baseline 0.003 -13"><span class='ocrx_word' id='word_1_399' title='bbox 293 2297 476 2330; x_wconf 87' lang='lat' dir='ltr'>Provincie</span> <span class='ocrx_word' id='word_1_400' title='bbox 493 2298 659 2331; x_wconf 86' lang='lat' dir='ltr'>noticiam</span> <span class='ocrx_word' id='word_1_401' title='bbox 678 2298 845 2332; x_wconf 87' lang='lat' dir='ltr'>deducere</span> <span class='ocrx_word' id='word_1_402' title='bbox 863 2303 899 2332; x_wconf 93' lang='lat' dir='ltr'>et</span> <span class='ocrx_word' id='word_1_403' title='bbox 917 2299 1042 2332; x_wconf 91' lang='lat' dir='ltr'>deduci</span> <span class='ocrx_word' id='word_1_404' title='bbox 1060 2299 1184 2342; x_wconf 82' lang='lat' dir='ltr'>facere,</span> <span class='ocrx_word' id='word_1_405' title='bbox 1205 2300 1434 2334; x_wconf 86' lang='lat' dir='ltr'>Fraternitati</span> <span class='ocrx_word' id='word_1_406' title='bbox 1453 2305 1579 2343; x_wconf 86' lang='lat' dir='ltr'>vestre,</span> <span class='ocrx_word' id='word_1_407' title='bbox 1600 2302 1690 2334; x_wconf 91' lang='lat' dir='ltr'>Auc-</span> 
     </span>
     <span class='ocr_line' id='line_1_45' title="bbox 293 2341 1688 2387; baseline 0.003 -14"><span class='ocrx_word' id='word_1_408' title='bbox 293 2342 437 2374; x_wconf 87' lang='lat' dir='ltr'>toritate</span> <span class='ocrx_word' id='word_1_409' title='bbox 462 2341 676 2383; x_wconf 76' lang='lat' dir='ltr'>Apostolica,</span> <span class='ocrx_word' id='word_1_410' title='bbox 704 2342 954 2377; x_wconf 87' lang='lat' dir='ltr'>committimus</span> <span class='ocrx_word' id='word_1_411' title='bbox 979 2346 1015 2375; x_wconf 89' lang='lat' dir='ltr'>et</span> <span class='ocrx_word' id='word_1_412' title='bbox 1038 2343 1253 2383; x_wconf 88' lang='lat' dir='ltr'>mandamus,</span> <span class='ocrx_word' id='word_1_413' title='bbox 1282 2344 1430 2377; x_wconf 81' lang='lat' dir='ltr'>fimiter</span> <span class='ocrx_word' id='word_1_414' title='bbox 1455 2346 1688 2387; x_wconf 80' lang='lat' dir='ltr'>injungenteS,</span> 
     </span>
     <span class='ocr_line' id='line_1_46' title="bbox 294 2384 1688 2429; baseline 0.002 -12"><span class='ocrx_word' id='word_1_415' title='bbox 294 2385 458 2427; x_wconf 82' lang='lat' dir='ltr'>quatinus</span> <span class='ocrx_word' id='word_1_416' title='bbox 475 2385 585 2418; x_wconf 88' lang='lat' dir='ltr'>dictas</span> <span class='ocrx_word' id='word_1_417' title='bbox 601 2385 738 2418; x_wconf 88' lang='lat' dir='ltr'>Literas</span> <span class='ocrx_word' id='word_1_418' title='bbox 752 2384 985 2427; x_wconf 84' lang='lat' dir='ltr'>Apostolicas,</span> <span class='ocrx_word' id='word_1_419' title='bbox 1004 2396 1044 2418; x_wconf 88' lang='lat' dir='ltr'>ac</span> <span class='ocrx_word' id='word_1_420' title='bbox 1061 2387 1177 2418; x_wconf 89' lang='lat' dir='ltr'>omnia</span> <span class='ocrx_word' id='word_1_421' title='bbox 1193 2390 1228 2419; x_wconf 90' lang='lat' dir='ltr'>et</span> <span class='ocrx_word' id='word_1_422' title='bbox 1244 2386 1380 2429; x_wconf 88' lang='lat' dir='ltr'>singula</span> <span class='ocrx_word' id='word_1_423' title='bbox 1395 2388 1431 2419; x_wconf 93' lang='lat' dir='ltr'>in</span> <span class='ocrx_word' id='word_1_424' title='bbox 1448 2388 1497 2420; x_wconf 87' lang='lat' dir='ltr'>eis</span> <span class='ocrx_word' id='word_1_425' title='bbox 1514 2391 1688 2428; x_wconf 88' lang='lat' dir='ltr'>contenta,</span> 
     </span>
     <span class='ocr_line' id='line_1_47' title="bbox 292 2427 1689 2471; baseline 0.005 -12"><span class='ocrx_word' id='word_1_426' title='bbox 292 2428 329 2460; x_wconf 91' lang='lat' dir='ltr'>in</span> <span class='ocrx_word' id='word_1_427' title='bbox 344 2427 641 2470; x_wconf 88' lang='lat' dir='ltr'>predicacionibus</span> <span class='ocrx_word' id='word_1_428' title='bbox 655 2427 804 2470; x_wconf 91' lang='lat' dir='ltr'>publicis</span> <span class='ocrx_word' id='word_1_429' title='bbox 819 2439 881 2471; x_wconf 91' lang='lat' dir='ltr'>per</span> <span class='ocrx_word' id='word_1_430' title='bbox 894 2439 957 2461; x_wconf 90' lang='lat' dir='ltr'>vos</span> <span class='ocrx_word' id='word_1_431' title='bbox 972 2432 1009 2462; x_wconf 89' lang='lat' dir='ltr'>et</span> <span class='ocrx_word' id='word_1_432' title='bbox 1022 2428 1107 2462; x_wconf 88' lang='lat' dir='ltr'>alios</span> <span class='ocrx_word' id='word_1_433' title='bbox 1122 2430 1300 2470; x_wconf 86' lang='lat' dir='ltr'>faciendis,</span> <span class='ocrx_word' id='word_1_434' title='bbox 1319 2431 1363 2463; x_wconf 81' lang='lat' dir='ltr'>ad</span> <span class='ocrx_word' id='word_1_435' title='bbox 1378 2432 1542 2464; x_wconf 89' lang='lat' dir='ltr'>noticiam</span> <span class='ocrx_word' id='word_1_436' title='bbox 1558 2432 1689 2466; x_wconf 83' lang='lat' dir='ltr'>Christi</span> 
     </span>
     <span class='ocr_line' id='line_1_48' title="bbox 293 2471 1692 2515; baseline 0.004 -12"><span class='ocrx_word' id='word_1_437' title='bbox 293 2471 464 2504; x_wconf 91' lang='lat' dir='ltr'>Fidelium</span> <span class='ocrx_word' id='word_1_438' title='bbox 483 2475 679 2504; x_wconf 87' lang='lat' dir='ltr'>vestrorum</span> <span class='ocrx_word' id='word_1_439' title='bbox 698 2471 877 2505; x_wconf 89' lang='lat' dir='ltr'>deducatis</span> <span class='ocrx_word' id='word_1_440' title='bbox 895 2475 932 2505; x_wconf 90' lang='lat' dir='ltr'>et</span> <span class='ocrx_word' id='word_1_441' title='bbox 949 2471 1146 2514; x_wconf 90' lang='lat' dir='ltr'>publicetis,</span> <span class='ocrx_word' id='word_1_442' title='bbox 1167 2483 1208 2505; x_wconf 86' lang='lat' dir='ltr'>ac</span> <span class='ocrx_word' id='word_1_443' title='bbox 1226 2483 1289 2515; x_wconf 92' lang='lat' dir='ltr'>per</span> <span class='ocrx_word' id='word_1_444' title='bbox 1306 2472 1530 2508; x_wconf 89' lang='lat' dir='ltr'>Venerabiles</span> <span class='ocrx_word' id='word_1_445' title='bbox 1550 2474 1692 2508; x_wconf 83' lang='lat' dir='ltr'>Fratres</span> 
     </span>
     <span class='ocr_line' id='line_1_49' title="bbox 293 2514 1690 2561; baseline 0.004 -15"><span class='ocrx_word' id='word_1_446' title='bbox 293 2517 328 2547; x_wconf 93' lang='lat' dir='ltr'>et</span> <span class='ocrx_word' id='word_1_447' title='bbox 342 2514 584 2556; x_wconf 82' lang='lat' dir='ltr'>Suffraganeos</span> <span class='ocrx_word' id='word_1_448' title='bbox 598 2518 747 2555; x_wconf 87' lang='lat' dir='ltr'>nostros,</span> <span class='ocrx_word' id='word_1_449' title='bbox 762 2516 800 2547; x_wconf 91' lang='lat' dir='ltr'>in</span> <span class='ocrx_word' id='word_1_450' title='bbox 815 2515 959 2558; x_wconf 87' lang='lat' dir='ltr'>singulis</span> <span class='ocrx_word' id='word_1_451' title='bbox 974 2525 1092 2548; x_wconf 85' lang='lat' dir='ltr'>eorum</span> <span class='ocrx_word' id='word_1_452' title='bbox 1107 2515 1319 2549; x_wconf 83' lang='lat' dir='ltr'>Civitatibus</span> <span class='ocrx_word' id='word_1_453' title='bbox 1334 2520 1370 2550; x_wconf 90' lang='lat' dir='ltr'>et</span> <span class='ocrx_word' id='word_1_454' title='bbox 1384 2515 1600 2554; x_wconf 84' lang='lat' dir='ltr'>Diocesibus.</span> <span class='ocrx_word' id='word_1_455' title='bbox 1618 2519 1690 2561; x_wconf 88' lang='lat' dir='ltr'>qui-</span> 
     </span>
     <span class='ocr_line' id='line_1_50' title="bbox 292 2556 1692 2604; baseline 0.003 -14"><span class='ocrx_word' id='word_1_456' title='bbox 292 2556 359 2590; x_wconf 87' lang='lat' dir='ltr'>bus</span> <span class='ocrx_word' id='word_1_457' title='bbox 375 2557 535 2591; x_wconf 91' lang='lat' dir='ltr'>omnibus</span> <span class='ocrx_word' id='word_1_458' title='bbox 552 2561 588 2590; x_wconf 92' lang='lat' dir='ltr'>et</span> <span class='ocrx_word' id='word_1_459' title='bbox 604 2557 748 2601; x_wconf 84' lang='lat' dir='ltr'>singulis</span> <span class='ocrx_word' id='word_1_460' title='bbox 767 2558 940 2591; x_wconf 86' lang='lat' dir='ltr'>dictarum</span> <span class='ocrx_word' id='word_1_461' title='bbox 956 2559 1152 2592; x_wconf 86' lang='lat' dir='ltr'>Literarum</span> <span class='ocrx_word' id='word_1_462' title='bbox 1170 2559 1452 2602; x_wconf 87' lang='lat' dir='ltr'>Apostolicarum</span> <span class='ocrx_word' id='word_1_463' title='bbox 1469 2564 1692 2604; x_wconf 85' lang='lat' dir='ltr'>transumpta</span> 
     </span>
     <span class='ocr_line' id='line_1_51' title="bbox 293 2599 1689 2644; baseline 0.003 -11"><span class='ocrx_word' id='word_1_464' title='bbox 293 2599 358 2633; x_wconf 90' lang='lat' dir='ltr'>sub</span> <span class='ocrx_word' id='word_1_465' title='bbox 379 2601 492 2634; x_wconf 88' lang='lat' dir='ltr'>forma</span> <span class='ocrx_word' id='word_1_466' title='bbox 511 2601 671 2644; x_wconf 86' lang='lat' dir='ltr'>predicta</span> <span class='ocrx_word' id='word_1_467' title='bbox 689 2601 794 2634; x_wconf 89' lang='lat' dir='ltr'>scribi</span> <span class='ocrx_word' id='word_1_468' title='bbox 814 2602 975 2635; x_wconf 92' lang='lat' dir='ltr'>volumus</span> <span class='ocrx_word' id='word_1_469' title='bbox 996 2606 1031 2635; x_wconf 92' lang='lat' dir='ltr'>et</span> <span class='ocrx_word' id='word_1_470' title='bbox 1051 2602 1267 2644; x_wconf 86' lang='lat' dir='ltr'>mandamus,</span> <span class='ocrx_word' id='word_1_471' title='bbox 1292 2614 1332 2635; x_wconf 89' lang='lat' dir='ltr'>ac</span> <span class='ocrx_word' id='word_1_472' title='bbox 1355 2603 1440 2636; x_wconf 85' lang='lat' dir='ltr'>alios</span> <span class='ocrx_word' id='word_1_473' title='bbox 1461 2603 1560 2637; x_wconf 91' lang='lat' dir='ltr'>nobis</span> <span class='ocrx_word' id='word_1_474' title='bbox 1583 2609 1618 2638; x_wconf 86' lang='lat' dir='ltr'>et</span> <span class='ocrx_word' id='word_1_475' title='bbox 1640 2606 1689 2638; x_wconf 91' lang='lat' dir='ltr'>eis</span> 
     </span>
     <span class='ocr_line' id='line_1_52' title="bbox 294 2643 1685 2690; baseline 0.004 -14"><span class='ocrx_word' id='word_1_476' title='bbox 294 2643 462 2685; x_wconf 86' lang='lat' dir='ltr'>subditos,</span> <span class='ocrx_word' id='word_1_477' title='bbox 492 2655 625 2677; x_wconf 87' lang='lat' dir='ltr'>necnon</span> <span class='ocrx_word' id='word_1_478' title='bbox 652 2655 716 2687; x_wconf 92' lang='lat' dir='ltr'>per</span> <span class='ocrx_word' id='word_1_479' title='bbox 742 2644 935 2687; x_wconf 83' lang='lat' dir='ltr'>Religiosos</span> <span class='ocrx_word' id='word_1_480' title='bbox 962 2645 1067 2678; x_wconf 90' lang='lat' dir='ltr'>Viros</span> <span class='ocrx_word' id='word_1_481' title='bbox 1095 2656 1330 2688; x_wconf 90' lang='lat' dir='ltr'>quoscumque</span> <span class='ocrx_word' id='word_1_482' title='bbox 1358 2648 1466 2680; x_wconf 87' lang='lat' dir='ltr'>eciam</span> <span class='ocrx_word' id='word_1_483' title='bbox 1495 2652 1685 2690; x_wconf 84' lang='lat' dir='ltr'>exemptos,</span> 
     </span>
     <span class='ocr_line' id='line_1_53' title="bbox 292 2687 1690 2733; baseline 0.003 -14"><span class='ocrx_word' id='word_1_484' title='bbox 292 2687 395 2728; x_wconf 82' lang='lat' dir='ltr'>juxta</span> <span class='ocrx_word' id='word_1_485' title='bbox 409 2687 581 2720; x_wconf 82' lang='lat' dir='ltr'>dictarum</span> <span class='ocrx_word' id='word_1_486' title='bbox 595 2688 792 2721; x_wconf 87' lang='lat' dir='ltr'>Literarum</span> <span class='ocrx_word' id='word_1_487' title='bbox 806 2689 1087 2731; x_wconf 86' lang='lat' dir='ltr'>Apostolicarum</span> <span class='ocrx_word' id='word_1_488' title='bbox 1103 2689 1353 2722; x_wconf 86' lang='lat' dir='ltr'>continenciam</span> <span class='ocrx_word' id='word_1_489' title='bbox 1369 2694 1405 2723; x_wconf 91' lang='lat' dir='ltr'>et</span> <span class='ocrx_word' id='word_1_490' title='bbox 1420 2694 1584 2732; x_wconf 83' lang='lat' dir='ltr'>tenorem,</span> <span class='ocrx_word' id='word_1_491' title='bbox 1603 2691 1690 2733; x_wconf 92' lang='lat' dir='ltr'>pub-</span> 
     </span>
     <span class='ocr_line' id='line_1_54' title="bbox 292 2730 1687 2777; baseline 0.004 -15"><span class='ocrx_word' id='word_1_492' title='bbox 292 2730 391 2763; x_wconf 89' lang='lat' dir='ltr'>licari</span> <span class='ocrx_word' id='word_1_493' title='bbox 407 2731 539 2772; x_wconf 85' lang='lat' dir='ltr'>pariter</span> <span class='ocrx_word' id='word_1_494' title='bbox 554 2734 589 2763; x_wconf 91' lang='lat' dir='ltr'>et</span> <span class='ocrx_word' id='word_1_495' title='bbox 606 2731 741 2772; x_wconf 85' lang='lat' dir='ltr'>exponi,</span> <span class='ocrx_word' id='word_1_496' title='bbox 761 2742 947 2774; x_wconf 89' lang='lat' dir='ltr'>earumque</span> <span class='ocrx_word' id='word_1_497' title='bbox 963 2732 1160 2765; x_wconf 86' lang='lat' dir='ltr'>Literarum</span> <span class='ocrx_word' id='word_1_498' title='bbox 1178 2736 1448 2774; x_wconf 87' lang='lat' dir='ltr'>transumptum,</span> <span class='ocrx_word' id='word_1_499' title='bbox 1468 2735 1540 2767; x_wconf 88' lang='lat' dir='ltr'>sive</span> <span class='ocrx_word' id='word_1_500' title='bbox 1558 2736 1687 2777; x_wconf 87' lang='lat' dir='ltr'>copias,</span> 
     </span>
     <span class='ocr_line' id='line_1_55' title="bbox 293 2774 1692 2818; baseline 0.004 -12"><span class='ocrx_word' id='word_1_501' title='bbox 293 2774 404 2816; x_wconf 87' lang='lat' dir='ltr'>portis</span> <span class='ocrx_word' id='word_1_502' title='bbox 419 2774 652 2808; x_wconf 79' lang='lat' dir='ltr'>Ecclesiamm</span> <span class='ocrx_word' id='word_1_503' title='bbox 668 2774 927 2809; x_wconf 87' lang='lat' dir='ltr'>Cathedralium</span> <span class='ocrx_word' id='word_1_504' title='bbox 943 2779 978 2808; x_wconf 90' lang='lat' dir='ltr'>et</span> <span class='ocrx_word' id='word_1_505' title='bbox 993 2775 1246 2818; x_wconf 88' lang='lat' dir='ltr'>Religiosorum</span> <span class='ocrx_word' id='word_1_506' title='bbox 1262 2777 1498 2818; x_wconf 90' lang='lat' dir='ltr'>predictorum</span> <span class='ocrx_word' id='word_1_507' title='bbox 1514 2779 1692 2811; x_wconf 83' lang='lat' dir='ltr'>evidenter</span> 
     </span>
     <span class='ocr_line' id='line_1_56' title="bbox 293 2816 1686 2864; baseline 0.004 -15"><span class='ocrx_word' id='word_1_508' title='bbox 293 2816 398 2860; x_wconf 84' lang='lat' dir='ltr'>affigi,</span> <span class='ocrx_word' id='word_1_509' title='bbox 415 2818 559 2860; x_wconf 86' lang='lat' dir='ltr'>ipsaque</span> <span class='ocrx_word' id='word_1_510' title='bbox 571 2821 792 2860; x_wconf 83' lang='lat' dir='ltr'>transumpta</span> <span class='ocrx_word' id='word_1_511' title='bbox 807 2818 951 2861; x_wconf 85' lang='lat' dir='ltr'>singulis</span> <span class='ocrx_word' id='word_1_512' title='bbox 966 2818 1200 2861; x_wconf 84' lang='lat' dir='ltr'>Suffraganeis</span> <span class='ocrx_word' id='word_1_513' title='bbox 1214 2820 1342 2852; x_wconf 90' lang='lat' dir='ltr'>nostris</span> <span class='ocrx_word' id='word_1_514' title='bbox 1355 2820 1522 2862; x_wconf 88' lang='lat' dir='ltr'>predictis</span> <span class='ocrx_word' id='word_1_515' title='bbox 1536 2831 1599 2864; x_wconf 91' lang='lat' dir='ltr'>per</span> <span class='ocrx_word' id='word_1_516' title='bbox 1612 2831 1686 2862; x_wconf 85' lang='lat' dir='ltr'>vos,</span> 
     </span>
     <span class='ocr_line' id='line_1_57' title="bbox 294 2860 1689 2906; baseline 0.003 -13"><span class='ocrx_word' id='word_1_517' title='bbox 294 2870 355 2893; x_wconf 88' lang='lat' dir='ltr'>seu</span> <span class='ocrx_word' id='word_1_518' title='bbox 377 2860 463 2893; x_wconf 83' lang='lat' dir='ltr'>alios</span> <span class='ocrx_word' id='word_1_519' title='bbox 485 2861 622 2893; x_wconf 91' lang='lat' dir='ltr'>nomine</span> <span class='ocrx_word' id='word_1_520' title='bbox 646 2865 774 2902; x_wconf 87' lang='lat' dir='ltr'>vestro,</span> <span class='ocrx_word' id='word_1_521' title='bbox 798 2861 950 2894; x_wconf 86' lang='lat' dir='ltr'>liberari.</span> <span class='ocrx_word' id='word_1_522' title='bbox 998 2861 1041 2894; x_wconf 91' lang='lat' dir='ltr'>In</span> <span class='ocrx_word' id='word_1_523' title='bbox 1066 2872 1212 2904; x_wconf 89' lang='lat' dir='ltr'>quorum</span> <span class='ocrx_word' id='word_1_524' title='bbox 1236 2863 1390 2895; x_wconf 90' lang='lat' dir='ltr'>omnium</span> <span class='ocrx_word' id='word_1_525' title='bbox 1414 2867 1449 2896; x_wconf 93' lang='lat' dir='ltr'>et</span> <span class='ocrx_word' id='word_1_526' title='bbox 1473 2863 1689 2906; x_wconf 85' lang='lat' dir='ltr'>singulorum</span> 
     </span>
     <span class='ocr_line' id='line_1_58' title="bbox 292 2903 1688 2949; baseline 0.002 -13"><span class='ocrx_word' id='word_1_527' title='bbox 292 2903 531 2936; x_wconf 87' lang='lat' dir='ltr'>testimonium</span> <span class='ocrx_word' id='word_1_528' title='bbox 552 2907 656 2946; x_wconf 90' lang='lat' dir='ltr'>atque</span> <span class='ocrx_word' id='word_1_529' title='bbox 677 2903 782 2937; x_wconf 91' lang='lat' dir='ltr'>fidem</span> <span class='ocrx_word' id='word_1_530' title='bbox 802 2908 980 2947; x_wconf 85' lang='lat' dir='ltr'>presentes</span> <span class='ocrx_word' id='word_1_531' title='bbox 1002 2905 1138 2938; x_wconf 84' lang='lat' dir='ltr'>Literas</span> <span class='ocrx_word' id='word_1_532' title='bbox 1159 2915 1222 2947; x_wconf 91' lang='lat' dir='ltr'>per</span> <span class='ocrx_word' id='word_1_533' title='bbox 1244 2904 1431 2939; x_wconf 85' lang='lat' dir='ltr'>Notarium</span> <span class='ocrx_word' id='word_1_534' title='bbox 1453 2906 1688 2949; x_wconf 89' lang='lat' dir='ltr'>subscriptum</span> 
     </span>
     <span class='ocr_line' id='line_1_59' title="bbox 293 2945 1687 2991; baseline 0.004 -12"><span class='ocrx_word' id='word_1_535' title='bbox 293 2945 398 2980; x_wconf 87' lang='lat' dir='ltr'>scribi</span> <span class='ocrx_word' id='word_1_536' title='bbox 412 2951 446 2979; x_wconf 84' lang='lat' dir='ltr'>et</span> <span class='ocrx_word' id='word_1_537' title='bbox 459 2945 630 2991; x_wconf 84' lang='lat' dir='ltr'>publicari</span> <span class='ocrx_word' id='word_1_538' title='bbox 643 2947 896 2989; x_wconf 86' lang='lat' dir='ltr'>mandavimus,</span> <span class='ocrx_word' id='word_1_539' title='bbox 915 2958 954 2981; x_wconf 89' lang='lat' dir='ltr'>ac</span> <span class='ocrx_word' id='word_1_540' title='bbox 970 2947 1074 2991; x_wconf 80' lang='lat' dir='ltr'>sigilli</span> <span class='ocrx_word' id='word_1_541' title='bbox 1089 2949 1197 2981; x_wconf 88' lang='lat' dir='ltr'>nostri</span> <span class='ocrx_word' id='word_1_542' title='bbox 1215 2950 1423 2991; x_wconf 86' lang='lat' dir='ltr'>appensione</span> <span class='ocrx_word' id='word_1_543' title='bbox 1439 2949 1584 2984; x_wconf 84' lang='lat' dir='ltr'>fecimus</span> <span class='ocrx_word' id='word_1_544' title='bbox 1599 2961 1687 2985; x_wconf 89' lang='lat' dir='ltr'>com-</span> 
     </span>
    </p>
   </div>
  </div>
 </body>
</html>
