1988 3256
311 354 407 398 432
535 367 638 401 THE
663 367 907 403 REGISTER
930 368 990 402 OF
1014 368 1205 403 metior>
1221 369 1625 406 BRANTYNGHAM.

309 467 389 495 A·D·
462 471 644 504 tracionem
669 473 820 504 omnium
843 473 1008 505 bonorum
1033 473 1117 505 dicti
1139 473 1303 513 defuncti,
1321 476 1483 516 tanquam
1507 474 1672 515 intestati,
1689 474 1852 514 Elizabet,

309 503 405 563 {7339}-
463 515 577 547 relicte
593 517 745 558 ejusdem
762 517 924 556 defuncti,
938 527 1047 549 coram
1065 517 1161 549 nobis
1177 518 1394 559 personaliter
1406 519 1623 560 comparenti,
1638 521 1674 550 et
1683 519 1797 560 jurate
1809 518 1852 550 de

464 560 670 592 conficiendo
687 561 784 592 fidele
801 561 1034 593 Iuventarium
1059 561 1224 592 bonorum
1249 562 1487 602 predictorum,
1505 565 1540 593 et
1556 562 1598 594 de
1620 562 1766 594 fideliter
1787 562 1851 594 sol-
1880 573 1894 588 ·

462 605 572 635 vendo
588 604 702 635 debita
717 604 870 646 ejusdem
885 605 1048 644 defuncti,
1075 605 1314 644 commisimus,
1330 605 1365 636 iu
1381 605 1495 637 debit-a
1518 605 1605 647 juris
1630 606 1740 637 forma
1756 617 1764 645 ;
1791 605 1852 638 has

468 647 598 680 Literas
613 652 745 679 nostras
760 651 926 689 patentes,
949 648 1014 679 sub
1036 648 1144 689 sigillo
1167 652 1292 688 nostro,
1316 649 1425 681 eidem
1441 650 1475 680 in
1492 649 1733 691 premissorum
1756 649 1851 682 testi·

462 692 613 723 monium
630 692 1021 724 concedentes.—Dnted
1040 693 1194 732 London,
1213 693 1231 724 6
1247 693 1269 725 J
1274 693 1341 734 uly.

418 748 502 785 The
532 747 629 784 War
659 747 754 785 with
788 748 965 796 France;
1008 748 1066 786 ‚De
1097 748 1246 786 orando
1272 761 1349 797 pro
1371 747 1554 786 excercitu
1587 748 1631 786 in
1664 748 1853 797 Partibus

473 802 817 848 transmarinis,—

419 856 518 895 ltem,
537 856 728 896 Londoniis,
744 857 778 887 ix
794 856 849 887 die
864 856 960 895 Julii,
978 856 1146 887 Dominus
1162 856 1336 888 mandavit
1347 857 1480 888 Decano
1495 860 1530 888 et
1546 856 1704 898 Capitulo
1722 857 1852 889 Exouie

461 900 503 930 de
513 899 666 930 faciendo
679 900 917 940 processiones,
929 904 1002 939 etc„
1014 911 1073 941 pro
1083 900 1172 932 felici
1182 901 1396 942 expedicione
1408 900 1539 932 Nobilis
1555 901 1701 939 Domini,
1713 901 1851 933 Domini

462 943 600 979 Thome,
619 943 760 975 Comitis
778 944 1044 985 Bukynghamie,
1061 946 1095 975 et
1111 944 1296 976 excercitus
1312 945 1364 975 sui
1379 945 1414 975 in
1432 944 1590 975 Partibus
1606 945 1848 985 transmarinis,

461 986 562 1027 juxta
594 987 661 1018 vim
699 990 734 1018 et
764 988 921 1018 effectum
946 988 1061 1018 Brevis
1087 987 1178 1028 Regii
1202 987 1309 1019 habiti
1325 988 1359 1019 in
1376 988 1438 1019 hac
1461 988 1717 1028 parte—Item,
1741 988 1851 1020 simile

462 1031 662 1062 Mandatum
678 1031 746 1062 fuit
769 1031 936 1062 directum
959 1031 1099 1072 singuiis
1122 1031 1381 1064 Archidiaconis.
1432 1032 1475 1062 Et
1499 1031 1664 1062 Dominus
1687 1032 1850 1064 concessit

460 1074 495 1105 xl
511 1074 582 1105 dies
599 1074 814 1115 Indulgencie
830 1075 987 1106 omnibus
1002 1075 1071 1106 suis
1086 1075 1233 1106 subditis
1245 1075 1442 1116 hujusmodi
1457 1075 1684 1106 Processiones
1696 1075 1847 1107 facienti-

463 1118 534 1157 bus,
553 1118 604 1149 vel
627 1129 681 1149 eas
704 1119 924 1159 sequentibus
940 1129 976 1150 ac
994 1119 1045 1159 pie
1069 1119 1252 1150 Dominum
1277 1119 1462 1156 orantibus,
1484 1119 1573 1150 utin
1592 1119 1723 1155 forma:
1747 1119 1846 1150 dura-

460 1164 554 1192 turas
571 1172 747 1204 quousque
763 1162 875 1194 dictus
893 1163 1011 1194 Comes
1026 1172 1179 1194 reversus
1194 1162 1300 1194 fuerit
1315 1163 1356 1194 de
1374 1162 1531 1194 Partibus
1548 1163 1788 1194 transmarinis.

307 1215 369 1246 [f0¹·
418 1218 661 1257 Dartmouth
676 1231 687 1265 3
724 1217 933 1255 Relaxacio
965 1217 1159 1266 sequestri
1187 1218 1231 1255 in
1251 1218 1451 1266 fructibus
1480 1218 1643 1255 Ecclesie
1675 1218 1720 1256 de
1752 1218 1850 1257 Ton-

306 1249 383 1282 84b']
468 1274 589 1319 stalle,
611 1270 849 1310 Auctoricdte
868 1272 1087 1320 Apostolica
1105 1272 1207 1309 alias
1225 1272 1514 1320 interpositi,—

416 1328 570 1367 Thomas,
588 1330 661 1366 etc„
679 1326 839 1366 Magistro
855 1326 984 1367 Rogero
1006 1326 1048 1357 de
1065 1326 1304 1366 Chestrefelde,
1324 1327 1456 1358 Rectori
1479 1326 1624 1358 Ecelesie
1646 1325 1848 1358 Parochialis

460 1372 502 1402 de
526 1371 717 1412 lpplepene,
740 1373 776 1401 et
798 1370 944 1401 Domino
968 1369 1110 1401 Ricardo
1127 1368 1340 1411 [Holrygge],
1363 1370 1494 1402 vicario
1518 1371 1685 1412 Perpetuo
1705 1371 1848 1402 Ecclesie

460 1415 662 1446 Parochialis
678 1415 719 1445 de
737 1414 917 1454 Bryxham,
934 1413 1089 1453 salutem,
1107 1414 1303 1452 etc—Quia
1324 1414 1346 1446 J
1349 1413 1495 1445 ohannes
1511 1414 1640 1455 Brigge,
1658 1414 1846 1454 Perpetuus

460 1459 612 1490 Vicarius
637 1458 781 1489 Ecclesie
805 1457 1005 1488 Parochialis
1028 1457 1070 1488 de
1092 1457 1273 1497 Tonstalle‚
1290 1457 1385 1488 nobis
1407 1457 1564 1489 exhibuit
1585 1460 1693 1489 certus
1716 1457 1848 1489 Lites-as

462 1502 680 1543 Apostfflicas,
697 1502 731 1532 in
749 1512 783 1532 se
806 1501 1025 1532 effectualiter
1047 1501 1257 1532 continentes
1281 1501 1449 1542 quomodo
1470 1501 1560 1532 idem
1583 1501 1755 1533 Johannes
1777 1505 1847 1533 tres

460 1546 655 1578 sentencias
671 1545 876 1583 diffinitivas,
892 1545 926 1575 in
944 1544 1047 1576 Curia
1061 1545 1221 1583 Romana,
1233 1548 1349 1576 contra
1359 1544 1542 1584 Religiosos
1556 1545 1660 1584 Viros,
1677 1544 1846 1576 Abbatem

460 1593 494 1621 et
507 1590 721 1622 conventum
734 1588 928 1620 Mon-asterii
940 1589 982 1619 de
993 1589 1104 1627 Torre,
1115 1591 1188 1628 etc„
1196 1592 1231 1619 et
1242 1588 1632 1629 quemdamwillelmum
1647 1588 1845 1630 Raysseche-

460 1634 567 1674 leghe,
594 1633 827 1674 presbiterum,
855 1642 955 1673 super
981 1631 1057 1673 jure
1083 1631 1213 1663 vicarie
1239 1633 1280 1663 de
1304 1632 1474 1663 Tonstalle
1498 1633 1635 1673 prefate,
1662 1632 1697 1663 in
1720 1642 1846 1673 posses-

461 1678 546 1708 sorio
561 1677 688 1718 judicio
704 1676 888 1717 reportavit
907 1687 914 1714 ;
938 1685 1074 1716 nosque,
1091 1675 1133 1706 ad
1156 1675 1353 1707 instanciam
1377 1676 1482 1716 ipsius
1505 1675 1678 1715 Johannis,
1703 1677 1844 1717 Sequen-

459 1724 552 1752 trum
571 1721 603 1751 in
621 1720 791 1752 fructibus
807 1720 896 1750 dicte
912 1719 1051 1758 Vicarie,
1068 1719 1237 1750 occasione
1252 1719 1322 1751 litis
1345 1719 1540 1760 hujusmodi
1564 1719 1645 1750 alias
1666 1719 1846 1760 interposi-

459 1767 543 1803 tum,
562 1764 792 1803 relaxavimus,
809 1763 904 1794 sicud
926 1763 1134 1802 tenebamur,
1159 1766 1194 1794 et
1216 1763 1320 1794 eciam
1343 1766 1459 1794 tenore
1484 1763 1696 1794 Presencium
1720 1763 1843 1794 relaxs-

459 1818 561 1846 mus;
597 1808 699 1846 vobis,
726 1807 934 1848 conjunctim
959 1809 994 1838 et
1016 1806 1160 1846 divisim,
1184 1806 1308 1847 quibus
1337 1817 1446 1848 nuper
1476 1807 1672 1838 Custodiam
1703 1807 1846 1848 predicti

459 1852 633 1893 Sequestri
649 1862 708 1882 nos
726 1851 940 1882 meminimus
956 1849 1168 1888 commisisse,
1185 1850 1431 1881 committimus
1453 1854 1488 1881 et
1511 1849 1710 1882 mandamus
1733 1851 1843 1892 quati-

459 1906 524 1927 nus
542 1895 792 1927 Relaxacionem
811 1894 984 1934 Sequestri
1007 1893 1203 1934 hujusmodi
1227 1895 1375 1935 personis
1397 1904 1540 1934 quarum
1565 1894 1707 1925 interest
1735 1894 1844 1935 publi-

458 1939 550 1978 cetis,
568 1939 725 1979 dictoque
741 1939 762 1970 J
765 1938 889 1969 ohanui
905 1938 946 1968 de
962 1937 1128 1968 fructibus
1146 1937 1274 1968 Vicarie
1299 1938 1488 1978 prescripte,
1505 1937 1539 1968 in
1558 1940 1668 1969 vestra.
1689 1938 1845 1970 custodia
1903 1968 1907 1973 ,

457 1983 588 2014 racione
603 1981 777 2023 Sequestri
794 1981 969 2012 memorati
984 1980 1219 2020 existentibus,
1237 1981 1372 2020 curetis,
1392 1984 1431 2012 ut
1447 1981 1615 2020 convenit,
1633 1981 1844 2023 respondere.

457 2027 611 2058 —Dated
630 2026 778 2064 London,
797 2026 837 2056 19
854 2025 944 2066 July.

303 2084 399 2113 s0¹·8⁴·
416 2087 694 2179 Stokenham72
719 2085 1047 2134 Certificatorium
1066 2086 1211 2135 querele
1229 2086 1352 2124 delate
1373 2086 1492 2126 Cui-ie
1513 2085 1844 2125 Cantuariensi—

472 2142 667 2180 Todewort
695 2155 780 2187 e,—

413 2196 608 2228 Reverende
627 2195 839 2227 discrecionis
861 2194 943 2234 viro,
968 2194 1114 2226 Domino
1137 2194 1277 2226 Officiali
1301 2194 1401 2226 Curie
1425 2194 1688 2234 Cantuariensis,
1704 2196 1764 2226 aut
1787 2193 1845 2226 alii

454 2240 543 2271 dicte
559 2239 660 2271 Curie
683 2238 873 2270 l'residenti
895 2239 1105 2279 cuicumque,
1121 2239 1276 2278 Thomas,
1293 2242 1368 2277 etc„
1387 2238 1624 2277 obedienciam,
1640 2238 1843 2269 ete—Mau-

454 2284 573 2314 datum
602 2283 691 2314 dicte
719 2282 829 2322 Curie,
856 2293 877 2313 x
904 2282 1074 2313 Kalendas
1102 2282 1248 2322 Augusti
1272 2281 1330 2323 [23
1354 2282 1374 2314 J
1380 2281 1462 2323 uly],
1492 2282 1690 2323 recepimus,
1715 2281 1750 2312 in
1781 2281 1843 2313 hec

454 2326 821 2365 verba‚-Reve1·eudo‚
840 2329 917 2364 etc„
936 2326 1090 2357 Decanus
1109 2326 1251 2357 Ecclesie
1268 2326 1370 2357 Beate
1393 2325 1496 2357 Mai-ie
1511 2325 1554 2357 de
1577 2325 1732 2356 Arcubus
1755 2324 1841 2356 Lon-

455 2371 641 2408 doniarum,
661 2370 797 2401 Domini
813 2369 970 2401 Officialis
987 2369 1087 2401 Curie
1104 2369 1366 2408 cantuariensis,
1384 2369 1420 2400 in
1442 2369 1548 2410 ipsius
1563 2368 1724 2407 absencia,
1743 2368 1842 2401 com-

454 2413 626 2445 missarius
650 2413 831 2452 Generalis,
847 2413 1082 2450 reverenciam,
1105 2414 1301 2445 ete—Cum
1325 2423 1395 2450 nos,
1418 2413 1453 2444 in
1476 2413 1620 2454 quadam
1638 2412 1747 2444 Omisit
1762 2412 1840 2443 sub-

453 2457 628 2489 traccionis
644 2457 844 2488 Divinorum
861 2456 1050 2488 officiorum
1070 2456 1394 2498 Ministracionisque
1410 2457 1702 2488 Sacramentorum
1725 2458 1762 2487 et
1783 2455 1841 2488 Sa-

454 2501 708 2532 cramentalium
725 2500 767 2531 ad
785 2500 949 2541 prefatam
967 2500 1102 2532 Curiam
1119 2500 1268 2540 legitime
1283 2500 1451 2538 devoluta,
1468 2510 1534 2541 que
1550 2500 1584 2531 in
1607 2499 1723 2530 eadem
1739 2499 1841 2531 verti-

454 2548 513 2576 tur
528 2544 617 2575 inter
627 2544 832 2575 willelmum
852 2544 956 2584 style,
970 2543 1132 2575 'rhomam
1150 2544 1272 2585 Govys,
1284 2544 1472 2575 Johannem
1491 2543 1636 2584 Martyu,
1649 2542 1841 2574 ,Iohannem

456 2588 573 2628 Colyn,
591 2587 759 2619 Andream
778 2590 848 2618 atte
865 2587 1002 2627 Fui-sen,
1019 2590 1055 2618 et
1072 2587 1267 2618 Michaelem
1278 2588 1414 2627 Sanger,
1427 2597 1465 2618 ac
1482 2590 1608 2618 ceteros
1625 2585 1840 2627 parochianos

454 2632 600 2663 Ecclesie
619 2631 818 2662 paroehialis
833 2631 903 2662 sive
927 2631 1060 2671 Capelle
1082 2631 1125 2661 de
1148 2630 1330 2670 Shirforde,
1346 2630 1445 2672 juxta
1469 2630 1686 2668 Stokenbam,
1703 2629 1839 2662 Partem

454 2675 620 2712 actricem,
640 2685 680 2706 ex
698 2678 791 2715 parte
808 2685 886 2712 una,
905 2677 940 2705 et
956 2674 1139 2705 Dominum
1158 2674 1366 2706 Willelmum
1383 2674 1542 2713 Clistoue,
1560 2674 1764 2714 Perpetuum
1781 2673 1839 2704 vi-

454 2719 579 2750 carium
600 2718 741 2749 Ecclesie
757 2718 799 2749 de
815 2718 1022 2749 Stokeuham
1040 2718 1198 2758 predicta,
1222 2718 1356 2750 Partem
1373 2727 1474 2757 ream,
1491 2728 1531 2749 ex
1547 2717 1664 2756 altera,
1689 2716 1839 2758 legitime

454 2772 513 2803 pro
530 2761 750 2793 ordinacione
766 2762 855 2792 dicte
870 2761 1009 2800 Viam-ie,
1026 2771 1082 2792 seu
1101 2771 1178 2793 vera
1200 2761 1295 2802 copia
1316 2761 1469 2802 ejusdem
1491 2761 1525 2792 in
1552 2759 1703 2800 Registro
1715 2762 1838 2797 ,vestro

454 2805 629 2844 existente,
661 2805 694 2836 in
726 2805 914 2836 subsidium
945 2804 1152 2846 probacionis
1174 2805 1374 2836 intencionis
1396 2804 1485 2836 dicte
1509 2804 1618 2836 Partis
1640 2803 1781 2843 actricis,
1803 2803 1839 2835 in

456 2849 601 2890 quadam
627 2849 853 2889 proposicionc
870 2848 904 2879 in
921 2848 1066 2879 termino
1082 2849 1124 2880 ad
1140 2849 1395 2890 proponendum
1418 2847 1532 2879 omnia
1546 2847 1580 2879 in
1604 2847 1694 2879 facto
1716 2846 1838 2878 consis-

454 2892 564 2923 teneia
587 2892 619 2922 in
644 2892 791 2923 secunda
813 2892 978 2923 instancia
1001 2892 1034 2922 in
1058 2891 1158 2923 dictis
1182 2893 1290 2924 Causa
1312 2895 1347 2923 et
1370 2892 1471 2923 Curia
1486 2891 1653 2932 assignato
1669 2889 1838 2932 proposita

452 2936 606 2974 deducte,
624 2935 665 2966 ad
682 2935 820 2966 eandem
838 2935 972 2967 Curiam
990 2935 1260 2974 transmittenda,
1277 2935 1365 2967 facta
1381 2934 1446 2966 fide
1462 2945 1528 2976 que
1543 2935 1585 2965 de
1606 2933 1683 2975 jure
1698 2933 1838 2976 requiri-

452 2979 553 3011 turin
566 2979 626 3010 hac
637 2982 744 3020 parte,
758 2979 971 3010 scribendum·
982 2979 1070 3011 forte
1080 2979 1332 3018 decreverimus,
1346 2978 1480 3021 justicia
1491 2977 1653 3010 suadente
1663 2987 1672 3017 ς
1684 2977 1838 3019 quocirca
