1988 3256
227 348 322 395 248
428 362 530 396 THE
565 363 812 398 REGISTER
846 364 907 398 os
941 362 1120 398 BIsHOP
1153 362 1558 399 BRANTYNGHAM.

227 464 304 526 247¹}-
336 467 420 506 The
441 468 721 508 Procurations
749 471 791 508 of
819 470 888 509 the
917 469 1313 521 cardinal-Legates;
1342 471 1579 510 Mandatum
1606 467 1774 509 Domini

225 533 331 561 V01.1.
392 522 714 571 cantuariensisl,
736 531 771 562 et
789 524 1032 563 Beluacensis
1048 525 1242 574 Episcopi,
1268 526 1556 572 Cardinalium,
1584 537 1658 573 pro
1680 536 1772 573 pro-

225 567 288 628 {⁰5¹1',‚
391 579 658 617 curacionibus
676 579 936 628 evomendi&-

339 632 555 664 Miseracione
571 633 694 665 Divina
718 633 843 673 Simon,
861 633 968 665 Tituli
992 634 1108 666 Sancti
1130 634 1228 674 Sixti,
1253 637 1289 666 et
1311 634 1493 673 Johannes,
1509 633 1616 666 Tituli
1634 634 1772 664 Sancto-

380 686 457 707 rum
475 677 630 715 Quatuor
647 677 902 716 Coronatorum,
920 678 1102 710 Presbiteri
1119 678 1324 717 Cardinales,
1341 678 1534 719 Apostolice
1557 676 1653 710 Sedis
1676 676 1772 708 Nun·

381 719 433 758 cii,
450 720 649 759 Venerabili,
667 724 741 760 etc„
763 722 916 762 Dompno
933 721 996 753 Dei
1011 722 1122 762 gracia
1145 722 1324 753 Exoniensi
1350 722 1523 763 Episcopo,
1541 721 1594 753 vel
1617 720 1693 762 ejus
1715 719 1771 751 Vi-

382 763 471 795 cario
486 774 545 795 seu
561 764 702 796 Vicariis
719 765 752 795 in
771 765 1022 806 Spiritualibus,
1039 776 1098 797 seu
1124 766 1262 797 Officiali
1278 765 1331 797 vel
1348 766 1561 804 Officialibus,
1577 768 1640 796 aut
1662 764 1774 795 locum

382 807 580 839 tenentibus
602 808 800 848 eorundem,
824 819 863 840 ac
885 809 933 840 illi
957 810 1009 841 vel
1032 809 1098 841 illis
1121 810 1181 851 qui
1203 812 1295 849 sunt,
1312 809 1366 841 vel
1389 812 1501 848 erunt,
1525 820 1586 850 pro
1609 811 1772 849 tempore,

382 851 516 891 Vicarii,
535 852 707 891 Officiales,
725 852 776 883 vel
802 853 1104 885 Administratores
1127 853 1350 894 Episcopatus
1373 853 1581 892 Exoniensis,
1605 852 1648 883 ad
1671 861 1774 893 quem

383 895 436 926 vel
452 895 495 926 ad
512 906 597 936 quos
622 899 793 936 presentes
810 896 922 928 Litere
938 897 1164 937 pervenerint,
1184 897 1329 929 salutem
1345 897 1380 928 in
1398 894 1771 928 Domina-Sanctissi-

383 949 458 970 mus
489 939 522 970 in
556 939 692 971 Christo
723 940 825 971 Pater
854 943 891 972 et
921 941 1087 972 Dominus
1117 945 1244 979 noster,
1275 940 1439 972 Dominus
1472 940 1653 981 Gregorius
1687 939 1776 980 Papa

381 981 521 1020 X1mus‚2
541 983 585 1014 ad
608 983 748 1015 Francie
770 987 806 1015 et
831 984 952 1024 Anglie
974 985 1099 1026 Regna,
1122 995 1183 1025 pro
1208 984 1339 1025 magnis
1361 987 1397 1016 et
1418 984 1533 1015 arduis
1547 982 1701 1025 negociis,
1715 992 1776 1014 nos

381 1026 563 1066 destinans,
582 1029 622 1058 ut
638 1027 803 1068 possimus
818 1038 1042 1069 expensarum
1059 1038 1160 1059 onera
1182 1028 1278 1059 nobis
1299 1028 1532 1059 incumbencia
1547 1027 1679 1059 facilius
1694 1025 1772 1057 sub-

382 1073 528 1111 portare,
545 1080 623 1102 suas
640 1071 734 1102 uobis
750 1071 913 1103 concessit
937 1072 1068 1103 Literas
1091 1072 1126 1103 in
1149 1071 1211 1103 hac
1234 1071 1593 1112 forma,-—Gregorius,
1617 1073 1694 1108 etc„
1721 1069 1773 1101 Si-

383 1113 484 1153 moni,
501 1117 576 1153 etc.‚
593 1115 749 1154 salutem,
766 1116 963 1147 etc.—Cum
980 1126 1039 1146 vos
1055 1116 1098 1147 ad
1116 1115 1254 1147 Francie
1270 1118 1306 1147 et
1323 1115 1443 1156 Anglie
1461 1116 1576 1156 Regna
1597 1124 1659 1155 pro
1681 1123 1774 1154 mag-

382 1158 434 1189 nis
451 1161 486 1190 et
501 1158 616 1189 arduis
632 1159 776 1199 negociis
799 1159 1016 1198 destinemus,
1033 1170 1103 1197 nos,
1125 1162 1165 1190 ut
1180 1159 1413 1190 incumbencia
1435 1158 1530 1190 vobis
1552 1167 1776 1199 expensarum

383 1212 484 1233 onera
499 1202 633 1243 possitis
647 1202 779 1234 facilius
794 1203 1004 1244 subportare,
1020 1203 1171 1234 volentes
1188 1203 1281 1234 vobis
1296 1202 1339 1234 de
1354 1205 1524 1243 oportuno
1539 1200 1776 1233 subvencionis

381 1245 507 1276 auxilio
536 1245 721 1286 providere,
746 1246 840 1278 vobis
871 1247 915 1278 ab
938 1247 1095 1278 omnibus
1118 1246 1310 1287 recipiendi,
1338 1245 1536 1287 hujusmodi
1562 1244 1776 1287 negociorum

384 1291 497 1320 vestra
519 1289 754 1330 prosecucione
777 1290 933 1329 durante,
958 1293 1030 1322 tam
1053 1290 1089 1322 in
1112 1290 1283 1331 presencia
1299 1300 1402 1331 quam
1418 1290 1454 1321 in
1470 1289 1625 1321 absencia
1647 1291 1770 1327 vestra,

383 1333 467 1364 duas
483 1336 596 1374 partes
612 1343 653 1364 ex
670 1334 964 1374 procuracionibus
980 1344 1064 1374 quas
1081 1344 1169 1365 unus
1185 1334 1228 1365 de
1240 1334 1475 1366 cardinalibus
1491 1334 1614 1365 Sancte
1627 1333 1776 1364 Romane

385 1377 541 1415 Ecclesie,
560 1377 750 1417 Apostolice
774 1378 870 1409 Sedis
895 1378 1051 1419 Legatus,
1078 1378 1112 1409 in
1136 1378 1246 1418 dignis
1270 1378 1393 1418 Regnis
1409 1387 1470 1418 pro
1485 1377 1554 1409 suis
1569 1375 1775 1418 procuracio-

382 1420 483 1452 nibus
498 1420 645 1462 recipere
660 1422 844 1460 consuevit,
857 1431 922 1462 que
940 1421 1097 1453 videlicet
1112 1421 1155 1453 ad
1168 1431 1336 1452 summam
1353 1421 1516 1462 majorem
1532 1420 1710 1452 ascendere
1726 1419 1775 1451 di-

384 1463 545 1504 noscitur,
562 1475 582 1495 a
597 1463 854 1496 venerabilibus
879 1465 1055 1496 Fratribus
1079 1465 1213 1505 nostris,
1238 1465 1506 1506 Archiepiscopis
1529 1467 1566 1496 et
1590 1463 1774 1505 Episcopis,

384 1518 422 1539 ac
437 1508 568 1539 dilectis
585 1508 661 1540 filiis
679 1508 812 1548 Electis,
837 1508 1038 1549 Abbatibus,
1063 1509 1245 1548 Prioribus,
1270 1509 1422 1547 Decanis,
1447 1507 1640 1549 Prepositis,
1657 1507 1777 1539 Archi-

385 1551 541 1591 diaconis,
569 1552 877 1593 Archipresbiteris,
902 1555 938 1584 et
960 1553 1034 1584 aliis
1057 1553 1282 1584 Ecclesiarum
1308 1553 1450 1584 Prelatis
1465 1555 1501 1584 et
1518 1551 1717 1584 Rectoribus
1739 1561 1778 1582 ac

384 1595 626 1627 Ecclesiasticis
651 1596 813 1636 Personis,
838 1596 1013 1637 Religiosis
1035 1599 1072 1628 et
1095 1596 1320 1635 Secularibus,
1346 1606 1529 1637 earumque
1553 1595 1720 1637 Capitulis
1742 1598 1779 1627 et

385 1639 629 1676 Conventibus,
647 1641 814 1681 exemptis
836 1644 872 1672 et
895 1650 963 1671 non
986 1641 1165 1681 exemptis,
1185 1639 1422 1679 Cisterciensis,
1442 1639 1679 1678 Cluniaeensis,
1697 1639 1776 1671 Car-

385 1683 554 1722 tusiensis,
573 1684 907 1723 Premonstratensis,
927 1684 1128 1716 Sanctorum
1147 1684 1320 1715 Benedicti
1336 1686 1371 1715 et
1387 1683 1580 1724 Augustini,
1600 1682 1776 1714 Camaldu·

385 1727 496 1766 lensis,
514 1727 630 1759 Sancti
648 1727 830 1765 Guillelmi,
850 1730 886 1760 et
901 1727 1044 1759 aliorum
1067 1728 1232 1760 Ordinum
1253 1739 1260 1766 3
1284 1738 1426 1767 necnon,
1451 1726 1634 1768 Magistris,
1654 1726 1777 1758 Priori-

385 1771 461 1809 bus,
488 1771 756 1812 Preceptoribus,
773 1774 810 1803 et
826 1771 1004 1803 Fratribus
1024 1771 1140 1803 Sancti
1162 1772 1182 1803 J
1186 1771 1327 1803 ohannis
1350 1770 1623 1809 Ierosolimitani,
1641 1773 1677 1802 et
1697 1769 1776 1801 alio·

385 1824 462 1846 rum
479 1825 772 1856 quorumcumque
789 1815 1018 1856 Hospitalium
1034 1825 1093 1846 seu
1111 1816 1297 1846 Domorum
1314 1816 1507 1856 Regnorum
1523 1814 1754 1855 predictorum
1769 1823 1777 1852 ;

385 1868 525 1897 necnon,
547 1858 810 1890 contradictores
833 1869 894 1899 per
918 1859 1102 1890 Censuram
1125 1858 1402 1898 Ecclesiasticam,
1427 1857 1664 1899 Appellacione
1685 1860 1777 1898 post-

385 1901 505 1942 posita,
521 1902 762 1942 compescendi,
778 1912 845 1933 non
862 1902 1076 1934 obstantibus
1091 1903 1149 1933 illa
1164 1912 1266 1943 quam
1290 1902 1395 1934 felicis
1411 1901 1652 1933 recordacionis
1668 1901 1775 1933 Urba-

386 1943 465 1976 nus⁸
481 1945 571 1986 Papa
586 1944 674 1982 Vm&
695 1946 913 1977 Predecessor
936 1949 1061 1984 noster,
1087 1948 1123 1977 et
1145 1945 1297 1987 qualibet
1319 1946 1384 1977 alia
1407 1945 1502 1977 Sedis
1525 1945 1675 1986 predicte
1692 1945 1777 1976 Con-

386 1989 636 2025 stitucionibus,
650 1999 709 2021 seu
725 1989 916 2030 quibusque
929 1989 1123 2030 Privilegiis,
1140 1989 1377 2030 Indulgenciis,
1391 1992 1427 2021 et
1441 1989 1563 2020 Literis
1575 1988 1776 2029 Apostolicis

387 2032 562 2073 quibusvis
579 2033 742 2073 Personis,
762 2033 866 2071 Locis,
883 2036 918 2063 et
935 2032 1128 2072 Ordinibus,
1145 2033 1210 2064 sub
1229 2043 1443 2073 quacumque
1463 2033 1643 2064 verborum
1666 2032 1776 2063 forma

385 2076 428 2107 ab
444 2077 560 2107 eadem
578 2076 663 2108 Sede
685 2076 857 2116 concessis,
881 2076 923 2107 de
945 2076 1069 2117 quibus
1091 2086 1383 2117 quarumcumque
1407 2075 1490 2108 totis
1514 2075 1688 2107 tenoribus
1706 2075 1774 2117 ple-

386 2130 465 2151 nam
482 2123 517 2151 et
532 2130 723 2160 expressam
740 2120 811 2151 fieri
827 2122 982 2161 oporteat
997 2120 1031 2151 in
1047 2119 1172 2152 nostris
1195 2119 1318 2151 Literis
1340 2119 1560 2159 mencionem,
1576 2121 1612 2151 et
1626 2129 1687 2160 per
1709 2129 1776 2160 que

386 2163 583 2204 hujusmodi
598 2167 714 2195 nostre
730 2163 959 2195 Concessionis
973 2164 1114 2195 effectus
1139 2163 1296 2204 impediri
1318 2163 1430 2195 valeat
1445 2163 1699 2204 quomodolibet
1721 2162 1775 2194 vel

387 2207 526 2244 differri,
543 2207 675 2248 plenam
693 2210 729 2239 et
743 2207 884 2239 liberam
907 2207 1011 2247 vobis,
1034 2210 1070 2238 et
1092 2207 1275 2248 unicuique
1291 2211 1452 2246 vestrum,
1473 2206 1680 2239 auctoritate
1698 2207 1773 2238 Pre-

387 2250 537 2282 sencium
553 2250 766 2282 concedimus
781 2251 1028 2283 facultatem.—-
1040 2251 1129 2282 Data
1146 2250 1318 2290 Avinione,
1335 2250 1401 2292 vijo
1416 2250 1499 2282 Idus
1516 2250 1640 2290 Marcii,
1661 2250 1775 2282 Ponti-

386 2294 506 2326 ficatus
521 2295 630 2326 nostri
645 2297 744 2326 Anno
759 2295 869 2335 primo
885 2295 918 2334 [9
937 2294 1061 2334 March,
1073 2294 1368 2334 1370-1].—1tem‚
1383 2294 1565 2335 Gregorius
1582 2293 1776 2335 Episcopus,

387 2342 462 2377 etc„
482 2338 656 2370 Fratribus
674 2338 937 2379 Archiepiscopis
955 2338 1034 2377 (eta,
1055 2342 1088 2369 nt
1104 2339 1229 2378 supra),
1246 2338 1369 2370 Sancte
1386 2338 1490 2369 Marie
1501 2338 1776 2377 Theacomorum,

388 2382 692 2417 Galam-anensium,
708 2385 744 2413 et
762 2382 792 2413 H
797 2381 1028 2413 umiliatorum
1051 2381 1230 2422 Magistris,
1256 2381 1437 2422 Prioribus,
1456 2384 1492 2413 et
1508 2381 1775 2423 Preceptoribus,

373 2433 448 2466 'per
463 2426 579 2466 Regna
595 2426 732 2457 Francie
747 2428 783 2457 et
798 2425 918 2466 Anglie
941 2425 1148 2463 constitutis,
1167 2425 1322 2464 salutem,
1338 2425 1609 2457 etc-—Amaram
1624 2424 1725 2456 nimis
1739 2427 1777 2457 et

386 2468 606 2510 periculosam
623 2469 822 2501 discordiam
838 2479 904 2510 que
919 2469 1009 2500 inter
1024 2469 1210 2500 carissimos
1232 2469 1267 2500 in
1291 2468 1427 2501 Christo
1449 2469 1533 2500 filios
1548 2471 1691 2507 nostros,
1708 2468 1774 2500 Ka-

387 2513 506 2550 rolum,
526 2513 741 2551 Francorum,
757 2516 794 2544 et
812 2512 1016 2544 Edwardum
1040 2512 1160 2553 Anglie
1185 2513 1289 2553 Reges
1304 2512 1463 2551 illustres,
1479 2512 1614 2544 inimico
1635 2511 1776 2543 humani

387 2556 517 2597 generis
532 2556 687 2594 faciente,
703 2557 738 2587 in
758 2557 784 2588 U
789 2556 961 2588 niversalis
973 2556 1128 2592 Ecclesia,
1146 2555 1316 2588 Catholice
1330 2556 1432 2595 Fidei,
1444 2556 1619 2597 tociusque
1630 2555 1680 2587 rei
1691 2555 1774 2596 pub-

386 2600 449 2631 lice
464 2600 564 2631 nimis
580 2600 704 2641 grande
719 2600 955 2641 prejudicium,
973 2599 1083 2641 viguit
1105 2605 1141 2630 et
1165 2599 1256 2640 viget
1279 2599 1321 2630 de
1344 2599 1504 2640 presenti,
1521 2609 1635 2631 amara
1658 2602 1773 2631 mento

387 2643 558 2682 deflentes,
576 2644 616 2674 ad
634 2653 749 2684 pacem
766 2647 802 2675 et
817 2643 1028 2675 concordiam
1050 2642 1141 2674 iuter
1165 2643 1270 2683 Reges
1292 2642 1382 2683 ipsos
1399 2646 1435 2674 et
1450 2653 1569 2674 eorum
1584 2642 1771 2684 adjutores,

386 2687 542 2725 factores,
561 2687 789 2726 auxiliatores,
812 2686 1003 2726 familiares,
1021 2686 1186 2724 subditos,
1205 2689 1242 2718 et
1258 2686 1427 2725 vassallos,
1445 2690 1481 2718 et
1496 2686 1697 2718 adherentes
1714 2685 1774 2717 eis-

387 2730 474 2769 dem,
492 2730 597 2762 dante
614 2730 769 2766 Domino,
787 2730 1048 2768 reformandam,
1067 2729 1152 2760 duos
1168 2739 1208 2761 ex
1227 2730 1482 2761 Venerabilibus
1500 2729 1676 2761 Fratribus
1699 2739 1773 2761 nos·

387 2774 463 2812 tris,
488 2774 609 2806 Sancte
637 2775 784 2805 Romane
808 2773 954 2805 Ecclesie
979 2773 1223 2811 Cardinalibus,
1250 2773 1407 2810 videlicet
1431 2773 1615 2812 Simonem,
1632 2774 1714 2812 (etc,
1737 2776 1776 2804 ut

385 2819 665 2858 nupra),quorum
676 2818 823 2849 virtutes
836 2820 872 2849 et
887 2817 1010 2848 merita
1025 2819 1107 2848 sunt
1118 2816 1267 2858 grandia,
1282 2819 1445 2858 tanquam
1458 2817 1630 2848 Ministros
1639 2816 1776 2848 idoneos

384 2863 421 2892 et
436 2861 634 2902 frequenter
649 2861 683 2892 in
699 2861 814 2892 arduis
829 2860 1073 2902 comprobatos,
1092 2860 1300 2901 providimus
1323 2860 1552 2892 destinandos.
1603 2860 1699 2899 Cum,
1716 2869 1773 2891 au-

230 2914 1768 2977 Μ

232 2978 245 2998 ²
268 2979 360 3021 vjtm,
378 2978 447 3011 MS.
466 2989 474 3017 ;
489 2989 509 3010 a
525 2978 655 3010 clerical
671 2988 773 3009 error.

1978 2163 1988 2547 ‚n—.s.1.-..M—a.-.-—..⁴....
1978 2141 1983 2146 ’
1984 2086 1988 2109 ..
1982 2058 1988 2066 ,Α
1982 2008 1988 2035 ..
1984 1966 1988 1969 ,
1986 1898 1988 1911 -
