1988 3256
133 439 163 465 A*
172 439 209 467 D.

132 474 208 500 1380.

133 507 196 534 Vol.
212 508 236 535 1.

460 340 670 376 REGISTR
679 341 750 376 ΠΜ
775 342 1234 378 COMMUNE-—ANNO
1263 332 1357 379 10⁰.
1587 330 1680 376 425

242 444 434 494 lssrivilege
454 446 495 483 of
522 446 692 497 Clergy;
724 447 960 486 Ᾰίαηιῖαιαιη
983 454 1116 486 contra
1140 448 1330 497 capientes
1349 454 1384 486 et
1403 447 1683 486 incarcerant&

294 498 507 537 Dominum
528 501 743 539 Ricardum
761 502 900 551 Bryta,
918 503 1238 550 presbiterum,-

135 540 215 568 Mm-
244 549 403 593 Thomas,
422 544 776 594 eto.,'Arehidiacon0
791 554 964 597 Tottonie‚
982 556 1039 589 vel
1054 557 1131 598 ejus
1147 555 1307 596 officiali,
1325 559 1361 588 et
1377 555 1419 588 de
1437 551 1687 596 Chaggeforde,

288 594 329 626 de
359 594 566 637 Lydesorde,
599 601 635 629 et
666 598 708 630 de
739 598 964 640 Brydestowe
995 599 1229 632 Ecclesiarum
1260 597 1469 631 Rectoribus
1501 608 1542 630 ac
1573 597 1686 638 Tavy-

284 638 424 671 stochie·
451 643 487 672 et
522 640 565 673 de
601 640 866 685 Okehamptone
903 643 1137 676 Ecclesiarum
1174 642 1359 685 Perpetuis
1395 641 1556 679 vicariis,
1597 638 1685 671 salu-

283 683 366 722 tem,
380 683 574 716 etc—Non
590 683 720 726 absque
735 686 847 719 cordis
862 686 978 720 dolore
993 690 1028 719 et
1042 687 1142 728 gravi
1156 684 1370 725 turbaeione,
1388 685 1525 718 sceleris
1539 684 1685 716 notorie-

283 727 358 759 tate
386 727 643 769 manifestante,
675 728 860 763 didicimus
890 730 984 772 quod
1011 730 1155 772 quidam
1183 729 1362 763 Johannes
1390 728 1564 769 Pafl’orde,
1596 728 1687 760 Ran-

284 768 436 811 dulphus
452 770 585 812 Hunte,
604 776 640 805 et
656 772 716 805 alii
732 783 850 806 eorum
868 773 1052 815 complices
1068 774 1105 806 in
1121 773 1187 806 hae
1205 776 1316 815 parte,
1336 773 1529 805 animarum
1547 781 1688 803 suarum

284 812 407 846 salutis
428 814 655 857 immemores,
680 816 853 858 quendam
874 817 1063 850 Dominum
1084 817 1274 850 Ricardum
1296 817 1420 858 Bryta,
1444 814 1687 858 presbiterum,

283 856 320 888 in
338 858 552 899 possessione
571 858 831 894 Presbiteratus
850 861 1068 902 existentem,
1091 859 1319 903 habitumque
1339 864 1375 893 et
1394 863 1574 892 tonsuram
1594 869 1688 901 pres-

287 899 450 950 biterales
472 903 606 935 notorie
628 903 850 944 deferentem,
875 903 1006 947 absque
1027 915 1132 937 causa
1151 902 1354 936 racionabili
1374 908 1411 937 et
1432 904 1467 936 in
1490 913 1573 935 casu
1595 903 1644 935 eis
1667 913 1689 934 a

283 954 360 984 jure
376 955 443 976 non
460 946 638 987 permisso,
656 957 724 978 non
741 948 814 980 sine
828 957 992 980 manuum
1009 947 1240 979 violenta-rum
1256 946 1457 988 injeccione,
1478 946 1687 978 auctoritate

283 997 400 1029 ymmo
416 989 531 1022 verius
547 990 742 1022 temeritate
759 1001 878 1023 eorum
893 991 1045 1032 propria,
1065 1000 1187 1032 capere
1204 994 1238 1023 et
1255 1001 1333 1023 eum
1350 989 1514 1022 carcerali
1531 989 1688 1022 custodie

279 1031 487 1073 mancipare,
505 1035 544 1064 ut
558 1033 736 1072 asseritur,
752 1038 1047 1076 presumpserunt.
1074 1034 1187 1073 Unde,
1204 1035 1233 1067 si
1249 1035 1296 1067 sit
1309 1035 1370 1072 ita,
1388 1045 1454 1066 non
1471 1037 1525 1066 est
1539 1033 1683 1066 dubium

285 1084 343 1106 eos
361 1074 396 1106 in
417 1075 564 1117 Maioris
583 1076 963 1110 Excommunicacionis
984 1077 1202 1110 Sentenciam
1223 1076 1492 1119 dampnabiliter
1513 1077 1684 1109 incidisse.

284 1116 454 1156 Quocirca
478 1118 591 1161 vobis,
621 1121 835 1161 conjunctim
862 1124 898 1153 et
924 1121 1074 1161 divisim,
1105 1121 1367 1160 committimus,
1398 1124 1478 1160 etc.,
1510 1122 1686 1163 quatinus,

283 1162 492 1195 auctoritate
507 1167 628 1196 nostra
643 1165 828 1206 ordinaria,
847 1164 959 1197 dictos
974 1164 1169 1197 Joha-nnem
1186 1168 1221 1196 et
1239 1163 1498 1206 Randulphum,
1518 1168 1553 1196 et
1568 1174 1687 1196 eorum

283 1205 319 1236 in
345 1204 410 1237 hac
436 1210 536 1247 parte
564 1207 758 1249 complices,
790 1218 869 1240 cum
895 1208 1068 1240 instancia
1094 1206 1213 1240 debita
1239 1208 1425 1250 requiratis
1454 1211 1489 1240 et
1517 1206 1688 1239 Canonice

279 1249 450 1281 moneatis
463 1253 504 1282 ut
517 1260 667 1282 errorem
682 1261 783 1283 suum
796 1249 997 1292 hujusmodi
1012 1254 1047 1283 et
1061 1250 1194 1283 factum
1209 1248 1440 1292 dampnabile,
1459 1251 1598 1283 caucius
1613 1259 1680 1291 quo

281 1291 431 1334 valeant,
458 1293 623 1326 studeant
646 1304 819 1334 revocare,
847 1294 896 1326 sic
921 1294 1015 1336 quod
1040 1294 1154 1327 dictus
1180 1293 1352 1336 presbiter
1375 1294 1475 1327 nobis
1499 1294 1677 1332 reddatur,

285 1336 473 1369 secundum
501 1336 658 1369 canones
685 1336 793 1369 libere
820 1337 1040 1379 judicandus.
1087 1337 1265 1379 Alioquin,
1297 1338 1364 1370 nisi
1392 1337 1592 1379 hujusmodi
1620 1337 1685 1369 Re-

285 1380 467 1420 quisicioni
492 1384 527 1413 et
551 1380 740 1413 Monicioni
766 1381 958 1423 paruerint,
984 1384 1024 1413 ut
1047 1384 1221 1420 tenentur,
1249 1391 1306 1413 eos
1331 1391 1448 1414 omnes
1473 1384 1508 1413 et
1533 1380 1686 1422 singulos

282 1424 408 1463 citetis,
428 1434 487 1455 seu
507 1424 614 1455 citare
632 1423 780 1460 faciatis,
801 1424 1043 1466 peremptorie,
1064 1424 1156 1465 quod
1175 1428 1398 1466 compareant
1417 1425 1450 1456 in
1470 1424 1683 1457 Consistorio

286 1470 405 1498 nost-ro
422 1466 620 1507 Exoniensi,
642 1478 756 1499 coram
776 1467 922 1500 Officiali
941 1471 1060 1500 nostro
1079 1468 1279 1510 Principali,
1300 1467 1367 1508 vel,
1388 1468 1424 1499 in
1442 1467 1550 1509 ipsius
1569 1467 1687 1500 absen-

284 1509 348 1547 cia,
379 1509 463 1541 dicti
491 1509 695 1542 Consistorii
725 1510 937 1549 presidente,
968 1510 1084 1552 aliquo
1113 1514 1207 1543 certo
1235 1510 1290 1543 die
1319 1521 1421 1553 quem
1450 1512 1498 1544 eis
1526 1511 1684 1543 videritis

283 1552 530 1594 prefigendum,
552 1564 691 1586 causam
709 1553 966 1595 racionabilem,
987 1554 1016 1586 si
1036 1564 1139 1596 quam
1158 1553 1320 1594 habeant,
1343 1554 1379 1586 in
1398 1553 1463 1586 hac
1482 1557 1582 1595 parte
1601 1553 1680 1586 alle-

283 1597 411 1638 gaturi,
434 1600 470 1628 et
490 1597 526 1628 in
547 1596 661 1629 forma
679 1597 769 1638 juris
790 1597 1004 1640 proposituri
1025 1607 1131 1639 quare
1153 1597 1190 1629 in
1212 1597 1342 1630 dictam
1364 1597 1511 1639 Maioris
1534 1598 1678 1630 Excom-

282 1640 529 1674 municacionis
559 1640 787 1680 Sentenciam,
819 1641 1029 1673 auctoritate
1059 1640 1203 1673 Concilii
1235 1639 1449 1679 Oxoniensis,
1481 1642 1557 1683 ipso
1586 1642 1681 1674 facto

286 1683 446 1715 incidisse
471 1684 692 1725 pronunciari
717 1695 786 1716 non
813 1683 983 1721 debeant3
1018 1683 1231 1725 ulteriusque
1256 1684 1395 1722 facturi,
1423 1688 1488 1717 etc.
1538 1685 1590 1717 De
1617 1684 1683 1721 die,

285 1737 379 1766 ver0,
399 1727 609 1768 reeepcionis
627 1727 861 1767 Presencium,
882 1730 918 1759 et
935 1727 1019 1769 quid
1038 1727 1200 1768 feceritis,
1223 1738 1263 1759 ac
1283 1728 1367 1760 dicti
1387 1727 1574 1765 Johannes,
1595 1727 1686 1759 Ran-

285 1770 448 1813 dulphus,
479 1773 514 1803 et
541 1770 600 1803 alii
629 1769 820 1812 supradicti
849 1771 1006 1809 fecerint,
1036 1771 1072 1803 in
1102 1771 1290 1813 premissis,
1323 1772 1520 1804 certificetis
1549 1772 1679 1804 dictum

285 1813 487 1854 Officialem,
509 1817 582 1854 aut,
603 1814 639 1846 in
658 1813 768 1856 ipsius
787 1813 956 1854 absencia,
980 1814 1218 1846 Presidentem
1237 1814 1442 1856 predictum,
1467 1814 1630 1847 distincte
1651 1818 1686 1846 et

270 1861 416 1900 'apert-e,
439 1868 502 1900 per
519 1857 655 1890 Literas
675 1861 821 1899 vestras,
845 1857 1073 1890 etc.—Dated
1094 1857 1250 1899 London,
1275 1859 1292 1889 1
1314 1857 1408 1900 May.

248 1922 449 1973 Bickleigh
470 1922 582 1973 (near
610 1923 815 1972 Tivertou)
836 1937 846 1970 ;
876 1923 1113 1960 Mandatum.
1141 1923 1188 1960 cle
1215 1923 1446 1972 inquirendo
1471 1937 1584 1972 super
1606 1924 1682 1962 vio·

299 1978 421 2015 lencla,
440 1977 484 2015 in
506 1977 673 2014 Ecclesia
691 1977 737 2015 de
756 1977 967 2026 Bykeleqke
986 1977 1252 2023 conmissa-n

239 2030 340 2071 Item,
362 2030 491 2063 eisdem
508 2030 566 2063 die
582 2034 617 2063 et
633 2029 720 2069 loeo,
743 2030 946 2063 mandatum
966 2030 1036 2063 fuit
1054 2030 1226 2072 Magistro
1245 2029 1420 2063 Willelmo
1438 2029 1616 2072 Trevellys
1635 2030 1681 2063 ad

282 2074 526 2116 inquirendum
547 2078 582 2107 et
604 2074 864 2107 certificandum
887 2085 931 2107 an
953 2074 1083 2114 injuria
1106 2084 1166 2106 seu
1187 2073 1356 2106 violencia
1379 2075 1470 2107 inter
1491 2074 1681 2107 Dominum

281 2118 449 2151 'rhomam
471 2118 739 2161 Puntyngdone,
765 2118 948 2150 Rectorem
972 2117 1125 2150 Ecclesie
1149 2117 1191 2150 de
1216 2117 1427 2160 Bykeleghe‚
1453 2121 1490 2150 et
1511 2117 1680 2152 Thomam

286 2161 552 2204 Puntyngdone‚
579 2161 809 2202 domicellum,
833 2162 870 2194 in
892 2161 1049 2194 Ecclesia
1070 2161 1112 2193 de
1135 2160 1336 2204 Bykeleghe
1357 2171 1468 2204 nuper
1490 2161 1682 2200 commissa,

282 2210 383 2238 atrox
399 2206 515 2238 suerat
534 2206 608 2238 sive
623 2205 720 2238 levis.

246 2277 647 2324 Letters-Dimissory‚
660 2300 706 2304 -

241 2329 337 2363 John
356 2330 398 2362 de
417 2330 552 2370 Setone,
575 2329 721 2371 scholar,
744 2329 762 2344 “
775 2329 820 2362 ad
839 2339 956 2362 omnes
977 2327 1125 2362 Ordines
1135 2328 1152 2342 ”
1177 2329 1283 2370 (same
1303 2328 1407 2370 date).

245 2397 572 2444 Testamentary3
603 2396 682 2433 Pro
705 2396 939 2433 Testamento
959 2395 994 2432 J.
1020 2395 1338 2441 Beawmoncle,—

241 2447 343 2490 Item,-
364 2449 491 2482 eisdem
510 2448 564 2481 die
583 2452 618 2481 et
635 2447 722 2490 loco,
743 2448 946 2481 mandatum
964 2448 1033 2481 fuit
1051 2447 1199 2480 officiali
1219 2447 1391 2480 Peculiari
1409 2448 1445 2480 in
1466 2447 1624 2480 Devonia
1641 2447 1683 2480 de

285 2492 487 2533 accedendo,
508 2503 550 2524 ex
567 2492 679 2524 causis
695 2491 872 2534 legitimis,
891 2491 936 2524 ad
953 2491 1137 2523 Domina-m
1155 2490 1354 2523 Johannam
1371 2491 1611 2527 Beawmonde,
1634 2501 1682 2522 re-

283 2535 403 2571 lictam
418 2535 557 2568 Domini
574 2535 599 2568 J
600 2534 744 2567 ohannis
760 2534 1000 2574 Beawmonde,
1020 2534 1156 2574 Militis,
1175 2533 1342 2573 defuncti,
1361 2533 1404 2566 ad
1421 2533 1684 2575 approbandum

284 2579 544 2611 Testamentum
560 2578 644 2610 dicti
660 2578 828 2616 defuncti,
841 2581 876 2610 et
892 2577 1009 2610 omnia
1022 2577 1089 2609 alia
1106 2577 1196 2609 idem
1207 2577 1467 2610 Testamentum
1483 2587 1684 2610 concernen-

282 2623 337 2656 cia
354 2622 571 2662 faciendum3
597 2620 691 2654 finali
710 2621 841 2655 calculo
860 2621 1010 2654 Domino
1029 2624 1215 2653 reservato.

246 2696 414 2743 Oratory
434 2708 442 2740 ;
471 2694 622 2732 Licence,
643 2700 679 2731 to
698 2694 886 2738 celebrate,
909 2698 1042 2736 ecc.,--

241 2748 342 2787 Item,
357 2745 496 2786 ibidem,
514 2746 663 2779 secundo
685 2746 741 2778 die
761 2746 888 2778 mensis
901 2744 999 2784 Maii,
1014 2743 1184 2785 Magister
1207 2744 1379 2777 Henricus
1401 2744 1445 2777 de
1465 2743 1680 2786 Litlyntone,

282 2791 412 2823 Rector
431 2790 583 2822 Ecclesia
603 2789 646 2822 de
666 2789 839 2822 Dueltone
858 2789 1029 2829 [Dolum]
1052 2787 1174 2820 habuit
1196 2788 1389 2820 Licenciam
1413 2787 1456 2819 de
1477 2787 1681 2820 celebrando

284 2838 320 2866 et
341 2832 505 2865 celebrari
529 2832 686 2865 faciendo
709 2833 745 2864 in
768 2831 928 2864 Oratorio
952 2841 1014 2863 suo
1038 2830 1131 2862 infra
1152 2830 1351 2862 Rectoriam
1374 2830 1588 2871 predictam3
1620 2831 1684 2872 per'

287 2888 393 2910 unum
409 2887 539 2909 annum
554 2875 916 2914 duraturam.-Item‚
937 2873 1064 2907 eisdem
1081 2874 1136 2906 die
1153 2877 1188 2907 et
1203 2872 1290 2914 loco,
1308 2873 1399 2906 idem
1415 2874 1545 2907 Rector
1559 2873 1683 2908 habuit

287 2920 482 2953 Licenciam
500 2919 542 2952 de
559 2918 772 2952 absentando
791 2917 835 2951 ab
853 2918 1009 2950 Ecclesia
1026 2927 1090 2950 sua
1107 2926 1170 2959 per
1186 2926 1293 2949 unum
1311 2917 1598 2958 annum—Item,
1619 2918 1682 2950 eis—
