1988 3256
479 357 770 392 REGISTRUM
809 357 1274 392 communit—Auno
1304 330 1398 391 14⁰ss
1606 348 1697 390 541

154 457 230 517 {³33¹}-
311 461 433 493 Crucis
450 462 644 493 Criditonie
662 461 849 498 Canonico,
866 471 906 492 ae
923 461 1097 492 willelmo
1115 461 1223 499 Piers,
1237 461 1279 492 de
1297 461 1474 494 Pon-tono,
1491 463 1526 492 et
1543 460 1703 491 Johanne

153 507 256 551 v⁸01.'1.
311 506 451 546 Lugans
479 508 522 538 de
548 507 819 543 Petrokestowc,
845 505 1092 544 Ecclesiarum,
1117 505 1273 545 predicte
1301 505 1508 536 Exonicnsis
1539 505 1703 542 Diocesss,

310 550 528 601 Rectoribus,
546 551 695 582 testibus
711 551 755 581 ad
771 550 941 590 premissa
958 549 1092 580 vocatis
1116 550 1315 590 specialiter
1330 556 1364 579 et
1382 550 1524 588 remitis.

267 594 479 634 Subscvipmo
495 595 639 633 Notaru‘i,
643 613 684 617 —

264 639 309 669 Et
326 649 401 679 ego,
420 640 626 670 Edmundus
642 639 685 670 de
705 638 956 677 Malmeshulle‚
974 638 1418 678 cle1icu8‚Herefor(lensis
1432 638 1598 676 Diocesis,
1613 638 1702 668 Pub-

277 683 396 714 ·licus
411 684 635 716 Auctoritate
651 683 853 724 Apostolica
869 682 1048 721 Notarius,
1073 683 1167 713 dicte
1191 683 1371 723 Appellae'
1362 683 1452 713 lonis
1468 683 1617 720 facture,
1634 682 1666 713 le
1658 692 1701 713 c-

309 731 456 769 tureque
472 739 513 759 ac
528 728 791 768 interposieioni
815 728 984 769 ejusdem,
1009 738 1145 758 necnon
1169 727 1418 767 Apostolorum
1442 727 1701 767 peticionibus;

309 773 512 813 juramenti,
536 783 683 813 quoque,
701 772 942 803 Procuratoris
964 772 1115 812 predicti
1139 772 1362 812 prestacioni,
1379 782 1420 802 ac
1442 771 1568 802 ceteris
1592 771 1701 802 omni-

311 817 376 847 bus
392 819 428 848 et
444 817 592 856 singulis
609 816 867 857 suprascriptis,
884 816 967 847 (lum
986 816 1045 854 sic,
1061 819 1101 847 ut
1118 816 1348 856 premittitur.
1367 817 1432 847 sub
1456 817 1568 854 Anno,
1588 816 1702 846 Indic-

312 861 421 900 cione,
452 862 675 899 Pontificum,
706 871 837 898 mense,
869 861 935 898 die,
967 864 1003 891 et
1038 861 1114 891 loco
1148 861 1316 901 predictis
1350 863 1541 900 agerentur
1574 863 1609 891 et
1646 861 1703 890 fie-

312 909 402 944 rent,
419 916 489 937 una
506 916 586 937 cum
602 906 754 937 testibus
768 905 1033 945 prenominatis,
1057 915 1202 945 presens
1225 905 1382 941 interfui,
1400 915 1509 945 eaque
1526 905 1643 935 omnia
1668 908 1702 935 et

314 951 451 989 singula
475 951 524 981 sie
547 951 622 981 fieri
646 950 718 980 vidi
742 954 778 980 et
801 949 929 987 audivi,
954 959 995 980 ac
1019 949 1097 980 aliis
1121 951 1312 989 occupatus
1336 950 1491 988 negociis
1507 959 1569 989 per
1593 949 1700 979 alium

313 995 419 1026 scribi
434 994 524 1032 feci3
548 995 673 1035 hicque
696 1004 753 1025 me
776 994 917 1034 propria
940 1004 1048 1024 manu
1072 994 1272 1034 subscripsi,
1296 994 1483 1034 publicavi,
1500 993 1588 1024 etin
1614 994 1703 1024 hauc

313 1039 488 1079 publicam
512 1039 662 1070 formam
686 1038 828 1077 redcgh
858 1048 1006 1076 necnon,
1030 1047 1174 1078 presens
1206 1038 1389 1069 Publicum
1422 1038 1702 1068 Instrumeutum

314 1083 416 1123 signo
438 1094 516 1114 meo
540 1085 707 1114 consueto
731 1083 878 1123 signavi,
902 1083 938 1113 in
970 1083 1075 1113 fidem
1106 1086 1142 1113 et
1168 1083 1411 1114 testimonium
1443 1083 1703 1123 premissorum,

314 1138 377 1168 per
392 1128 570 1168 prefatum
587 1128 854 1159 Procuratorem
871 1127 916 1158 ad
931 1127 997 1158 hoe
1014 1127 1212 1167 specialiter
1227 1127 1428 1167 requisitus.

270 1173 470 1203 Mandatum
490 1173 535 1202 ad
549 1172 794 1211 publicandum
813 1171 1071 1210 Appellaciones
1091 1171 1236 1209 Domini,
1253 1175 1367 1210 etc.,—

271 1217 432 1255 ff‘homas,
448 1220 525 1255 etc.,
543 1217 680 1248 dilectis
696 1216 787 1254 filiis,
804 1216 951 1247 Officiali
967 1218 1087 1246 nostro
1105 1216 1304 1256 Principali,
1321 1218 1367 1254 et,
1385 1216 1420 1246 in
1438 1216 1515 1257 ejus
1531 1216 1704 1254 absencia,

314 1261 511 1292 Presidenti
528 1261 735 1292 Consistorii
758 1260 870 1291 nostri
895 1260 1111 1298 Exoniensis‚
1134 1270 1271 1291 necnon
1294 1260 1560 1291 Archidiaconis
1575 1260 1706 1290 nostris

316 1306 458 1344 Exonie,
483 1306 656 1342 Tottonie,
681 1305 866 1343 Cornubie,
889 1307 925 1335 et
950 1305 1226 1345 Barnastapolie,
1250 1305 1305 1336 vel
1329 1315 1449 1336 eorum
1481 1304 1705 1343 officialibus,

316 1350 476 1387 salutem,
494 1349 724 1388 etc.-—Vobis‚
741 1349 976 1380 communiter
991 1350 1027 1379 et
1043 1349 1193 1387 divisim,
1210 1349 1246 1379 in
1263 1349 1395 1380 virtute
1420 1349 1630 1380 Obediencie
1646 1360 1704 1379 no-

316 1394 370 1425 bis
385 1394 532 1434 prestite
549 1395 583 1424 et
599 1394 726 1435 jurate,
744 1403 784 1424 ac
801 1394 865 1424 sub
882 1393 1026 1434 Majoris
1042 1393 1427 1424 Excommunicacionis
1438 1404 1539 1434 pena,
1553 1403 1655 1434 quam
1670 1394 1706 1424 in

316 1448 385 1469 non
401 1441 566 1479 parentes
581 1438 618 1468 in
634 1438 700 1469 hac
716 1440 816 1479 parte
839 1437 1055 1468 intendimus
1077 1438 1276 1477 fulminare,
1300 1438 1556 1469 committimus
1579 1440 1625 1476 et,
1651 1439 1706 1468 fir-

315 1483 422 1514 miter
436 1483 663 1524 injungendo,
680 1482 888 1513 mandamus
904 1482 1070 1523 quatinus
1082 1492 1204 1513 omnes
1219 1484 1255 1513 et
1271 1483 1428 1522 singulas
1440 1482 1707 1523 Appellaciones

316 1529 456 1558 nostras
478 1537 521 1558 ex
536 1529 636 1567 parte
652 1529 773 1557 nostra
789 1527 888 1558 vobis
910 1529 972 1557 aut
995 1526 1099 1557 alicui
1122 1530 1279 1558 vestrum
1295 1527 1504 1566 liberandas,
1521 1529 1557 1558 et
1572 1537 1705 1567 preser-

317 1571 382 1602 tim
398 1572 574 1612 quandam
598 1571 883 1612 Appellacionem
905 1581 947 1601 ex
963 1574 1063 1611 parte
1079 1574 1200 1602 nostra
1215 1581 1236 1602 a
1251 1571 1429 1602 nonnullis
1445 1571 1707 1611 gravaminibus

316 1626 380 1656 per
396 1616 639 1647 Reverendum
664 1616 700 1646 in
725 1615 866 1646 Christo
889 1615 1042 1653 Patrem,
1067 1616 1255 1646 Dominum
1274 1616 1496 1654 Willelmum,
1522 1615 1705 1646 Cautum-i-

317 1670 437 1691 ensem
461 1661 784 1700 Archiepiscopum‚
808 1659 933 1690 Tocius
956 1659 1084 1699 Anglie
1108 1660 1311 1698 Primatem,
1328 1662 1363 1691 et
1381 1660 1581 1700 Apostolice
1607 1660 1706 1690 Sedis

319 1705 502 1743 Legatum,
518 1705 555 1735 in
571 1705 721 1745 quodam
739 1704 907 1734 Mandato
924 1714 986 1735 suo
1001 1704 1038 1734 in
1055 1704 1154 1735 Ostio
1170 1704 1386 1735 Occidentali
1408 1704 1562 1735 Ecclesie
1585 1707 1704 1735 nostre

319 1749 540 1780 Cathedralis
557 1749 689 1780 Exonie
704 1758 818 1788 nuper
833 1748 935 1779 affixo
951 1748 1089 1788 plenius
1104 1749 1291 1786 contentis,
1307 1749 1563 1789 interpositam,
1588 1752 1623 1779 et
1647 1759 1704 1779 vo-

317 1794 381 1832 bis,
405 1803 446 1824 ac
469 1793 611 1824 cuilibet
635 1795 803 1831 vestrum,
827 1803 869 1824 ex
885 1796 985 1832 parte
1001 1796 1123 1823 nostra
1139 1793 1355 1824 liberandam
1372 1796 1408 1824 et
1425 1793 1644 1831 tradendam,
1669 1793 1704 1824 in

318 1837 413 1868 dicta
429 1838 585 1869 Ecclesia
602 1837 803 1868 Cathedrali
820 1837 962 1875 Exonie,
979 1847 1019 1868 ac
1035 1837 1112 1868 aliis
1129 1837 1230 1868 Locis
1245 1838 1418 1868 dictorum
1435 1837 1704 1868 Arehidiacona-

318 1884 420 1912 tuum
437 1882 550 1922 magis
564 1882 713 1922 publicis
729 1884 763 1912 et
780 1881 936 1919 famosis,
952 1882 1138 1921 presertim
1154 1882 1224 1913 illis
1240 1882 1298 1912 ubi
1317 1882 1522 1913 Mandatum
1539 1882 1623 1912 dicti
1640 1882 1704 1912 Ar-

319 1926 530 1967 chiepiscopi
545 1926 654 1957 fuerit
678 1928 739 1957 aut
763 1926 809 1956 sit
832 1926 1060 1966 publicatum,
1084 1926 1284 1965 notificetis,
1300 1927 1483 1965 intimetis,
1500 1936 1540 1957 ac
1558 1927 1704 1967 solemp-

319 1971 414 2002 niter
427 1971 624 2011 publicetis,
646 1973 682 2001 et
705 1970 888 2010 exponatis
911 1970 1022 2001 eciam
1046 1971 1081 2000 in
1105 1971 1253 2010 vulgari.
1315 1971 1410 2010 Quis,
1426 1981 1519 2009 vero,
1535 1973 1704 2009 vestrum,

319 2017 385 2046 etc.
432 2015 477 2046 Et
502 2015 585 2056 quid
615 2014 772 2046 feceritis
798 2015 834 2045 in
861 2015 1052 2054 premissis,
1078 2024 1151 2054 nos,
1183 2015 1273 2046 citra
1304 2016 1447 2046 Festum
1480 2015 1706 2046 Pentecostes

314 2059 476 2135 Egoximfi
512 2069 606 2090 nunc
645 2059 816 2097 futurum,
856 2059 973 2090 debite
1012 2059 1222 2094 certificetis
1262 2060 1489 2091 etc.—Dated
1524 2061 1562 2090 at
1594 2059 1703 2100 myst,

406 2114 460 2145 pri
477 2129 485 2135 .

273 2164 472 2213 Irregular
500 2163 789 2202 Ministrations
818 2163 870 2213 by
902 2163 1102 2213 Religious
1118 2177 1128 2210 3
1161 2163 1394 2201 Mandatum
1426 2165 1482 2201 ml
1503 2165 1704 2212 publican-

307 2218 401 2255 dum
445 2231 491 2320 ἵε
527 2217 715 2266 Reliyiosi
761 2218 978 2255 ministrent
1026 2218 1315 2256 Sacramentum
1361 2219 1585 2255 Eukaristie
1632 2223 1705 2268 (see

309 2284 345 2321 p.
368 2272 446 2308 534
466 2294 533 2315 ,—

277 2326 438 2364 Thomas‚
454 2329 531 2364 etc.,
549 2325 695 2357 Officiali
719 2328 839 2356 nostro
863 2326 1062 2366 Principali,
1087 2329 1132 2364 et,
1157 2326 1192 2356 in
1217 2327 1294 2367 ejus
1317 2327 1490 2366 absencia,
1508 2327 1703 2358 Presidenti

323 2370 528 2401 Consistorii
553 2370 664 2401 nostri
690 2370 906 2408 Exoniensis,
938 2380 1075 2401 necnon
1106 2371 1369 2402 Archidiaconis
1400 2372 1530 2403 nostris
1562 2372 1704 2409 Exonie,

322 2415 495 2452 Tottonie,
513 2414 697 2452 Cornubie,
721 2416 757 2444 ct
782 2414 1055 2454 Barnastapolie‚
1079 2415 1134 2446 vel
1158 2425 1279 2446 eorum
1304 2416 1527 2455 Officialibus,
1544 2416 1704 2454 salutem,

321 2462 424 2490 etc.-
434 2458 533 2496 Cum,
550 2458 741 2489 secundum
765 2458 950 2489 Sacrorum
975 2459 1157 2490 Canonum
1182 2460 1363 2498 Instituta,
1388 2470 1510 2491 omnes
1525 2463 1560 2492 et
1578 2460 1706 2500 singuli

324 2503 490 2542 Religiosi
513 2502 572 2543 qui
595 2502 730 2533 clericis
753 2505 815 2533 aut
838 2502 935 2533 laicis
959 2502 1225 2534 Sacramentum
1250 2504 1438 2536 Unccionis
1463 2505 1627 2536 Extreme
1651 2506 1706 2536 vel

324 2547 533 2585 Eukaristie,
550 2547 816 2578 matrimoniave
832 2547 1094 2587 solempnizare‚
1110 2558 1181 2579 non
1197 2548 1318 2579 habita
1329 2558 1435 2589 super
1446 2549 1513 2580 hiis
1523 2549 1706 2580 Parochia-

322 2591 365 2622 lis
382 2591 570 2622 Presbiteri
587 2591 732 2622 licencia
748 2591 900 2631 speciali,
923 2594 985 2622 aut
1008 2592 1067 2632 qui
1090 2593 1410 2624 excommunicatos
1425 2603 1445 2624 a
1463 2593 1613 2631 Canone,
1631 2604 1706 2634 pre-

324 2638 483 2676 terquam
499 2635 536 2666 in
552 2635 690 2666 casibus
705 2645 727 2666 a
740 2635 819 2676 jure
834 2636 1008 2676 expressis
1031 2636 1086 2666 vel
1110 2647 1173 2677 per
1188 2637 1376 2675 Privilegia
1393 2637 1492 2669 Sedis
1507 2638 1707 2678 Apostolice

323 2679 496 2710 concessis
511 2679 653 2718 eisdem,
670 2680 725 2710 vel
741 2689 762 2710 a
779 2679 975 2710 Sentenciis
989 2690 1054 2720 per
1070 2680 1212 2711 Statuta
1227 2681 1456 2712 Provincialia
1474 2685 1534 2713 aut
1554 2682 1707 2723 synoda-

325 2723 371 2754 lia
386 2723 627 2764 promulgatis,
644 2723 823 2754 absolvere
835 2733 1045 2764 quemquam
1058 2725 1345 2765 presumpserint,
1357 2726 1427 2756 sint
1442 2726 1627 2758 Sentencia
1642 2726 1706 2757 Exss

324 2767 654 2799 communicacionis
678 2767 822 2808 Maioris
844 2767 920 2808 ipso
942 2768 1038 2799 facto
1062 2769 1334 2810 dampnabiliter
1348 2770 1507 2809 involuti,
1524 2770 1707 2802 dumtaxat

326 2821 388 2852 per
412 2811 537 2843 Sedem
553 2811 791 2852 Apostolicam
815 2811 1029 2851 absolvendi,
1046 2822 1086 2844 ac
1110 2823 1173 2854 per
1197 2813 1367 2844 Locorum
1384 2814 1596 2853 Ordfflarios,
1613 2819 1706 2856 post-

324 2866 429 2896 quam
445 2855 488 2887 de
504 2855 570 2887 hoc
585 2855 636 2887 eis
647 2855 856 2894 eonstiterit,
869 2856 920 2887 sic
929 2857 1221 2888 exeommunicati
1233 2857 1371 2898 publice
1383 2858 1584 2898 nunciandi,
1597 2859 1707 2891 donec

325 2900 368 2931 de
384 2899 642 2932 Absolucione'
632 2909 787 2941 ipsorum
805 2900 856 2931 eis
870 2899 979 2931 fuerit
995 2900 1092 2932 facta
1114 2901 1222 2940 fides;
1245 2902 1415 2941 nonnulli,
1431 2905 1562 2942 tamen,
1579 2902 1706 2944 Religi-

323 2944 384 2982 osi,
399 2943 585 2987 presertim
601 2944 645 2976 de
661 2944 850 2976 Ordinibus
866 2944 1157 2985 Mendicancium,
1173 2955 1319 2988 quorum
1344 2946 1486 2978 nomina
1501 2947 1709 2987 ignorantur
