1988 3256
320 340 416 385 396
545 355 646 389 THE
671 357 916 392 REGISTER
941 358 1005 392 or
1028 357 1209 392 BISHOP
1233 356 1639 392 BRANTYNGHAM.

314 452 392 513 fd)-
467 456 511 490 ad
527 468 586 490 cor
601 468 799 492 reversuros
814 462 849 492 et
865 459 959 492 viam
974 459 1116 501 justicie
1129 459 1350 502 repetituros,
1369 469 1426 493 eos
1443 452 1505 502 per
1519 456 1763 491 Venerabilem
1779 455 1862 504 Fra-

314 488 451 553 [voltu]
467 504 565 543 trem,
593 501 748 542 Petrum,
778 502 992 545 Episcopum
1019 502 1258 542 Portuensem‚
1288 506 1323 536 et
1351 502 1494 536 dilectos
1520 502 1609 535 filios
1635 503 1783 538 nostro&
1812 498 1863 532 Sl-

464 555 611 585 monem,
632 545 740 578 Tituli
759 546 965 579 Sanctorum
983 545 1153 579 Johannis
1171 550 1208 579 et
1224 546 1338 586 Pauli,
1357 545 1606 586 I’resbiterum,
1627 548 1662 578 et
1679 542 1862 582 Jacobum,

466 588 585 622 Sancti
602 588 742 631 Georgii
759 589 803 621 ad
818 589 944 622 Velum
961 600 1114 629 aureum,
1135 590 1340 631 Diaconum,
1359 588 1571 630 Cardinales,
1590 587 1730 631 pluries,
1749 591 1786 621 et
1801 596 1864 629 per

466 631 620 664 diversos
635 631 720 665 alios
734 631 863 675 probos
874 632 1044 671 Prolatos,
1059 637 1096 665 et
1109 633 1194 666 alios
1209 643 1332 675 magne
1349 633 1569 666 auctoritatis
1584 633 1689 671 viros,
1703 642 1744 664 ac
1755 631 1864 663 eciam

465 686 528 718 per
547 676 683 709 Literas
703 680 840 710 nostras
860 676 996 710 iteratis
1016 676 1163 718 vicibus,
1185 680 1227 710 ut
1245 677 1288 710 ad
1308 678 1401 710 viam
1420 677 1581 709 veritatis
1602 679 1639 709 et
1657 675 1799 717 justicie
1817 684 1868 706 re-

465 719 591 761 dirent,
616 722 651 752 et
671 718 716 752 ab
736 719 936 761 hujusmodi
974 719 1149 754 erroribus
1171 720 1371 762 resipiscere
1393 719 1534 760 vellent,
1560 718 1722 752 duximus
1745 715 1864 750 exhoxs

462 762 588 796 tandos
604 773 643 795 ac
660 763 768 795 eciam
782 763 1015 805 requirendos.
1066 764 1126 797 Set
1141 763 1270 807 prefati
1285 773 1434 806 nequam
1449 763 1527 804 viri,
1545 762 1582 795 in
1598 772 1661 795 sua
1674 761 1867 805 pertinacia

466 809 501 838 et
518 805 681 849 superbia
698 805 878 847 obstinati,
897 811 978 850 post
994 806 1204 840 municiones
1220 811 1255 840 et
1273 807 1534 841 exhortaciones
1550 805 1761 848 hujusmodi,
1783 815 1862 837 con-

463 853 520 882 tra
540 860 614 891 nos,
638 853 742 882 antea
760 850 797 882 in
818 849 915 884 Urbe
935 861 998 893 per
1017 851 1111 893 ipsos
1134 854 1171 884 et
1190 850 1275 884 alios
1296 850 1341 884 ad
1362 860 1449 893 quos
1470 848 1652 892 spectabat
1672 849 1710 882 in
1730 848 1864 891 Papam

463 892 602 933 electos
624 904 674 936 ac,
696 892 823 927 debitis
841 897 876 927 et
895 895 1069 928 consuetis
1088 893 1392 937 solempnitatibus
1409 893 1614 935 observatis,
1636 892 1865 926 intronizatos

464 948 504 969 ac
518 936 655 979 publice
670 941 862 977 coronatos,
879 948 965 980 quos
978 941 1145 980 tanquam
1160 938 1293 980 Papam
1307 942 1342 971 et
1357 938 1537 970 Summum
1551 936 1767 979 Pontificem,
1783 935 1881 969 Mis--

464 991 580 1013 sarum
597 980 796 1023 solempniis
813 985 848 1014 et
865 982 1089 1015 Consistoriis
1104 981 1253 1025 publicis
1269 985 1305 1015 et
1319 981 1478 1023 privatis,
1498 979 1706 1013 consulendo
1724 983 1759 1013 et
1775 978 1865 1012 ordi-

463 1023 578 1056 nando
594 1024 635 1057 de
651 1028 747 1058 statu
762 1024 917 1058 Romane
933 1024 1097 1064 Ecclesie,
1116 1035 1156 1058 ac
1171 1035 1212 1058 ea
1226 1023 1364 1067 publice
1379 1034 1442 1067 per
1456 1023 1573 1066 plures
1588 1034 1721 1056 menses
1735 1026 1863 1056 tracta-

461 1071 596 1109 verant,
622 1069 818 1111 recipiendo
842 1080 864 1101 a
886 1067 986 1102 nobis
1010 1069 1256 1102 Ecclesiastica
1279 1069 1513 1108 Sacramenta,
1541 1078 1581 1100 ac
1605 1067 1806 1109 Dignitates
1830 1069 1867 1099 et

464 1111 637 1144 Beneficia
658 1111 904 1146 Ecclesiastica
925 1123 989 1155 pro
1011 1123 1046 1145 se
1069 1116 1105 1145 et
1126 1112 1204 1145 aliis
1227 1123 1248 1145 a
1269 1110 1369 1144 nobis
1391 1110 1621 1153 impetrando,
1647 1110 1802 1144 diversos
1822 1109 1862 1142 li-

461 1153 570 1188 bellos
585 1154 837 1188 diffamatorios
853 1155 1021 1195 fecerunt,
1040 1159 1075 1188 et
1091 1155 1135 1188 ad
1151 1155 1305 1188 diversos
1321 1154 1480 1188 Prelatos
1496 1158 1532 1187 et
1547 1153 1668 1187 mundi
1684 1153 1802 1186 Princi
1828 1163 1865 1185 es

462 1199 741 1239 transmiserunt,
757 1209 821 1241 per
835 1208 920 1241 quos
935 1198 1212 1232 asserebant'nos
1226 1209 1294 1231 non
1310 1208 1431 1231 verum
1446 1197 1579 1240 Papam
1594 1198 1680 1238 fore,
1697 1208 1738 1230 ac
1752 1207 1788 1230 m
1826 1200 1865 1230 ta

462 1241 531 1274 alia
551 1241 644 1275 mala
664 1245 699 1275 et
721 1244 875 1275 enormia
895 1243 938 1275 de
959 1241 1059 1275 nobis
1080 1243 1193 1275 dicere
1215 1245 1510 1285 presumpserunt.
1580 1241 1628 1274 Et
1649 1241 1802 1281 tandem,
1826 1239 1864 1272 in

462 1285 675 1327 profundum
694 1286 940 1319 descendentes
959 1285 1141 1324 malorum,
1164 1289 1199 1318 et
1219 1286 1397 1328 cupientes
1419 1285 1546 1318 Sancte
1565 1285 1693 1318 Matris
1711 1284 1866 1318 Ecclesie

464 1329 618 1362 scindere
634 1330 816 1371 unitatem,
833 1330 869 1362 in
885 1329 1037 1363 Civitate
1053 1330 1233 1369 Fundana,
1253 1340 1331 1362 cum
1348 1328 1555 1371 quibusdam
1572 1329 1660 1370 aliis,
1679 1339 1766 1371 quos
1783 1337 1862 1360 cum

462 1382 581 1405 eorum
602 1372 919 1406 machinacionibus
942 1377 978 1406 et
1001 1371 1180 1406 diabolicis
1203 1371 1486 1415 suggestionibus
1509 1372 1554 1405 ad
1577 1382 1695 1405 eorum
1717 1371 1864 1413 impium

462 1416 680 1458 propositum
704 1419 936 1456 attraxerunt,
962 1416 1162 1459 congregati
1185 1417 1221 1449 in
1245 1417 1345 1449 domo
1369 1415 1566 1459 iniquitatis
1588 1415 1663 1456 filii,
1689 1413 1864 1448 Honorati

463 1460 627 1503 Gaytani,
644 1460 726 1493 olim
741 1459 888 1493 Comitis
902 1460 1115 1500 Fundorum,
1133 1470 1211 1493 cum
1225 1460 1335 1501 ipsius
1350 1459 1523 1493 Honorati
1538 1458 1667 1492 auxilio
1682 1462 1717 1492 et
1731 1458 1861 1498 favore,

461 1505 639 1547 prefatum
654 1503 846 1536 Robertum
861 1507 989 1536 temere
1004 1503 1162 1546 eligendo
1172 1503 1387 1547 Antipapam
1402 1504 1568 1543 fecerunt,
1583 1504 1767 1546 ipsumque
1781 1512 1868 1535 ausu

464 1547 631 1589 sacrilego
656 1547 790 1589 Papam
813 1547 990 1580 nominare
1015 1547 1272 1589 presumebant,
1300 1550 1336 1579 et
1360 1550 1575 1589 presumunt.
1622 1546 1771 1589 Ipseque
1794 1546 1862 1579 Ro-

461 1590 582 1624 bertus
597 1602 632 1624 se
648 1590 781 1634 Papam
797 1591 974 1623 nominare
990 1601 1077 1623 ausu
1092 1591 1276 1624 temerario
1292 1602 1360 1623 non
1376 1590 1596 1633 pavescebat,
1614 1601 1676 1623 nec
1690 1590 1858 1632 pavescit.

463 1635 636 1676 Preterea,
660 1646 739 1668 cum
759 1635 867 1667 eciam
887 1635 1084 1677 iniquitatis
1105 1634 1289 1677 alumpnus
1308 1634 1448 1676 Petrus,
1470 1634 1553 1667 olim
1571 1634 1863 1677 Archiepiscopus

459 1679 683 1721 Arelatensis,
709 1683 744 1712 et
767 1679 986 1712 Camerarius
1009 1683 1137 1719 noster,
1163 1680 1296 1713 dudum
1318 1679 1487 1712 diabolico
1512 1680 1640 1722 spiritu
1661 1680 1861 1722 instigatus,

461 1722 502 1755 de
521 1722 618 1756 Urbe
637 1722 804 1765 predicta,
828 1721 888 1755 ubi
907 1722 1087 1755 nobiscum
1107 1726 1193 1763 erat,
1216 1722 1346 1765 absque
1364 1722 1510 1756 licencia
1528 1726 1648 1755 nostra
1667 1723 1766 1765 quasi
1785 1722 1856 1755 fur—

462 1767 536 1799 tive
560 1767 768 1806 recessisset,
798 1770 834 1798 et
860 1766 901 1798 de
927 1766 1071 1799 Camera
1097 1770 1218 1799 nostra
1244 1777 1347 1808 quam
1373 1766 1475 1809 plura
1500 1767 1626 1809 jocalia
1652 1772 1687 1801 et
1714 1766 1783 1799 alia
1807 1776 1863 1799 res

462 1813 498 1842 et
516 1809 608 1842 bona
626 1809 745 1850 magni
764 1808 893 1841 valoris
913 1812 949 1841 et
969 1809 1135 1851 preciosa,
1158 1809 1202 1842 ad
1223 1820 1285 1842 nos
1306 1813 1341 1843 et
1361 1810 1555 1843 Romanam
1575 1809 1766 1843 Ecclesiam
1785 1820 1860 1852 per-

461 1854 623 1894 tinencia,
646 1864 761 1886 secum
779 1856 1003 1895 asportasset,
1025 1857 1060 1887 et
1078 1854 1123 1886 ad
1140 1853 1270 1886 dictam
1289 1853 1477 1887 Civitatem
1494 1853 1714 1896 Anagninam
1732 1865 1768 1887 se
1786 1865 1864 1887 con-

464 1897 577 1930 ferens
608 1907 687 1929 cum
716 1897 863 1938 prefatis
894 1896 1069 1929 sceleratis
1098 1897 1195 1937 viris,
1227 1896 1393 1938 Roberto,
1427 1896 1598 1938 Johanne,
1633 1898 1795 1939 Geraldo,
1827 1901 1864 1931 et

462 1939 580 1982 Petro,
602 1939 685 1972 olim
704 1938 958 1980 Cardinalibus,
980 1939 1135 1972 diversas
1153 1939 1394 1982 colligaciones
1413 1943 1449 1973 et
1467 1945 1589 1973 contra
1606 1951 1669 1973 nos
1687 1941 1859 1983 conspira-

461 1984 575 2016 ciones
597 1983 755 2016 ordinare
777 1993 817 2015 ac
839 1982 964 2025 facere,
988 1987 1024 2016 et
1045 1983 1089 2015 ad
1113 1983 1373 2016 conducendum
1396 1984 1508 2017 dictas
1529 1987 1650 2026 gentes
1671 1984 1860 2026 armigeras

461 2027 506 2060 ad
528 2027 657 2060 dictam
677 2027 866 2060 Civitatem
887 2026 1111 2068 Anagninam
1131 2027 1322 2067 consilium,
1346 2027 1525 2067 auxilium,
1550 2031 1585 2060 et
1607 2028 1763 2061 favorem
1782 2038 1859 2070 pre-

460 2070 552 2112 bere,
574 2075 609 2104 et
628 2075 701 2103 tam
719 2071 793 2113 ipse
812 2081 915 2113 quam
934 2070 1143 2113 perdicionis
1161 2070 1234 2111 filii,
1258 2071 1422 2113 Jacobus,
1443 2071 1526 2104 olim
1546 2071 1752 2105 Patriarcha
1771 2072 1858 2106 Con-

460 2114 802 2157 stantiuopolitanus,
827 2114 1030 2155 Nicholaus,
1054 2114 1136 2147 olim
1157 2114 1449 2157 Archiepiscopus
1472 2115 1694 2156 Cusentinus,
1719 2115 1856 2155 Petrus,

460 2159 543 2192 olim
564 2159 822 2200 Urbenetanus,
845 2158 1062 2199 Gujllelmus,
1087 2158 1169 2191 olim
1190 2158 1355 2199 Urbinas,
1381 2159 1517 2200 Petrus,
1543 2159 1626 2192 olim
1647 2159 1858 2194 Montisflas-

461 2203 582 2244 censis,
610 2202 798 2243 Johannes,
827 2202 909 2235 olim
935 2202 1181 2243 Gebennensis,
1211 2206 1246 2236 et
1273 2203 1488 2245 Franciscus,
1517 2203 1599 2237 olim
1626 2203 1855 2246 Cayatiensis,

460 2246 637 2289 Episcopi,
664 2257 704 2279 ac
727 2247 942 2279 Bertrandus
965 2246 1107 2286 Ruffini,
1134 2246 1217 2279 olim
1242 2246 1395 2280 Clericus
1419 2247 1561 2280 Camere
1584 2247 1796 2290 Apostolice‚
1822 2252 1858 2281 et

461 2290 626 2324 Masellus
648 2290 778 2329 Casini,
801 2290 883 2322 olim
906 2290 1036 2323 Rector
1055 2290 1209 2323 Ecclesie
1231 2291 1356 2324 Sancte
1378 2291 1490 2324 Marie
1512 2291 1732 2334 Pedisgripte
1753 2302 1863 2335 prope

461 2334 658 2377 Neapolim,
672 2345 711 2366 ac
727 2334 835 2367 eciam
851 2334 1049 2376 iniquitatis
1062 2334 1123 2367 filii
1141 2333 1343 2367 Honoratus
1355 2333 1520 2377 Gaytani,
1538 2335 1620 2369 olim
1632 2335 1754 2369 Comes
1765 2337 1856 2370 Fun·
1947 2366 1950 2369 .
1969 2356 1988 2391 ἦ

458 2379 590 2418 dorum,
618 2377 828 2419 Anthonius,
854 2377 937 2410 olim
960 2377 1082 2411 Comes
1107 2378 1326 2417 Caseitanus,
1354 2379 1559 2412 Franciscus
1583 2379 1625 2413 de
1649 2378 1750 2421 Vico,
1776 2379 1859 2413 olim

458 2421 641 2454 Prefectus
655 2420 774 2461 Urbis,
791 2421 815 2454 J
817 2420 968 2454 ohannes
984 2420 1027 2453 de
1041 2420 1235 2461 Malestret,
1254 2420 1443 2454 Nicholaus
1460 2421 1632 2464 Spinellus
1647 2422 1689 2456 de
1704 2423 1856 2456 Juvena-

461 2466 525 2506 cio,
558 2465 643 2499 alias
673 2465 787 2498 dictus
818 2465 861 2497 de
887 2464 1046 2506 Neapoli,
1080 2464 1246 2498 Silvester
1274 2465 1382 2501 Bude.
1415 2466 1613 2499 Bernartius
1644 2466 1686 2499 de
1715 2466 1851 2506 Lasala,
1911 2491 1916 2496 .

460 2509 587 2542 Petrus
604 2508 647 2541 de
662 2508 797 2549 Lasala,
817 2508 900 2541 olim
915 2507 1058 2547 Milites,
1078 2512 1114 2541 et
1129 2508 1359 2542 Guilhonetus
1377 2509 1418 2542 de
1435 2509 1570 2551 Lasala,
1591 2509 1802 2552 domicellus,
1823 2509 1859 2543 in

460 2551 646 2595 reprobum
670 2562 808 2585 sensum
830 2551 915 2591 dati,
941 2552 1078 2594 prefato
1102 2551 1255 2584 Roberto
1277 2552 1455 2595 Antipape
1478 2552 1642 2586 adherere
1667 2561 1707 2586 ac
1729 2553 1857 2592 favere,

460 2599 507 2636 et,
530 2605 647 2627 eorum
666 2594 795 2637 linguis
815 2594 1076 2627 transeuntibus
1098 2605 1202 2636 super
1221 2598 1362 2633 terram,
1385 2606 1423 2628 os
1444 2596 1479 2628 in
1501 2595 1612 2629 celum
1632 2606 1760 2639 ponere
1779 2606 1855 2639 pre-

460 2642 645 2679 sumentes,
662 2649 731 2671 non
746 2638 893 2674 fuissent
908 2638 1010 2671 veriti
1040 2648 1103 2671 nec
1117 2641 1280 2671 verentur
1310 2639 1448 2682 publice
1463 2649 1624 2680 asserere,
1643 2644 1678 2673 et
1692 2650 1755 2683 per
1770 2641 1856 2674 alios

461 2683 566 2716 asseri
583 2686 618 2717 et
634 2682 805 2725 predicari
823 2682 947 2722 facere,
966 2692 1028 2715 nos
1045 2692 1113 2714 non
1131 2693 1204 2715 esse
1222 2682 1354 2725 Papam
1372 2686 1408 2716 et
1425 2683 1619 2717 Romanum
1636 2684 1851 2723 Pontificem,

462 2731 497 2759 et
527 2737 645 2759 eorum
675 2726 773 2759 falsis
803 2730 838 2759 et
868 2727 1024 2759 confictis
1052 2725 1241 2759 mendaciis
1272 2726 1479 2769 quamplura
1509 2729 1662 2761 enonnia
1690 2728 1783 2762 mala
1812 2729 1855 2762 de

460 2769 559 2803 nobis
575 2769 698 2809 dicere,
717 2773 752 2804 et
768 2780 803 2802 se
820 2768 864 2802 ab
880 2770 1014 2802 unitate
1031 2769 1185 2802 Romane
1203 2769 1354 2803 Ecclesie
1372 2781 1541 2813 separare,
1561 2775 1596 2805 et
1614 2772 1798 2805 scissuram
1815 2783 1855 2805 ac

459 2813 674 2851 divisionem,
694 2816 864 2854 quantum
881 2812 917 2844 in
935 2812 983 2844 eis
1001 2815 1087 2852 erat,
1107 2813 1143 2844 in
1162 2812 1227 2845 Dei
1245 2812 1400 2846 Ecclesia
1417 2824 1565 2856 ponere;
1591 2825 1631 2848 ac
1649 2815 1855 2849 Franciscus

459 2857 501 2890 de
525 2856 613 2890 Vico
639 2856 827 2890 Civitatem
853 2859 1008 2888 nostram
1031 2856 1298 2899 viterbiensem,
1326 2861 1361 2890 et
1387 2857 1563 2892 Johannes
1590 2859 1632 2892 de
1658 2859 1851 2899 Malestret‚

459 2900 636 2942 Silvester,
666 2900 877 2941 Bernardus,
908 2900 1034 2933 Petrus
1062 2899 1105 2933 de
1132 2900 1279 2942 Lasaga,
1312 2901 1553 2941 Guilhonetus,
1583 2902 1744 2946 predicti,
1774 2914 1854 2937 cum

453 2944 627 2978 nonnullis
650 2954 768 2978 eorum
791 2943 1029 2987 complicibus,
1054 2943 1185 2978 dictam
1208 2944 1397 2979 Civitatem
1418 2945 1650 2989 Anagninam,
1675 2957 1716 2980 ac
1740 2947 1849 2981 eciam

1979 2274 1988 2350 amn..-
1981 2242 1988 2263 si
