1988 3256
312 339 407 384 464

309 453 386 481 Α.[).

526 351 626 385 THE
661 350 902 385 REGISTER
939 336 999 384 OF
1036 349 1213 384 BISHOP
1249 350 1650 388 BRANTYNGHAM.

462 459 578 489 nostro
594 457 635 489 de
653 457 841 497 Otteforde,
853 457 1041 498 penultimo
1058 457 1112 489 die
1128 457 1252 490 mensis
1269 457 1361 498 Maii,
1375 458 1460 491 A.D.
1477 459 1539 493 ΜΟ.
1553 460 1686 493 occino
1700 458 1848 504 lxxxijdo

309 488 386 552 ἓξὲξ·
399 506 498 553 11.]e*'
519 504 633 534 nostre
656 502 901 533 Translacionis
925 512 1013 533 nnno
1036 501 1312 544 prima—Cujus
1334 503 1538 535 auctoritate
1562 504 1725 544 Mandati,
1750 506 1856 546 vobis,

462 546 656 577 Reverende
674 546 783 584 Pater,
801 555 878 576 cum
895 555 933 576 ea
948 555 1013 587 qua
1030 546 1128 577 decet
1150 547 1348 585 reverencia,
1366 546 1508 579 firmiter
1530 546 1739 589 injungendo
1761 559 1854 582 man·

461 590 582 620 damus
598 590 759 630 quatinus
776 589 889 620 omnia
901 592 936 620 et
950 589 1081 630 singula
1097 589 1130 621 in
1148 589 1309 622 Mandato
1325 590 1490 631 prelibato
1505 596 1855 633 contenta,quatenus

461 643 529 672 vos,
547 633 731 665 Civitatem
754 636 790 664 et
814 632 981 664 Diocesim
1004 637 1143 672 vestras,
1159 637 1221 665 aut
1242 644 1401 674 personas
1423 635 1618 674 earundem,
1634 639 1853 676 concernunt,

459 678 560 718 juxta
586 677 729 708 formam
762 679 798 708 et
827 679 976 708 tenorem
1000 677 1165 718 ejusdem,
1193 677 1386 709 execucioni
1412 678 1560 719 plenarie
1584 679 1796 711 demandetis
1817 685 1855 713 et

460 721 591 753 faciatis
614 720 834 752 effectualiter
857 720 1062 753 demandari.
1108 721 1185 760 Vos,
1202 721 1316 760 eciam,
1333 722 1460 761 eadem,
1484 725 1653 763 quatenus
1675 733 1852 765 personam

461 768 606 796 vestram
624 765 838 805 contingunt,
854 764 978 795 curetis
993 764 1191 804 diligencius
1213 764 1407 806 adimplere.
1457 766 1512 805 Et,
1528 766 1676 808 insuper,
1692 777 1733 799 ex
1757 770 1853 808 parte
1881 773 1885 777 '

462 808 545 839 (licti
566 808 774 839 Venerabilis
799 808 918 847 Patris,
935 818 993 839 vos
1016 807 1202 848 hortamur,
1219 819 1279 850 per
1301 808 1525 850 aspersionem
1548 810 1721 850 sanguinis
1743 811 1851 844 Jhesu

461 852 598 891 Christi,
615 851 717 893 quod,
734 862 822 891 cum,
834 851 935 893 juxta
950 853 1128 884 Sacrorum
1146 852 1322 884 Canonum
1339 853 1514 892 Instituta,
1525 853 1559 885 in
1571 856 1691 886 vestris
1703 854 1852 887 Civitate

459 900 494 927 et
517 895 651 927 Diocesi
672 895 853 936 inquisitor
876 895 1029 927 existatis
1052 895 1197 927 heretice
1220 896 1407 936 pravitatis,
1424 897 1467 928 de
1490 897 1659 938 premissis
1676 908 1849 940 presump-

459 940 591 971 toribus
613 939 792 980 diligenter
814 941 850 971 et
872 939 1001 971 solicite
1016 939 1205 981 inquiratis,
1221 950 1259 971 ac
1281 944 1399 972 contra
1421 951 1486 979 eos,
1502 941 1603 982 juxta
1620 941 1728 974 Officii
1745 943 1850 974 vestri

458 983 624 1022 debitum,
641 983 863 1015 effectualiter
880 983 1076 1024 procedatis,
1092 983 1135 1015 ad
1151 983 1284 1015 laudem
1302 988 1337 1015 et
1359 984 1520 1016 honorem
1545 985 1705 1017 Crucifixi
1728 989 1763 1017 et
1785 986 1849 1018 sal·

457 1028 628 1059 vacionem
654 1027 748 1059 Fidei
773 1027 1129 1059 Ortodoxe.—Datum
1155 1027 1348 1066 Londoniis,
1366 1028 1421 1059 die
1444 1028 1566 1070 quinta
1589 1029 1713 1061 mensis
1736 1029 1758 1061 J
1762 1030 1845 1070 unii,

458 1072 546 1103 A.D.
565 1071 625 1103 Mo.
647 1071 776 1103 CCC¹sno
791 1067 947 1112 lxxxide,
964 1074 999 1102 et
1015 1073 1128 1103 nostre
1145 1071 1414 1103 Consecracionis
1429 1071 1529 1104 Anno
1551 1072 1669 1114 primo.

303 1124 361 1155 ¹s0¹·
412 1127 496 1165 The
535 1126 754 1164 Pestilence
787 1127 827 1163 in
857 1125 1064 1175 England5
1098 1126 1333 1164 Mandatum
1360 1126 1648 1176 Arckiepiscopi
1674 1135 1717 1166 ut
1735 1129 1847 1177 fiant

302 1159 359 1190 5b.]

468 1181 723 1219 Processz'ones
742 1186 776 1218 et
803 1180 1009 1228 ,Oraciones
1037 1180 1213 1228 speciales
1241 1194 1285 1218 ac
1312 1180 1430 1219 Mis-ee
1457 1182 1688 1220 celebrentur
1713 1189 1848 1221 contra

467 1235 735 1274 Pestilenciam
753 1235 1084 1281 dominantem,—

412 1290 572 1323 Directed
587 1293 622 1321 to
638 1289 697 1321 the
714 1289 838 1330 Bishop
854 1289 889 1320 of
904 1289 1055 1328 London,
1073 1288 1148 1320 who
1164 1289 1313 1320 received
1329 1289 1358 1321 it
1382 1291 1401 1322 3
1417 1289 1518 1329 June,
1534 1290 1601 1321 and
1618 1293 1696 1322 sent
1718 1301 1738 1322 a
1760 1301 1846 1334 copy

298 1813 356 1846 [sol.
371 1815 410 1846 6.]

455 1337 492 1365 to
507 1334 566 1365 the
584 1333 707 1374 Bishop
723 1332 758 1364 of
774 1333 910 1371 Exeter,
930 1333 949 1364 5
965 1333 1056 1364 June
1074 1332 1297 1364 t—Terribilis
1314 1343 1415 1374 super
1431 1333 1516 1365 filios
1534 1333 1712 1366 hominum
1736 1335 1841 1374 Deus,

455 1377 564 1419 Cujus
594 1377 736 1408 nutibus
766 1377 962 1408 subduntur
991 1376 1103 1407 omnia
1134 1376 1201 1408 Sue
1224 1376 1420 1409 Voluntatis
1449 1377 1597 1419 imperio,
1624 1375 1709 1419 quos
1731 1378 1845 1420 diligit
1871 1403 1876 1407 .

453 1421 565 1462 arguit
581 1424 615 1452 et
631 1421 783 1461 castigat,
800 1420 966 1462 variisque
987 1420 1193 1461 flagiciorum
1215 1423 1250 1451 et
1272 1423 1515 1462 tempestatum
1537 1421 1716 1463 generibus
1737 1432 1844 1464 quan-

453 1466 564 1506 doque
587 1464 688 1506 punit
709 1464 949 1506 temporaliter,
974 1467 1014 1496 ut
1036 1474 1092 1495 eos
1114 1464 1308 1496 eternaliter
1330 1474 1397 1496 non
1420 1465 1654 1506 condempnet.
1701 1466 1748 1498 Et
1770 1466 1844 1506 hoc,

453 1509 631 1550 siquidem,
650 1509 801 1549 Regnum
820 1508 939 1549 Anglie
954 1518 1151 1549 guerrarum
1168 1508 1418 1540 discriminibus
1430 1519 1496 1550 que
1511 1509 1617 1550 ipsius
1632 1509 1843 1542 diversarum

453 1552 681 1584 substanciam
708 1551 914 1583 exhauriunt
935 1555 971 1583 et
992 1555 1210 1591 consumunt,
1233 1554 1269 1583 et
1291 1552 1364 1583 aliis
1387 1552 1506 1584 multis
1529 1552 1682 1592 miseriis¹
1706 1557 1845 1595 propter

452 1596 624 1637 superbias
654 1599 690 1627 et
719 1595 896 1627 abusiones
926 1595 1109 1627 incolarum
1140 1595 1382 1627 invalescentes
1414 1596 1490 1637 plus
1516 1596 1616 1628 solito
1646 1607 1684 1628 ac
1707 1601 1844 1638 peccata.

451 1650 568 1672 eorum
583 1640 770 1679 innumera,
787 1639 905 1671 multis
922 1639 1130 1680 temporibus
1145 1639 1323 1671 turbatum
1347 1640 1465 1671 extitit
1485 1642 1521 1672 et
1536 1639 1709 1680 afflictum,
1725 1643 1761 1673 et
1784 1651 1844 1682 per

451 1683 663 1725 pestilencias
688 1693 726 1714 ac
753 1683 961 1714 diversarum
989 1693 1113 1724 genera
1139 1686 1393 1724 tempestatum,
1418 1693 1484 1725 que
1509 1683 1580 1725 jam
1608 1684 1666 1716 diu
1697 1685 1732 1716 in
1767 1685 1842 1717 aliis

451 1729 576 1768 Regnis
591 1727 746 1759 dolenter
761 1727 995 1766 efferbuerant,
1012 1726 1193 1758 dubitatur
1207 1727 1360 1768 deprimi,
1377 1727 1442 1759 nisi
1458 1727 1646 1759 misericors
1662 1727 1839 1768 Dominus,

451 1772 493 1803 ad
510 1770 676 1802 Fidelium
694 1781 807 1812 preces
822 1781 1015 1809 conversus,
1032 1771 1116 1802 iram
1133 1770 1306 1803 contineat
1328 1774 1363 1802 et
1386 1770 1612 1803 misericordie
1635 1772 1840 1805 recordetur.

451 1815 550 1847 Unde
582 1814 891 1846 Excellentissimus
922 1814 1090 1855 Princeps,
1119 1817 1194 1853 etc.,
1221 1814 1393 1853 Ricardus,
1416 1817 1496 1854 etc„
1522 1815 1685 1856 premissa
1706 1815 1841 1848 intenta

450 1858 670 1890 meditacione
686 1858 907 1896 considerans,
923 1858 1020 1890 nobis
1043 1858 1077 1889 in
1101 1858 1200 1899 pleno
1222 1869 1283 1889 suo
1306 1858 1543 1897 parliamento,
1568 1869 1635 1890 una
1657 1868 1735 1891 cum
1759 1859 1838 1891 Pro-

450 1902 581 1934 ceribus
603 1905 639 1934 et
670 1901 924 1934 Communitate
947 1902 1054 1942 Regni
1075 1902 1129 1933 sui
1151 1906 1235 1933 tunc
1256 1902 1480 1943 presentibus,
1503 1902 1689 1934 instancius
1711 1903 1838 1944 suppli-

450 1946 539 1977 cavit
555 1948 595 1977 ut
611 1956 671 1987 pro
686 1955 766 1987 pace
782 1945 906 1977 Sancte
922 1945 1067 1976 Ecclesie
1082 1956 1119 1977 ac
1136 1945 1243 1986 Regni
1258 1946 1320 1985 sui,
1338 1948 1374 1978 et
1389 1945 1473 1977 aeris
1489 1946 1661 1987 temperie,
1678 1947 1839 1988 quodque

449 1990 603 2030 Regnum
627 1999 728 2020 suum
747 1988 863 2030 Anglie
879 1989 922 2020 ab
944 1989 1142 2029 hujusmodi
1165 1989 1316 2028 miseriis,
1333 1989 1545 2030 pestilenciis,
1562 1990 1834 2031 tempestatibus,

449 2037 485 2065 et
518 2033 695 2065 subitanea
725 2036 842 2072 morte,
873 2032 949 2073 Ipse
985 2033 1078 2063 Deus
1105 2032 1328 2073 Omnipotens
1362 2043 1423 2064 sua
1460 2043 1581 2074 magna
1610 2033 1837 2066 misericordia

449 2076 558 2108 salvet
580 2079 615 2108 et
637 2076 815 2116 custodiat,
833 2086 945 2116 preces
960 2076 1099 2107 devotas
1114 2076 1214 2107 fundi
1237 2087 1296 2117 per
1318 2079 1425 2108 totam
1449 2080 1599 2108 nostram
1623 2076 1834 2109 Provinciam

448 2121 643 2152 faceremus.
675 2119 803 2159 Vestre,
816 2119 930 2160 igitur,
948 2119 1166 2151 Fraternitati
1182 2119 1393 2160 injungimus
1408 2122 1444 2151 et
1459 2121 1660 2152 mandamus
1674 2120 1836 2162 quatinus

449 2174 526 2196 cum
543 2163 713 2195 celeritate
730 2163 888 2204 possibili,
905 2163 1062 2194 omnibus
1084 2166 1120 2194 et
1142 2163 1282 2204 singulis
1305 2163 1429 2195 nostris
1453 2163 1691 2196 confratribus
1712 2166 1749 2196 et
1771 2164 1834 2197 Co—

448 2207 619 2249 episcopis,
636 2210 750 2238 nostre
767 2206 1018 2238 cantuariensis
1034 2206 1179 2238 Ecclesie
1195 2207 1427 2248 Suffraganeis,
1438 2207 1700 2249 absenciumque
1715 2218 1834 2240 eorun-

447 2252 537 2290 dem,
555 2251 583 2282 si
599 2250 658 2292 qui
674 2250 814 2289 fuerint,
826 2250 964 2282 Vicariis
982 2250 1212 2289 Generalibus,
1224 2254 1259 2282 et
1274 2260 1390 2282 eorum
1402 2250 1474 2282 loca
1485 2250 1691 2291 tenentibus,
1703 2261 1833 2284 necnon

447 2294 590 2327 Custodi
613 2294 873 2335 Spiritualitatis
889 2294 1038 2325 Diocesis
1061 2294 1266 2334 Assavensis,
1290 2294 1376 2326 Sede
1398 2294 1524 2326 ibidem
1542 2298 1689 2335 vacante,
1706 2295 1776 2327 vice
1798 2299 1835 2328 et

446 2338 649 2370 auctoritate
664 2337 796 2377 nostris,
812 2337 956 2369 firmiter
970 2337 1157 2379 injungatis
1174 2341 1213 2369 ut
1235 2338 1300 2379 ipsi
1321 2338 1447 2378 singuli
1468 2348 1546 2370 suos
1568 2338 1723 2370 subditos
1737 2338 1835 2371 indu-

446 2385 525 2414 cant
540 2385 575 2413 et
590 2384 759 2420 moneant,
775 2381 932 2413 inducive
947 2381 1073 2412 faciant
1088 2384 1124 2412 et
1140 2381 1276 2420 moneri,
1295 2384 1335 2413 ut
1351 2381 1520 2423 premissis
1536 2381 1600 2423 piis
1622 2381 1833 2415 oracionibus

446 2426 660 2458 Altissimum
677 2425 903 2466 interpellent,
919 2425 1050 2466 ipsique
1065 2424 1171 2456 nostri
1181 2424 1400 2466 Suffraganei,
1418 2428 1454 2457 et
1469 2425 1571 2457 ceteri
1582 2425 1617 2457 in
1626 2425 1833 2459 Sacerdotali

446 2469 572 2501 Ordine
587 2468 774 2508 constituti,
792 2468 909 2500 Missas
924 2469 1094 2500 celebrent
1108 2468 1143 2500 in
1166 2469 1289 2509 quibus
1311 2468 1479 2500 oraciones
1501 2469 1706 2511 subscriptas
1728 2469 1831 2511 speci-

445 2513 542 2545 aliter
572 2513 711 2551 dicant3
749 2512 1002 2553 predicaciones,
1026 2512 1140 2550 eciam,
1164 2512 1283 2544 diebus
1313 2515 1349 2543 et
1377 2512 1457 2544 locis
1486 2512 1768 2553 competentibus,
1796 2516 1832 2547 et

445 2556 670 2598 processiones
692 2555 833 2596 singulis
855 2556 985 2596 quartis
1008 2559 1043 2587 et
1065 2555 1169 2587 sextis
1190 2555 1282 2587 feriis
1304 2555 1440 2596 faciant,
1464 2566 1522 2587 seu
1546 2560 1727 2597 procurent
1748 2557 1832 2597 fieri,

445 2600 575 2641 aliaque
605 2600 658 2640 pie
690 2599 888 2640 placacionis
914 2599 1020 2631 officia
1046 2603 1240 2631 excerceant
1266 2599 1442 2631 humiliter
1463 2602 1499 2631 et
1521 2599 1652 2638 devote,
1676 2603 1717 2632 ut
1739 2599 1833 2632 Deus

444 2648 558 2675 noster
582 2643 813 2684 Omnipotens,
837 2653 954 2674 eorum
977 2642 1131 2684 precibus
1153 2642 1390 2684 complacatus,
1414 2643 1582 2684 Populum
1605 2643 1829 2684 Anglicanum

446 2688 487 2718 de
505 2686 783 2718 tribulacionibus
798 2686 996 2727 hujusmodi
1012 2685 1141 2727 eripiat,
1159 2687 1292 2727 Sueque
1307 2686 1415 2727 gracie
1430 2686 1494 2718 sibi
1510 2689 1637 2728 prestet
1651 2687 1828 2727 auxilium,

445 2734 549 2772 atque
564 2741 583 2762 a
599 2732 842 2771 tempestatum
860 2730 1014 2770 periculis
1029 2733 1065 2761 et
1076 2729 1253 2761 subitanea
1268 2733 1376 2761 morte
1392 2735 1571 2771 preservet,
1585 2730 1654 2762 Sua
1668 2730 1830 2763 ineffabili

445 2775 579 2816 pietate.
621 2774 676 2813 Et,
693 2777 733 2805 ut
748 2776 879 2805 mentes
895 2773 1062 2805 Fidelium
1078 2777 1193 2805 nostre
1209 2773 1382 2805 Provincie
1396 2774 1439 2805 ad
1456 2773 1615 2815 premissa
1630 2774 1828 2816 propensius

445 2817 644 2856 excitentur,
661 2816 818 2848 omnibus
841 2816 1049 2849 Christicolis
1072 2827 1131 2858 per
1152 2817 1278 2849 dictam
1301 2820 1452 2849 nostram
1476 2817 1683 2849 Provinciam
1705 2818 1827 2850 consti-

444 2861 540 2900 tutis,
557 2860 759 2903 depeccatis
782 2860 852 2892 suis
876 2870 951 2891 vere
974 2860 1140 2900 contritis,
1158 2871 1217 2902 pro
1240 2860 1409 2902 premissis
1432 2860 1550 2892 Missas
1571 2860 1827 2902 celebrantibus,

443 2903 689 2946 predicaciones
704 2903 757 2935 vel
776 2903 1000 2945 processiones
1016 2903 1228 2943 facientibus,
1244 2908 1306 2935 aut
1320 2903 1400 2945 ipsis
1415 2903 1535 2935 devote
1550 2903 1828 2937 interessentibus

441 2952 475 2982 et
491 2947 676 2987 orantibus,
692 2957 821 2979 necnon
838 2947 904 2979 illis
920 2947 989 2993 qui,
1006 2949 1143 2991 propter
1165 2947 1314 2982 locorum
1337 2947 1536 2982 distanciam
1553 2950 1613 2980 aut
1628 2947 1709 2982 alias
1723 2947 1827 2992 impe-
