1988 3256
466 378 647 413 BISHOP
680 376 890 412 THOMAs
919 377 986 411 Da
1019 376 1425 413 BRANTYNGHAM.
1691 368 1719 412 9

171 484 261 518 [A·D-
334 483 527 526 Apostolica
556 482 710 514 absolvar
740 482 904 514 Licencia.
968 483 1206 523 Possessiones,
1237 493 1325 523 ver0,
1356 483 1399 514 ad
1427 493 1578 515 mensam
1609 493 1718 515 meam

174 518 251 547 ¹3⁷⁰·
334 527 565 569 Episcopalem
581 526 792 568 pertinentes
807 537 874 558 non
891 526 1045 565 vendam,
1062 537 1171 568 neque
1194 527 1335 566 donabo,
1352 537 1462 568 neque
1485 527 1718 568 inpignorabo,

174 574 238 614 νὼ,
253 586 294 613 11,
332 581 442 613 neque
467 571 511 602 de
537 581 624 602 novo
646 570 840 610 infeudabo,
866 570 917 601 vel
945 570 1011 601 alio
1038 571 1137 602 modo
1164 570 1324 610 alienabo,
1352 570 1544 603 inconsulto
1570 573 1720 603 Romano

334 615 506 648 pontifice.
553 614 608 647 Sic
625 624 679 646 me
696 614 788 645 Deus
803 613 946 655 adjuvet
966 617 1003 646 et
1018 614 1080 646 hec
1095 614 1220 646 Sancta
1235 614 1299 646 Dei
1316 615 1498 656 Evangelia
1515 613 1546 647 !¹

173 689 225 717 ¹0¹·
239 690 264 717 ⁶·
338 689 594 729 —Admissio
612 689 818 736 Fratrum,
829 688 956 739 juncta
969 689 1239 740 Privileyium
1253 689 1383 740 Super
1400 690 1706 738 Gathedram,——-

173 744 265 810 ‘lim
282 745 341 787 ὦ]
359 746 414 777 ‘¹³2
429 744 809 829 ωῗὲἱὶῗηῗὲζῡὲῗιὲἓξο
825 744 1432 821 ΒΟἯὲὲῑὲἓῑῧὲΞίἒὲοῗὲἔὶἓὲῑ
1482 799 1500 821 e
1533 789 1564 821 D
1589 789 1633 821 m·

192 798 200 806 ·
1221 814 1228 827 ,
1421 800 1431 820 1
1502 801 1517 820 r
1566 800 1586 821 ο
1624 800 1719 821 mum

464 833 484 864 .Ῑ
488 832 637 864 ohannes
651 835 689 863 at
701 831 848 872 Syrtone
892 832 1132 864 sunt‘admissi.
1245 799 1267 830 p
1433 814 1441 829 ²
1458 800 1480 831 p

283 877 405 908 Frater
419 877 440 909 J
443 876 591 908 ohannes
603 875 788 914 Laurencii,
802 875 939 907 Ordinis
953 875 1217 915 Predicatorum,
1230 879 1446 916 presentatus
1460 876 1605 908 Domino
1619 876 1720 918 juxta

333 920 552 961 Privilegium
567 919 759 960 predictum
775 918 847 950 loco
864 919 993 950 Fratris
1005 919 1133 951 Thome
1151 919 1308 959 Penkors,
1321 920 1485 960 defuncti,
1505 920 1576 961 xiiij
1595 921 1719 952 Kalen-

280 1005 282 1007 ·
334 964 394 996 das
409 963 536 1004 Aprilis
552 963 607 1004 [19
625 962 765 1002 March]‚
782 963 881 994 Anno
897 963 1057 1003 predicto,
1075 973 1135 1004 per
1148 963 1333 995 Dominum
1349 967 1401 995 est
1417 964 1592 995 admissus.

174 1005 383 1047 [mlum-m,
407 1006 478 1048 xiiij
496 1007 551 1038 die
567 1006 786 1047 Septembris,
804 1007 903 1037 Anno
921 1007 1055 1038 Domini
1073 1008 1136 1038 M0.
1150 1007 1282 1039 CCCmo
1297 1007 1426 1048 huj-¹1⁰,
1446 1008 1563 1039 Frater
1575 1007 1721 1039 Thomas

334 1051 377 1083 de
402 1051 550 1092 Turyna,
577 1050 713 1082 Ordinis
739 1050 1004 1089 Predicatorum,
1031 1050 1198 1082 admissus
1226 1050 1295 1082 fuit.
1318 1061 1379 1091 per
1407 1051 1600 1090 Dominum,
1629 1051 1721 1092 apud

335 1095 510 1134 Exoniam,
526 1094 568 1126 ad
591 1093 824 1126 Confessiones
846 1094 1039 1131 audiendas,
1063 1097 1141 1134 etc„
1164 1093 1266 1135 juxta
1287 1094 1431 1126 formam
1457 1094 1721 1127 Constitucionis

334 1138 528 1180 supradicte
542 1140 767 1179 presentatus.

283 811 420 843 Fratres

175 1266 276 1299 [1372]
340 1259 550 1299 -Citacio
569 1259 799 1296 Decanatus
827 1287 999 1296 .....
1030 1258 1079 1296 in
1107 1258 1344 1296 Visitacione
1363 1257 1686 1310 (mutilated)‚—

284 1315 440 1354 Thomas,
456 1317 536 1352 etc.,
557 1314 691 1345 Decano
714 1313 756 1344 de
778 1313 948 1352 Tot-itone,
974 1322 1012 1344 ac
1034 1313 1175 1354 singulis
1191 1313 1328 1345 Curatis
1348 1313 1503 1354 ejusdem
1519 1314 1722 1352 Decanatus,

335 1359 491 1398 salutem,
507 1356 724 1389 etc—Vobis
747 1356 958 1397 conjunctim
980 1359 1016 1388 et
1043 1357 1176 1388 divisim
1201 1357 1447 1388 committimus
1470 1360 1506 1388 et
1522 1357 1723 1388 mandamus

335 1402 499 1444 quatinus
521 1401 644 1439 citetis,
667 1411 726 1432 seu
749 1400 847 1432 citari
869 1400 1011 1439 faciatis,
1028 1400 1264 1441 peremptorie,
1283 1410 1399 1431 omnes
1421 1403 1457 1432 et
1480 1401 1628 1441 singulas
1643 1401 1721 1432 Per-

336 1456 434 1478 sonas
450 1455 596 1486 quarum
613 1445 836 1475 Personarum
852 1447 888 1475 et
906 1444 1148 1475 Beneficiorum
1164 1444 1301 1475 nomina
1316 1443 1351 1475 in
1369 1443 1496 1475 Cedula
1512 1444 1576 1475 hiis
1591 1454 1723 1475 annexa

338 1489 567 1528 continentur,
585 1488 677 1530 quod
692 1490 908 1528 compareant
923 1497 1035 1519 coram
1050 1487 1156 1526 nobis,
1173 1488 1223 1519 vel
1242 1487 1366 1519 nostris
1382 1487 1415 1518 in
1432 1487 1495 1518 hac
1510 1491 1606 1528 parte
1625 1488 1721 1519 Com-

339 1532 509 1571 missariis,
529 1542 597 1564 uno
620 1531 673 1563 vel
695 1531 859 1572 pluribus,
883 1531 1057 1571 deputatis
1080 1542 1139 1562 seu
1163 1530 1368 1572 deputandis
1390 1530 1670 1572 quibuscumque,
1687 1531 1720 1562 in

339 1576 485 1608 Ecclesia
502 1575 688 1607 Parochiali
703 1575 745 1606 de
761 1574 921 1606 Toritone
937 1574 1067 1615 Magna,
1085 1574 1139 1606 die
1156 1574 1312 1606 Mercurii
1324 1574 1477 1615 proxima
1492 1577 1570 1615 post
1582 1575 1723 1607 Festum

338 1619 567 1652 Exaltacionis
595 1620 718 1650 Sancte
749 1618 866 1650 Crucis
898 1619 1050 1659 proximo
1081 1618 1240 1649 futurum
1267 1618 1322 1657 [15
1347 1616 1472 1659 Sept.],
1496 1629 1598 1659 super
1624 1618 1725 1650 certis

338 1663 491 1695 articulis
520 1663 710 1694 animarum
743 1671 882 1693 suarum
920 1661 1162 1693 correccionem
1194 1662 1422 1702 tangentibus,
1454 1662 1489 1693 in
1520 1662 1725 1694 Visitacione

341 1710 458 1739 nostra
482 1706 516 1738 in
540 1706 632 1738 dicto
656 1705 939 1737 Archidiaconatu
967 1705 1115 1736 exercita
1137 1705 1328 1746 compertis,
1351 1705 1504 1744 detectis,
1532 1709 1568 1737 et
1594 1706 1724 1745 delatis,

338 1754 508 1792 quatenus
524 1750 660 1782 easdem
672 1750 835 1780 Personas
850 1749 1023 1781 concernit
1039 1749 1184 1788 divisim,
1200 1748 1402 1789 responsuri,
1418 1752 1455 1780 et
1470 1759 1571 1789 super
1586 1749 1723 1788 eisdem,

340 1794 368 1826 si
383 1796 549 1835 oporteat,
565 1793 786 1834 personaliter
800 1792 959 1834 juraturi,
977 1792 1188 1834 ulteriusque
1203 1793 1329 1824 facturi
1341 1795 1377 1823 et
1391 1793 1562 1833 recepturi
1576 1794 1665 1834 quod
1682 1793 1726 1824 ad

340 1848 468 1870 meram
493 1837 683 1869 animarum
714 1846 852 1868 suarum
879 1836 1121 1867 correccionem
1146 1836 1334 1868 dinoscitur
1361 1836 1539 1876 pertinere,
1567 1839 1604 1868 et
1634 1836 1726 1877 quod
1781 1872 1784 1874 ,

339 1881 515 1915 Canonicis
551 1881 711 1912 convenit
742 1879 925 1911 Institutis.
987 1880 1195 1919 Terminum,
1227 1883 1353 1919 autem,
1386 1880 1652 1920 peremptorium
1689 1882 1726 1912 et

339 1925 546 1966 personalem
563 1924 784 1961 vocacionem,
805 1927 945 1964 propter
959 1922 1108 1955 locorum
1125 1923 1335 1955 vicinitatem
1357 1926 1393 1955 et
1414 1933 1516 1964 grave
1538 1923 1724 1964 periculum

338 1969 539 2008 animarum,
555 1979 594 2000 ac
608 1968 750 1999 celerem
767 1967 1044 1998 reformacionem
1063 1967 1275 2007 spiritualem
1291 1977 1393 2008 quam
1416 1967 1526 1998 facere
1541 1977 1724 2007 speramus,

339 2012 386 2044 sic
400 2012 561 2043 duximus
575 2010 841 2043 abbreviandum
866 2014 903 2042 et
925 2010 1029 2042 eciam
1052 2010 1300 2051 assignandum.
1347 2011 1393 2042 Et
1415 2010 1498 2051 quid
1521 2010 1669 2042 feceritis
1691 2010 1725 2042 in

339 2056 510 2097 premissis
525 2065 596 2095 nos,
611 2058 674 2087 aut
688 2055 797 2086 dictos
810 2054 1063 2086 Commissarios
1078 2057 1221 2093 nostros,
1234 2054 1277 2085 ad
1289 2054 1438 2094 prefatos
1453 2054 1543 2085 diem
1555 2057 1591 2085 et
1604 2054 1724 2093 locum,

339 2099 454 2131 debite
466 2099 665 2131 certificetis.
681 2098 896 2130 Presencium
909 2100 945 2129 et
956 2098 1046 2129 dicte
1062 2098 1178 2129 cedule
1194 2108 1271 2128 cum
1289 2101 1413 2136 tenore,
1431 2097 1539 2138 sigillo
1553 2098 1726 2129 autentico

340 2143 537 2184 consignato
554 2153 562 2181 ;
599 2142 742 2174 eandem
767 2141 932 2173 Cedulam
959 2141 1055 2173 nobis
1080 2152 1140 2181 per
1165 2141 1278 2172 omnia
1304 2141 1668 2172 remittentes—Data
1690 2141 1725 2172 in

340 2186 490 2218 Manerio
501 2189 618 2217 nostro
630 2186 672 2217 de
685 2185 810 2227 Clyste,
827 2183 894 2226 vjto
910 2184 964 2216 die
979 2185 1104 2216 mensis
1116 2184 1274 2225 Augusti,
1287 2184 1387 2216 Anno
1398 2184 1536 2216 Domini
1548 2185 1726 2216 Millesimo

341 2230 473 2263 CCC¹¹¹⁰
488 2227 621 2271 lxxijdo,
637 2232 673 2261 et
689 2228 958 2261 Consecracionis
974 2232 1091 2260 nostre
1107 2228 1219 2260 tercio.

179 2358 288 2425 fflbssb·
344 2356 574 2396 —Collacio
604 2355 744 2394 Tharne
773 2355 916 2405 Swaby
944 2356 1000 2394 ad
1024 2354 1273 2393 Prebendam
1299 2353 1347 2391 in
1375 2353 1550 2391 Ecclesia
1577 2353 1725 2391 Emoni-

181 2418 257 2459 13‘702
342 2425 496 2457 enmu—

289 2465 444 2504 Thomas,
460 2467 535 2503 etc.⁷
551 2464 676 2496 dilecto
697 2464 734 2495 in
758 2463 893 2496 Christo
915 2463 993 2503 filio,
1019 2463 1147 2494 Thome
1169 2462 1212 2493 de
1235 2462 1366 2503 Swaby,
1382 2461 1510 2500 clerieo,
1526 2462 1724 2493 ete—Cum

341 2508 652 2541 Excellentissimus
674 2507 710 2539 in
734 2507 870 2539 Christo
894 2507 1053 2547 Princeps
1075 2509 1111 2538 et
1135 2506 1301 2537 Dominus
1324 2508 1448 2543 noster,
1466 2505 1632 2536 Dominus
1655 2505 1724 2536 Ed-

341 2553 484 2591 wardus,
502 2551 565 2582 Dei
579 2551 688 2592 gracia
704 2551 776 2582 Rex
792 2550 913 2591 Anglie
928 2554 964 2582 et
982 2550 1120 2581 Francie
1143 2549 1284 2580 illustris
1307 2559 1345 2579 ac
1368 2548 1533 2579 Dominus
1550 2549 1722 2586 Hibernie,

342 2595 586 2628 Canonicatum
617 2594 763 2626 Ecclesie
801 2597 916 2625 nostre
952 2593 1149 2625 Exoniensis
1187 2596 1222 2624 et
1260 2591 1469 2623 Prebendam
1501 2602 1585 2632 quos
1617 2602 1725 2632 nuper

342 2639 504 2680 Magister
530 2638 640 2669 Adam
671 2637 893 2679 Myrimouth,
921 2637 1004 2668 dum
1031 2637 1128 2675 vixit,
1156 2635 1307 2667 obtinuit
1337 2635 1371 2666 in
1398 2635 1525 2674 eadem,
1557 2639 1723 2675 vacantes,

342 2683 474 2714 racione
490 2681 727 2722 temporalium
745 2681 966 2721 Episcopatus
987 2680 1131 2720 predicti
1147 2689 1256 2720 nuper
1270 2678 1420 2710 vacantis
1435 2678 1469 2709 in
1485 2678 1554 2709 suis
1570 2678 1725 2710 manibus

342 2725 575 2764 existencium,
598 2724 661 2756 tibi
684 2724 877 2763 contulerit,
900 2734 978 2755 cum
999 2723 1068 2754 suis
1091 2722 1227 2764 juribus
1253 2725 1289 2753 et
1311 2721 1528 2762 pertinenciis
1551 2722 1724 2760 universis,

342 2773 446 2810 prout
460 2769 495 2800 in
512 2768 635 2800 Literis
660 2767 770 2808 Regiis
792 2767 871 2798 inde
893 2767 1054 2798 confectis
1077 2766 1209 2806 plenius
1224 2766 1418 2796 continetur
1434 2776 1442 2804 ;
1473 2768 1508 2796 te
1523 2765 1566 2796 ad
1584 2765 1723 2796 Canoni-

342 2815 458 2844 catum
480 2815 516 2844 et
539 2811 749 2843 Prebendam
772 2810 941 2851 predictos
963 2810 1189 2848 admittimus,
1214 2811 1250 2840 et
1274 2818 1333 2849 per
1356 2808 1474 2839 birreti
1497 2808 1605 2839 nostri
1621 2808 1723 2840 tradi-

186 2886 197 2907 ¹
222 2888 291 2920 Fol.
309 2885 349 2919 5³>
370 2887 523 2918 contains
545 2897 565 2917 a
582 2887 701 2918 Letter
724 2885 862 2916 written
880 2885 923 2925 by
1035 2883 1248 2924 Stapeldon's
1267 2882 1354 2914 Will.
1404 2882 1420 2913 I
1436 2881 1521 2912 have
1537 2881 1674 2922 printed
1695 2882 1726 2914 it

228 2931 352 2972 Bishop
370 2930 575 2962 Graudisson
598 2929 632 2960 in
658 2929 752 2967 1328,
772 2927 923 2959 contain-
1033 2926 1067 2957 in
1096 2926 1219 2966 Bislwp
1250 2925 1481 2957 Grandisaon's
1511 2925 1663 2965 Reyister,
1694 2937 1724 2966 p.

227 2974 286 3016 ing
321 2984 342 3006 a
379 2973 458 3015 long
496 2976 630 3005 extract
672 2972 760 3003 from
798 2970 924 3011 Bishop
1035 2968 1131 3003 1557.
