1988 3256
449 355 745 390 REGISTRUM
781 355 1251 391 COMMUNE—ANNO
1289 343 1350 390 5⁰.
1596 344 1691 388 349

140 453 218 482 Α·Ῑ)-
301 459 406 492 Beate
428 460 544 501 Marie,
560 461 650 493 infra
671 461 860 493 Manen-ium
884 461 1034 503 ipsorum
1058 461 1101 492 de
1123 460 1308 501 Helygane,
1332 460 1367 491 in
1391 458 1553 492 Parochia
1576 459 1693 492 Sancti

140 488 217 550 Ῑγῗῗ·
229 522 254 550 1·
300 503 437 535 Mabani
452 504 513 544 [St.
535 505 674 546 Mabyn]
689 506 827 545 situata,
843 506 878 537 in
896 504 1067 546 presencia
1081 504 1267 536 eorundem
1282 504 1336 535 vel
1351 504 1503 545 ipsorum
1525 503 1667 535 alterius
1683 514 1691 542 3

300 547 464 588 quamdiu
486 549 632 580 Domino
648 549 812 590 placuerit
827 549 1039 580 duraturam.
1207 567 1210 569 -

255 591 356 630 Item,
383 591 509 623 eisdem
538 593 602 632 die,
629 592 710 632 loco,
738 596 775 625 et
802 603 901 635 anno,
930 593 1097 624 Dominus
1126 591 1291 623 concessit
1322 591 1511 623 Licenciam
1542 590 1692 623 Johanni

298 634 444 676 Pybowe
471 640 507 667 et
530 636 606 677 ejus
628 636 735 675 uxori,
752 647 883 668 necnon
906 636 1138 677 Burgensibus
1153 635 1242 667 Ville
1257 635 1300 666 de
1316 636 1537 676 Grauntpont
1560 633 1690 674 [Gram-

292 678 433 719 poundJ,
449 679 594 711 faciendi
609 680 778 711 celebrare
793 680 926 718 Divina,
943 680 976 711 in
994 680 1176 721 presencia,
1199 682 1263 711 etc.
1280 679 1359 719 [i.e.,
1383 689 1500 710 eorum
1523 688 1582 710 seu
1606 678 1690 719 ipso-

298 732 375 753 rum
390 722 551 764 alicujus]
568 733 576 762 ;
599 724 763 763 quamdiu
780 723 927 755 Domino
942 723 1119 764 placuerit.

253 766 353 804 Item,
369 765 508 806 ibidem,
526 767 640 809 xxvjt⁰
655 768 710 799 die
733 768 857 799 mensis
879 770 916 799 et
937 767 1019 799 anni
1041 766 1322 808 supradictorum,
1339 766 1507 798 Dominus
1528 765 1692 798 concessit

294 809 444 841 Roberto
461 811 638 842 Marchant
654 811 843 843 Licenciam
858 811 1014 847 faciendi,
1034 814 1114 849 etc„
1125 810 1160 842 in
1177 810 1348 851 presencia
1363 820 1425 841 sua
1439 814 1475 841 et
1490 809 1605 841 uxoris
1620 820 1690 848 sue,

296 852 330 884 in
358 853 494 894 Capella
517 854 571 886 vel
593 854 750 887 Oratorio
771 855 862 886 infra
883 854 1034 886 Manet-ia
1056 864 1118 885 sua
1140 854 1183 885 de
1205 853 1448 895 Esttodeleghe
1469 856 1506 885 et
1530 853 1630 895 Leye,
1656 853 1691 884 in

296 896 458 929 Parochia
473 898 515 929 de
532 898 764 940 Uppetonpyn
780 899 909 930 situata
925 909 934 938 ;
956 898 1120 940 quamdiu
1135 898 1283 929 Domino
1300 897 1478 938 placuerit.

252 954 308 993 St.
333 955 674 1007 Columb-Major3
701 956 945 1006 Sequestrum
954 957 1163 1006 fructuum
1190 962 1226 994 et
1248 962 1506 1004 proventuum
1525 954 1691 993 Ecclesie

305 1009 352 1047 de
370 1009 515 1049 Sancta
537 1010 724 1050 Columba
742 1012 963 1060 Majore,—

252 1062 352 1102 Item,
370 1064 496 1096 eisdem
511 1065 576 1105 die,
591 1065 673 1105 loco,
690 1068 726 1097 et
747 1076 846 1104 anno,
862 1065 1034 1097 emanavit
1049 1075 1157 1096 unum
1181 1064 1403 1105 Sequestrum
1427 1074 1487 1105 per
1504 1063 1689 1095 Dominum

294 1107 548 1148 interpositum,
566 1109 736 1141 directum
755 1109 896 1141 Officiali
919 1109 1102 1140 Peculiaris
1124 1109 1146 1140 J
1149 1107 1378 1139 urisdiccionis
1401 1107 1436 1139 in
1461 1108 1631 1139 Cornubia
1653 1112 1689 1139 et

296 1151 540 1184 Archidiacono
554 1153 691 1191 ibidem,
707 1163 837 1184 necnon
853 1153 990 1184 Rectori
1012 1152 1055 1183 de
1079 1152 1203 1184 Sancta
1226 1151 1392 1184 Columba
1416 1151 1555 1192 Majore,
1573 1151 1617 1182 ad
1639 1161 1687 1183 se-

296 1196 542 1235 questrandum
558 1197 670 1228 omnia
685 1197 772 1228 bona
788 1207 855 1238 que
870 1197 1013 1228 fuerunt
1030 1196 1166 1227 Domini
1183 1195 1325 1227 Walteri
1338 1195 1567 1236 [Aldesbyr5],
1580 1205 1690 1235 nuper

296 1239 450 1271 Rectoris
465 1240 508 1271 de
524 1240 648 1272 Sancta
665 1240 831 1273 Columba
853 1240 1028 1281 predicta;
1052 1249 1193 1278 necnon,
1217 1239 1260 1270 ad
1283 1238 1545 1270 custodiendum
1568 1238 1686 1279 hujus-

296 1282 388 1314 modi
404 1283 636 1324 Sequestrum,
653 1288 756 1325 prout
771 1284 922 1324 ipsorum
939 1283 1086 1324 periculo
1099 1283 1132 1314 in
1143 1287 1270 1315 eventu
1280 1282 1451 1314 voluerint
1462 1282 1664 1323 respondere
1679 1294 1687 1321 ;

295 1325 401 1358 donec
432 1327 692 1360 Testamentum
726 1328 810 1359 dicti
844 1327 983 1359 Domini
1007 1327 1156 1366 Walteri,
1179 1327 1207 1358 si
1238 1326 1330 1367 quod
1352 1325 1552 1364 condiderit,
1575 1336 1688 1357 coram

296 1369 369 1409 ipso
396 1370 542 1402 Domino
561 1371 621 1403 ·vel
645 1371 721 1412 ejus
752 1371 958 1403 Cancellario
982 1370 1163 1411 probatum
1186 1370 1302 1409 fuerit,
1326 1374 1363 1401 et
1385 1369 1478 1401 aliud
1500 1380 1604 1410 super
1625 1369 1688 1402 hoc

293 1412 476 1446 habuerint
491 1415 526 1446 in
542 1415 720 1447 mandatis.
770 1415 817 1446 Et
832 1414 960 1446 habent
975 1414 1064 1445 diem
1085 1413 1132 1445 'ad
1155 1413 1413 1445 certificandum
1435 1413 1522 1445 citra
1545 1413 1687 1445 Festum

294 1456 410 1488 Sancti
431 1458 578 1497 Audi-ee,
596 1458 760 1499 Apostoli,
776 1458 930 1499 proximo
950 1457 1022 1499 jam
1038 1457 1207 1489 futurum.

139 1510 219 1571 εἶξα
254 1513 453 1554 Oratories
469 1529 480 1564 ;
507 1516 662 1554 Licence
681 1523 719 1554 to
737 1517 983 1562 celebrate,—

142 1586 210 1606 nen.
255 1568 355 1608 Item,
371 1570 460 1610 apud
480 1570 576 1610 Clist,
592 1569 674 1612 iiijto
696 1570 751 1602 die
774 1570 898 1602 mensis
921 1569 1132 1608 Novembris,
1149 1569 1316 1601 Dominus
1339 1570 1503 1601 concessit
1518 1569 1688 1602 Willelmo

293 1612 518 1652 Lambroune,
543 1614 586 1645 de
609 1614 789 1653 Cornubia,
815 1613 1002 1645 Licenciam
1025 1612 1180 1652 faciendi,
1204 1616 1284 1652 etc„
1313 1613 1349 1644 in
1372 1613 1544 1654 presencia
1566 1623 1627 1645 sua
1650 1617 1686 1645 et

294 1657 409 1688 uxoris
439 1667 509 1696 sue,
541 1658 576 1689 in
607 1658 753 1698 Capellis
783 1657 1011 1689 Maneriorum
1041 1667 1182 1688 suorum
1212 1657 1247 1688 in
1280 1657 1451 1688 Cornubia
1482 1657 1688 1698 ubicumque

293 1700 430 1732 situatis
447 1710 456 1739 ;
479 1701 643 1742 quamdiu
659 1701 806 1733 Domino
822 1700 988 1742 placuerit
1003 1700 1244 1732 tantummodo
1259 1700 1470 1732 duraturam.

250 1756 490 1797 Bridestowe
503 1772 514 1806 3
542 1760 624 1798 Pro
645 1759 808 1808 Capella
827 1759 873 1797 de
891 1759 1147 1801 Sounoua—-

255 1810 356 1852 Item,
372 1813 477 1854 xiiijw
492 1813 556 1851 die,
569 1813 856 1855 contemplacione
871 1813 1031 1844 willelmi
1046 1812 1178 1852 Talbot,
1196 1812 1364 1844 Dominus
1385 1812 1549 1844 concessit
1571 1812 1687 1844 Licen-

294 1856 380 1888 ciam
409 1857 681 1889 inhabitantibus
710 1857 802 1898 apud
833 1857 1012 1895 Sourtone,
1037 1856 1073 1887 in
1100 1856 1261 1887 Parochia
1287 1856 1330 1887 de
1353 1856 1569 1895 Bridestowe,
1596 1857 1688 1897 quod

294 1900 425 1940 possint
446 1901 570 1932 habere
586 1901 805 1933 Sacramenta
820 1903 857 1932 et
873 1900 1137 1932 Sacramentalia
1153 1899 1195 1931 in·
1205 1899 1341 1940 Capella
1356 1900 1492 1939 ibidem,
1509 1900 1687 1941 sepultura

294 1943 476 1976 dumtaxat
491 1947 632 1985 excepta
646 1955 654 1983 ;
677 1944 840 1985 quamdiu
858 1944 1004 1975 Domino
1020 1943 1185 1984 placuerit
1200 1943 1402 1975 duraturam
1419 1954 1427 1982 ;
1451 1944 1544 1983 dum,
1561 1946 1688 1987 tamen,

293 1997 355 2028 per
383 1987 447 2019 hoc
471 1987 606 2029 juribus
635 1988 785 2020 Matricis
808 1987 956 2019 Ecclesie
984 1987 1027 2019 de
1050 1986 1258 2019 Bridestowe
1280 1987 1432 2028 predicta
1457 1987 1687 2028 prejudicium

298 2031 432 2062 nullum
446 2031 517 2063 fiat.

139 2086 193 2148 {23¹5
250 2088 420 2140 Chapels
439 2089 516 2128 aud
539 2089 738 2128 Oratories
754 2102 766 2137 3
794 2088 949 2127 Licence
969 2095 1006 2127 to
1025 2088 1271 2134 celebrate,—

198 2141 206 2149 '
247 2143 348 2182 Item,
365 2143 500 2183 ibidem,
525 2143 583 2184 xxj
607 2143 662 2175 die
686 2143 809 2174 mensis
832 2146 869 2174 et
889 2142 971 2174 anni
993 2142 1312 2183 suprascriptorum,
1331 2141 1499 2174 Dominus
1522 2142 1687 2174 concessit

296 2186 486 2218 Licenciam
513 2187 662 2218 Johanni
685 2186 728 2218 de
752 2186 882 2218 Mohun
908 2186 1064 2226 faciendi,
1089 2188 1169 2225 etc.,
1199 2185 1234 2217 iu
1263 2185 1400 2226 Capella
1429 2186 1500 2217 sive
1530 2186 1687 2218 Oratorio

294 2229 436 2262 Manet-ii
452 2230 495 2262 de
511 2230 690 2262 Bodeneke
706 2229 933 2270 [Radit-nield,
950 2230 986 2261 in
1003 2229 1166 2261 Parochia
1180 2229 1223 2260 de
1240 2229 1420 2270 Lenteglos
1442 2229 1543 2271 juxta
1559 2229 1660 2271 Fawy
1679 2240 1688 2269 3

294 2273 458 2314 quamdiu
475 2274 620 2305 Domino
635 2273 800 2315 placuerit
822 2273 1063 2305 tautummodo
1079 2273 1291 2304 duraturam.

251 2317 351 2354 Item,
367 2317 494 2348 eisdem
517 2317 581 2357 die,
597 2317 678 2357 loco,
695 2320 731 2348 et
752 2327 850 2356 ann0,
875 2317 1042 2348 Dominus
1063 2316 1227 2348 concessit
1251 2316 1439 2348 Lioenoiam
1461 2315 1594 2347 villanis
1617 2316 1687 2348 sive

294 2359 566 2392 inhabitantibus
595 2361 720 2392 Villam
749 2360 792 2391 de
824 2360 1013 2399 Polruwan,
1036 2361 1071 2391 in
1105 2360 1264 2391 Parochia
1293 2359 1336 2391 de
1366 2359 1558 2400 Lenteglos,
1593 2359 1687 2401 quod

294 2403 435 2445 possint,
459 2407 533 2443 etc„
559 2404 594 2435 in
621 2404 757 2445 Capella
783 2404 900 2436 Sancti
927 2403 1111 2436 Salvatoris
1136 2403 1226 2434 infra
1250 2403 1446 2434 Parochiam
1472 2402 1686 2444 predictam;

291 2447 455 2488 quamdiu
472 2447 618 2479 Domino
636 2447 803 2488 placuerit
826 2447 1066 2479 tantummodo
1081 2447 1292 2478 duraturam.

251 2490 352 2530 Item,
370 2490 453 2531 xxiij
477 2491 532 2522 die
554 2491 678 2522 mensis
700 2491 854 2532 predicti,
871 2491 1039 2522 Dominus
1061 2490 1225 2522 concessit
1249 2490 1435 2521 Licenciam
1459 2489 1605 2521 Domino
1628 2490 1685 2521 Jo-

293 2533 399 2565 hanni
421 2533 654 2574 Tycheburne,
671 2534 783 2574 Militi,
800 2538 837 2566 et
859 2534 935 2575 ejus
956 2533 1066 2571 uxori,
1086 2534 1176 2575 quod
1200 2533 1340 2574 possint,
1364 2536 1440 2571 etc,
1456 2533 1491 2564 in
1514 2534 1687 2573 presencia

293 2577 477 2608 eorundem
500 2587 560 2609 seu
582 2588 698 2609 eorum
720 2578 876 2615 alterius,
891 2578 926 2609 in
950 2577 1086 2618 Capella
1108 2577 1151 2608 de
1173 2577 1377 2618 Breyntone,
1400 2577 1435 2608 in
1459 2576 1620 2608 Parochia
1643 2577 1686 2609 de

293 2620 370 2651 Ken
387 2630 395 2658 ;
417 2620 581 2661 quamdiu
597 2621 743 2653 Domino
758 2621 924 2662 placuerit
939 2621 1179 2652 tantummodo
1194 2621 1405 2651 duraturam.
1610 2631 1619 2639 ⁶

252 2663 352 2702 Item,
378 2663 504 2695 eisdem
534 2664 600 2702 die,
628 2664 712 2703 loco,
741 2668 777 2696 et
800 2674 900 2703 anno,
928 2664 1095 2695 Dominus
1124 2663 1288 2695 concessit
1318 2663 1506 2695 Licenciam
1536 2663 1686 2695 Roberto

294 2706 472 2748 Topclyve‚
488 2707 531 2739 de
549 2707 712 2748 Lynham,
729 2708 820 2748 quod
840 2707 955 2749 possit,
973 2710 1048 2746 etc„
1064 2708 1099 2738 in
1114 2707 1286 2748 presencia
1300 2717 1361 2738 sua
1375 2710 1412 2738 et
1435 2707 1548 2738 uxoris
1563 2716 1633 2745 sue,
1649 2707 1683 2738 in

293 2750 431 2791 Capella
441 2749 488 2824 ge
504 2750 669 2792 Lynham,
685 2751 722 2783 in
737 2751 899 2783 Parochia
922 2751 964 2782 de
979 2751 1207 2792 Yalymptone
1225 2749 1448 2791 [Ycalmplon]
1465 2760 1473 2789 ;
1496 2760 1556 2792 per
1577 2760 1686 2782 unum

298 2803 426 2825 annum
467 2797 651 2826 araturam.

249 2850 432 2901 Glasney,
453 2851 524 2890 the
543 2851 759 2902 Collegiate
781 2851 943 2891 Church
963 2853 1005 2890 oi
1020 2865 1029 2898 3
1059 2851 1371 2901 &quem-um,—

252 2904 352 2943 Item,
379 2904 506 2937 eisdem
531 2905 596 2944 die,
624 2905 706 2945 loco,
733 2909 770 2937 et
795 2916 896 2945 anno,
924 2906 1091 2937 Dominus
1115 2905 1342 2946 sequestravit
1367 2904 1480 2936 omnia
1505 2905 1594 2936 bona
1619 2915 1686 2946 que

293 2948 498 2989 Reginaldus
522 2949 622 2989 ealle,
645 2949 842 2990 Prepositus
864 2950 900 2981 in
924 2949 1072 2981 Ecclesia
1096 2948 1280 2990 Collegiata
1303 2948 1419 2981 Sancti
1441 2947 1579 2989 Thome,
1597 2948 1684 2980 Mar-
