1988 3256
469 398 759 438 REGISTRUM
795 400 1257 438 οοΜΜυΝΕ-ΑΝΝΟ
1298 390 1389 437 12⁰.
1610 388 1704 437 457

158 507 237 569 ξέδῐῖ·
274 510 372 549 East
392 510 607 558 D0wne‚—-

158 562 261 603 v01‚'1,
273 565 370 604 Item,
398 565 533 605 ibidem,
557 565 661 597 tercio
684 565 738 597 die
761 565 886 597 mensis
910 565 1115 605 Decembris,
1139 565 1305 598 Dominus
1328 564 1492 597 concessit
1515 564 1703 597 Licenciam

159 610 232 640 [Dss-
310 609 457 641 Domino
474 609 574 641 Petro
590 609 727 649 Perour,
744 609 878 641 Rectori
896 610 1040 642 Ecclesie
1055 609 1098 641 de
1114 609 1276 648 Estdone,
1293 608 1494 641 absentandi
1509 619 1545 640 se
1568 619 1588 639 a
1610 608 1702 640 dicta

159 651 240 708 ⁶³³¹]
308 663 372 684 sua
387 653 534 685 Ecclesia
548 652 712 694 quamdiu
729 653 864 685 steterit
879 653 914 684 in
931 653 1078 694 collegio
1094 653 1232 685 Domini
1243 650 1355 685 ‘nostri
1371 653 1470 694 Regis
1485 653 1528 684 de
1544 652 1701 694 Walyng-

158 685 226 704 ΜΚ
311 696 407 728 forde
423 707 431 735 ;
454 697 548 736 dum,
565 701 690 736 tamen,
707 696 815 728 eidem
834 697 978 728 Ecclesia
994 697 1203 729 deserviatur
1217 697 1433 729 laudabiliter
1454 697 1490 728 in
1507 696 1648 735 Divinis,
1665 706 1703 727 ac

312 740 441 772 edificia
456 741 499 772 ad
516 741 704 772 Rectoriam
726 739 879 781 ejusdem
904 740 1048 772 Ecclesie
1072 741 1278 782 pertinencia
1301 740 1415 772 debite
1437 743 1648 782 reparentur,
1667 743 1702 771 et

311 784 502 816 animarum
517 794 597 816 cura
619 784 746 815 ibidem
769 784 964 815 nullatenus
987 784 1200 825 necligatur3
1224 784 1356 826 proviso
1378 784 1469 825 quod
1493 787 1700 826 procurator,

310 831 374 860 etc.
420 828 466 859 Et
487 828 678 860 relaxatum
700 827 769 859 fuit
790 827 1030 870 quodcumque
1053 829 1274 870 Sequestrum
1297 828 1332 859 in
1354 827 1524 860 fructibus
1547 827 1702 869 ejusdem

312 871 458 904 Ecclesia
473 871 642 903 occasione
656 871 809 903 absencie
823 882 884 903 sue
898 871 1149 913 interpositum.
1189 872 1234 903 Et
1244 871 1411 903 Dominus
1422 871 1576 913 injunxit
1591 871 1701 903 eidem

312 916 414 957 quod,
442 915 582 956 singulis
611 915 718 954 annis,
745 915 891 946 durante
919 915 1074 947 absencia
1093 926 1155 946 sua
1179 915 1388 956 hujusmodi,
1411 915 1447 947 in
1469 925 1701 956 recompensa-

311 960 441 992 cionem
463 959 603 1000 dampni
624 959 776 991 absencie
799 969 868 998 sue,
893 969 996 990 unam
1020 969 1166 990 marcam
1189 959 1279 990 inter
1299 970 1461 1000 pauperes
1484 958 1701 1000 parochianos

311 1014 389 1035 suos
399 1003 501 1035 faciat
509 1003 651 1044 erogari;
667 1001 815 1044 alioquin
827 1002 1026 1043 hujusmodi
1041 1002 1190 1034 Licencia
1201 1002 1266 1034 sibi
1279 1003 1474 1035 nullatenus
1486 1003 1699 1044 suffragetur.

271 1057 732 1109 Lctters-Dimissory,—-

268 1114 378 1154 Roget
400 1112 504 1151 Berzi,
527 1111 626 1151 clerk,
652 1111 727 1143 “ad
750 1122 866 1143 omnes
889 1111 1035 1143 Minores
1058 1122 1142 1153 quos
1165 1112 1318 1144 nondum
1342 1112 1448 1144 fuerit
1463 1116 1647 1152 assecutus,
1665 1116 1701 1144 et

312 1156 417 1188 eciam
434 1156 552 1188 Sacros
567 1155 710 1188 Ordines
723 1155 741 1169 '¹
759 1156 924 1195 (London,
943 1156 983 1187 12
1000 1155 1106 1191 Dec).

269 1200 398 1233 Walter
413 1200 539 1239 Ferers,
556 1199 699 1238 literate,
718 1199 737 1214 “
748 1199 791 1230 ad
806 1209 921 1231 omnes
939 1199 1082 1231 Minores
1098 1198 1250 1232 Ordines.
1301 1199 1347 1231 Et
1362 1199 1569 1241 dispensavit
1585 1211 1699 1233 secum

311 1243 496 1276 literatorie
511 1254 612 1285 super
626 1243 763 1275 deiectu
779 1243 945 1275 natalium
961 1253 1063 1285 quem
1080 1243 1210 1284 patitur
1226 1243 1268 1274 de
1283 1243 1396 1275 soluto
1419 1247 1454 1275 et
1476 1244 1588 1276 soluta
1610 1245 1700 1285 geni·

314 1291 371 1320 tus
382 1287 400 1300 ’'
418 1287 523 1326 (same
538 1286 642 1327 date).

158 1342 511 1403 ffiguitwarkleigh,
533 1342 596 1380 Sir
615 1341 791 1393 Stephen
811 1341 917 1393 Eyr.‚
941 1341 1057 1388 R„—

159 1409 239 1437 Lite·
270 1397 408 1429 Licence
423 1397 459 1428 of
474 1396 727 1428 non-residence
742 1396 794 1427 for
809 1406 829 1427 a
850 1406 940 1436 year,
961 1395 1277 1436 “contemplacione
1302 1395 1440 1428 Domini
1463 1396 1542 1428 Foci
1566 1397 1701 1438 Corbet,

161 1453 230 1477 ram,
313 1440 440 1478 Militis,
457 1440 549 1479 dum,
562 1443 685 1478 tamen,
702 1439 836 1471 steterit
850 1439 886 1471 in
901 1439 1070 1481 obsequiis
1085 1439 1155 1470 suis
1171 1450 1230 1480 per
1244 1439 1335 1471 idem
1349 1444 1485 1481 tempus
1498 1440 1516 1453 '⁸'
1534 1441 1700 1482 (London,

161 1487 266 1538 ”sefrevile
315 1484 355 1516 15
381 1484 484 1523 Dec.).
531 1483 600 1523 [Sir
617 1483 704 1515 Fulk
721 1483 847 1515 Corbet
862 1494 869 1516 :
893 1483 912 1498 ‘⁴
926 1483 1034 1514 Focus
1047 1483 1065 1495 ”
1082 1483 1110 1514 is
1125 1493 1144 1514 a
1160 1482 1293 1515 curicus
1309 1483 1396 1516 form
1413 1484 1448 1515 of
1465 1484 1482 1499 “
1496 1484 1648 1526 Fulc0.'']

270 1545 562 1585 Michaelstowe
578 1556 589 1592 ;
618 1543 894 1590 Relaxacio,——

270 1601 370 1639 Item,
386 1599 522 1637 ibidem,
539 1598 655 1630 eodem
670 1598 733 1637 die,
752 1598 918 1629 Dominus
933 1597 1096 1630 relaxavit
1113 1598 1333 1640 sequestrum
1355 1598 1437 1630 alias
1460 1598 1495 1631 in
1518 1599 1697 1640 fructibus,

310 1647 387 1682 etc,
405 1642 550 1674 Ecclesie
564 1642 606 1673 de
622 1641 861 1683 Mighelstowe,
877 1641 978 1673 certis
993 1652 1035 1674 ex
1049 1642 1167 1681 causis,
1180 1645 1216 1673 et
1232 1642 1376 1674 maxime
1392 1646 1530 1684 propter
1544 1643 1699 1676 defectus

313 1687 460 1719 notor-ios
489 1685 705 1717 imminentes
734 1685 768 1716 in
802 1685 956 1717 Cancello
985 1686 1076 1717 dicte
1113 1686 1269 1724 Ecclesie‚
1299 1686 1539 1727 interpositum
1558 1697 1566 1723 ς
1603 1688 1697 1727 dum,

313 1735 437 1770 tamen,
454 1730 537 1762 dicti
552 1729 705 1761 defectus
722 1729 835 1761 debite
858 1733 1057 1770 reparentur
1081 1729 1166 1761 citra
1190 1729 1329 1761 Festum
1352 1729 1523 1762 Michaelis
1547 1732 1699 1772 proximo

317 1776 484 1807 futurum.

271 1834 469 1889 [Bosham,
491 1834 560 1873 the
581 1833 721 1884 King’s
740 1833 838 1872 Free
857 1833 1006 1884 Chapel
1025 1834 1133 1880 os,—

270 1890 442 1929 niem-dus,
460 1888 522 1921 Dei
544 1888 654 1929 gracia
676 1888 748 1920 Rex
765 1887 884 1929 Anglie
906 1891 942 1919 et
968 1887 1113 1927 Francie,
1131 1890 1166 1919 et
1189 1887 1355 1920 Dominus
1380 1888 1550 1928 Hibernie,
1567 1889 1699 1922 dilectis

312 1934 377 1965 sibi
399 1932 595 1965 vicecomiti
624 1935 740 1963 nostro
770 1931 926 1963 Sussexie
958 1934 994 1963 et
1017 1931 1184 1963 Willelmo
1215 1931 1474 1973 Fraunkeleyn,¹
1498 1933 1698 1965 salutem.—

313 1977 431 2010 Sciatis
447 1977 548 2018 qnod,
559 1986 637 2007 cum
654 1974 788 2016 Capella
803 1975 845 2007 de
861 1975 1025 2006 Boseham
1044 1975 1162 2006 Libera
1178 1975 1312 2016 Capella
1327 1979 1443 2007 nostra
1457 1977 1592 2016 existat,
1605 1980 1640 2009 et
1652 1978 1699 2013 ¹ab

312 2021 403 2053 omni
420 2019 655 2062 jurisdiccione
670 2018 838 2050 ordinaria
860 2018 1022 2050 immunis
1045 2019 1180 2059 penitus
1203 2023 1239 2050 et
1260 2023 1426 2060 exempta,
1443 2020 1569 2061 absque
1592 2021 1698 2052 hoc—

312 2065 403 2106 quod
422 2063 588 2096 Dominus
611 2064 773 2095 Summus
789 2062 946 2094 Pontifex
968 2062 1010 2094 de
1033 2062 1283 2096 Provisionibus
1305 2067 1366 2094 aut
1389 2063 1633 2096 Collacionibus
1655 2065 1698 2096 de

313 2108 448 2149 Capella
464 2107 612 2148 predicta
626 2110 687 2138 aut
704 2106 885 2138 Prehendis
907 2106 942 2137 in
965 2105 1082 2137 eadem
1105 2105 1331 2138 existentibus
1353 2107 1465 2148 aliquo
1488 2110 1639 2149 tempore
1662 2119 1697 2140 se

311 2151 505 2189 intromisit,
521 2154 583 2182 aut
597 2150 824 2181 intromittere
840 2149 970 2188 debeat,
988 2150 1107 2191 quovis
1131 2150 1230 2181 modo
1246 2160 1255 2189 3
1278 2161 1315 2181 ac
1337 2150 1407 2191 jam
1431 2151 1697 2183 intellexerimus

312 2196 404 2237 quod
419 2195 570 2237 quidam,
588 2194 652 2225 Jus
668 2197 824 2225 nostrum
848 2193 990 2234 Regium
1013 2203 1051 2224 ac
1072 2193 1150 2234 jura
1172 2197 1207 2224 et
1231 2194 1402 2234 privilegia
1425 2195 1559 2235 Capelle
1582 2199 1696 2227 nostre

313 2239 462 2280 predicte
484 2238 681 2279 impugnare
707 2236 946 2275 machinantes,
970 2236 1101 2268 diversa
1131 2237 1296 2268 Beneficia
1321 2237 1356 2268 in
1380 2238 1514 2279 Capella
1536 2239 1695 2279 predicta,

311 2281 433 2314 colore²
455 2281 666 2323 quarundam
691 2280 924 2312 Provisionum
947 2291 1006 2321 per
1028 2280 1213 2311 Dominum
1235 2281 1416 2312 Summum
1441 2283 1638 2314 Pontificem
1660 2283 1695 2314 in

312 2326 418 2358 nostri
434 2324 657 2366 prejudicium
673 2324 719 2355 sic
734 2323 847 2355 minus
860 2323 952 2364 juste
968 2323 1015 2355 eis
1030 2323 1206 2363 factarum,
1222 2327 1428 2365 attemptare
1449 2325 1643 2365 intendunt,
1660 2326 1695 2357 iu

310 2369 417 2401 nostri
432 2373 468 2401 et
483 2368 576 2400 Juris
590 2367 697 2399 nostri
715 2367 808 2407 Regii
824 2366 1050 2407 prejudicium
1066 2370 1101 2398 et-
1118 2366 1247 2398 Cor'one
1270 2371 1384 2399 nostre
1406 2369 1567 2401 lesionem
1590 2370 1694 2401 mani-

311 2415 444 2452 festam,
460 2415 496 2443 et
510 2411 724 2452 aliter-qnam
747 2410 782 2441 in
806 2410 1004 2451 hujusmodi
1026 2410 1171 2451 capellis
1194 2410 1317 2442 nost-ris
1340 2411 1502 2443 hactenus
1526 2413 1597 2444 fieri
1619 2424 1695 2445 con·

312 2456 424 2488 suevit
440 2466 448 2494 ;
471 2466 541 2494 nos,
557 2454 707 2485 volentes
723 2454 807 2485 Jura
830 2457 943 2484 nostra
966 2453 1077 2494 Regia,
1096 2456 1198 2494 prout
1214 2454 1346 2485 vinculo
1368 2454 1553 2495 juramenti
1575 2457 1695 2488 astrin-

312 2500 432 2540 gimur,
450 2499 485 2530 in
501 2498 657 2530 omnibus
673 2497 850 2536 observari,
866 2497 1108 2537 assignavimus
1124 2507 1182 2528 vos
1205 2497 1248 2528 ad
1270 2508 1386 2529 omnes
1409 2499 1484 2530 illos
1507 2499 1565 2540 qui
1591 2500 1695 2532 Privi-

312 2543 398 2584 legia
420 2542 513 2574 Juris
537 2542 665 2573 Corone
687 2543 810 2578 nostre,
833 2540 958 2571 colore²
980 2540 1178 2581 hujusmodi
1202 2540 1435 2573 Provisionum
1458 2542 1493 2573 in
1516 2543 1579 2574 hac
1602 2547 1697 2584 parte

312 2587 510 2628 impugnare
540 2583 814 2626 presumpserint,
841 2583 955 2624 [juxta
976 2584 1119 2614 formam
1150 2583 1382 2616 Ordinacionis
1406 2586 1639 2618 Provisionum
1662 2591 1698 2618 et

313 2631 529 2662 statutorum
546 2628 624 2659 inde
636 2625 847 2668 editorum],³
861 2627 933 2658 sine
948 2627 1110 2658 dilacione
1124 2628 1328 2666 arestandos,
1346 2633 1382 2659 et
1397 2639 1452 2660 eos
1468 2640 1578 2661 coram
1602 2630 1698 2661 nobis

312 2677 348 2704 et
371 2672 518 2705 Concilio
533 2674 650 2703 nostro
671 2671 749 2702 duci
773 2670 950 2708 faciendos,
967 2670 1009 2701 ad
1032 2670 1302 2710 respondendum
1325 2681 1426 2712 snper
1447 2673 1699 2714 contemptibus

313 2716 409 2748 nobis
424 2719 460 2748 et
477 2716 604 2747 Corone
620 2718 733 2746 nostre
749 2713 783 2745 in
800 2713 862 2744 hac
877 2717 971 2754 parte
987 2713 1198 2754 perpetratis.
1237 2714 1284 2745 Et
1298 2714 1373 2745 ideo
1389 2715 1482 2747 vobis
1499 2718 1699 2748 mandamus

317 2760 408 2801 quod
424 2760 509 2791 circa
525 2757 685 2799 premissa
700 2757 893 2796 intendatis,
910 2759 945 2788 et
960 2767 998 2788 ea
1013 2756 1143 2788 faciatis
1158 2759 1193 2788 et
1208 2758 1420 2798 exequamini
1444 2758 1479 2790 in
1502 2759 1610 2791 forma
1625 2770 1698 2801 pre-

314 2803 414 2836 dicta.
451 2803 491 2834 In
507 2802 606 2843 cujus
621 2801 669 2832 rei
685 2800 919 2832 testimoninm
932 2799 991 2831 has
1002 2799 1131 2831 Literas
1144 2803 1274 2832 nostras
1290 2801 1361 2832 fieri
1376 2801 1518 2834 fecimus
1534 2806 1700 2843 patentes
1715 2818 1719 2821 ·

164 2890 175 2909 ¹
192 2890 308 2921 Above
339 2888 397 2919 the
423 2887 500 2927 line,
527 2886 658 2918 instead
683 2885 719 2916 oi
745 2885 905 2916 “Thome
970 2883 984 2903 ³
999 2884 1070 2916 The
1086 2885 1194 2916 words
1211 2884 1328 2916 within
1347 2886 1499 2919 brackets
1521 2898 1577 2919 are
1600 2888 1701 2920 inter-

209 2931 345 2970 Haket‚'
373 2930 489 2963 struck
505 2933 576 2962 out.
1015 2928 1115 2960 lined.

160 2974 174 2995 ⁸
190 2975 328 3009 Altered
336 2976 346 3015 (
350 2975 453 3006 above
464 2973 522 3006 the
532 2973 612 3013 line)
620 2971 904 3005 from“racione.”
