1988 3256
482 377 771 413 REGISTRUM
798 377 1014 414 COMMUN
1023 377 1257 412 s-ANNo
1286 368 1379 413 13⁰.
1592 366 1686 412 489

141 483 176 508 Α·
182 482 216 508 Π·
254 484 416 524 Thomas,
432 488 498 517 etc.
517 484 821 526 [Archidiaconis]
841 486 983 525 Exonie,
999 488 1077 525 etc.‚
1094 488 1130 517 et
1147 496 1268 517 eorum
1286 485 1509 524 officialibus,
1523 485 1684 524 salutem,

139 517 234 542 13823

143 549 203 575 v01.
226 553 247 577 1.

253 1831 609 1870 Milton-Damarel
626 1845 636 1878 3
666 1831 879 1868 Relaxacio
899 1830 1168 1893 Sequestrif—

296 532 362 561 etc.
366 511 572 562 —blamosa
588 530 869 571 fidedignorum'
859 531 1098 562 msinuacione
1115 530 1160 561 ad
1175 532 1336 561 nostrum
1349 530 1509 570 pervenit
1525 530 1686 561 auditum

296 574 388 614 quod
404 575 561 606 nonnulli
578 575 849 606 elemosinarum
865 578 1055 615 questores,
1072 575 1166 605 infra
1182 577 1322 605 nostras
1339 575 1528 605 Civitatem
1552 576 1588 605 et
1606 574 1684 605 Dio-

297 619 404 650 cesim
432 619 573 658 Exonie,
599 620 636 650 in
660 619 887 650 multitudine
909 619 1098 657 excessiva,
1122 619 1308 656 abusiones
1330 619 1446 650 varias
1470 619 1685 649 seminantes

297 663 411 695 colore
428 663 627 695 Ditem-rum
651 665 814 695 fictarum
838 674 900 695 seu
921 664 1142 702 falsatarum,
1159 674 1230 694 non
1254 663 1328 694 sine
1345 664 1455 694 multe
1472 663 1685 694 temeritatis

296 708 444 739 audacia
459 710 495 739 et
511 708 719 748 decepcione
735 708 920 748 multiplici
936 708 1145 747 animarum,
1163 707 1411 747 Indulgencias
1434 707 1562 748 populo
1585 710 1685 738 motu

298 761 360 782 suo
383 753 524 792 proprio
547 753 590 784 de
613 752 711 784 facto
735 753 942 792 concedunt,
971 763 1076 792 super
1102 752 1194 783 votis
1219 752 1435 792 dispensant,
1463 762 1484 783 a
1508 752 1683 793 perjuriis,

297 796 503 836 homicidiis,
525 799 562 828 et
587 797 741 837 peccatis
766 797 844 828 aliis
870 797 1067 835 absolvunt,
1093 797 1185 827 male
1210 796 1330 827 ablata
1359 796 1496 827 incerta
1523 796 1608 827 data
1635 796 1685 827 eis

297 841 414 881 aliqua
428 842 574 881 pecunie
591 842 790 882 quantitate
806 841 1008 880 remittunt,
1022 844 1058 872 et
1070 841 1207 872 animas
1222 843 1410 881 parentum
1419 841 1475 871 vel
1491 841 1685 871 amicorum

298 885 437 916 illorum
453 886 511 926 qui
528 886 737 917 elemosinas
753 886 803 917 eis
819 885 1006 916 conferunt
1016 886 1059 916 de
1070 885 1289 925 Purgatorio‚
1306 887 1346 916 ut
1362 888 1526 916 asserunt
1542 885 1684 916 menda-

297 929 395 968 citer,
412 929 614 969 extrahunt,
630 933 667 961 et
683 930 732 961 sic
748 933 784 961 et
800 930 887 961 alias
902 940 966 970 per
981 930 1149 961 nonnulla
1165 929 1292 960 frivola
1305 932 1340 960 et
1351 930 1535 960 mendacia
1545 932 1685 960 nostros
1731 934 1734 936 ’

298 974 456 1005 subditos
472 974 661 1014 decipiunt,
685 977 722 1006 et
745 974 789 1005 ab
812 974 862 1005 eis
886 984 1034 1014 magnas
1058 974 1286 1014 pecuniarum
1303 983 1459 1004 summas
1475 976 1685 1014 extorquent

298 1018 417 1049 subtili
443 1018 585 1058 ingenio
612 1019 656 1049 ab
682 1019 825 1057 eisdem,
849 1019 886 1049 in
910 1018 1108 1050 animarum
1132 1028 1276 1049 suarum
1299 1028 1407 1058 grave
1430 1018 1625 1058 periculum
1649 1021 1685 1049 et

298 1063 502 1094 scandalum
528 1063 769 1103 plurimorum.
827 1063 944 1101 Vobis,
970 1063 1089 1102 igitur,
1118 1063 1382 1101 committimus,
1414 1065 1491 1101 etc.‚
1519 1063 1685 1103 quatinus

298 1107 459 1138 omnibus
479 1108 620 1139 Curatis
635 1110 671 1139 et
687 1108 765 1138 aliis
788 1107 938 1138 subditis
960 1107 1091 1138 nostris
1113 1107 1302 1138 inhibeatis
1325 1109 1361 1137 et
1377 1107 1528 1138 inhiberi
1544 1107 1686 1138 faciatis

297 1162 339 1182 ex
355 1154 455 1191 parte
471 1154 603 1191 nostra,
619 1152 714 1183 infra
730 1151 1046 1183 Archidiaconatus
1062 1154 1198 1183 vestros
1221 1151 1433 1190 constitutiS,
1450 1154 1624 1192 quatenus
1640 1151 1686 1182 ad

298 1199 455 1226 vestrum
472 1196 627 1236 singulos
643 1196 772 1227 attinet
787 1196 823 1226 in
841 1197 906 1227 hac
922 1198 1034 1236 parte,
1050 1196 1198 1236 publice,
1215 1198 1289 1226 tam
1307 1195 1342 1225 in
1357 1195 1529 1235 Capitulis
1545 1206 1608 1236 per
1624 1206 1685 1226 vos

298 1240 516 1271 celebrandis
531 1251 636 1281 quam
653 1241 736 1271 alibi
752 1240 812 1271 ubi
828 1240 1016 1280 expediens
1031 1250 1107 1271 esse
1124 1240 1292 1278 videritis,
1304 1251 1348 1270 ne
1363 1240 1470 1280 aliqui
1483 1240 1685 1281 hujusmodi

297 1285 530 1325 questoribus,
554 1287 673 1316 nostre
699 1285 904 1316 Exoniensis
929 1285 1082 1315 Ecclesie
1105 1285 1291 1315 dumtaxat
1314 1284 1479 1324 exceptis,
1503 1284 1570 1315 nisi
1593 1285 1684 1324 Apo-

299 1329 439 1360 stolicas
455 1329 667 1360 sufficientes
683 1330 738 1360 vel
754 1332 894 1360 nostras
911 1329 1058 1368 Literas,
1075 1339 1182 1360 manu
1198 1331 1235 1359 et
1251 1329 1444 1359 munimine
1460 1329 1591 1359 nostris
1607 1339 1684 1369 pro-

299 1373 384 1413 priis
401 1374 465 1404 sub
480 1374 572 1414 plica
587 1374 778 1405 earundem
796 1374 964 1413 signatas,
980 1383 1051 1404 una
1067 1383 1147 1404 cum
1163 1373 1392 1413 impressione
1409 1373 1504 1404 anuli
1521 1373 1632 1404 nostri
1648 1373 1686 1403 in

300 1417 403 1448 dorso
419 1418 524 1458 sigilli
541 1418 668 1449 Literis
684 1418 886 1458 hujusmodi
902 1417 1064 1458 appositi,
1075 1420 1239 1457 patenter
1251 1417 1484 1456 exhibuerint,
1497 1418 1684 1458 quomodo-

299 1461 385 1492 libet
401 1462 604 1493 admittant.
652 1462 697 1492 Et
714 1462 750 1492 in
766 1472 850 1493 casu
865 1472 932 1502 quo
947 1462 1170 1502 Apostolicas
1185 1462 1240 1492 vel
1256 1464 1396 1492 nostras
1413 1461 1549 1492 Literas
1565 1461 1684 1502 hujus-

300 1506 394 1536 modi
405 1507 508 1537 modo
518 1517 586 1547 quo
597 1507 816 1546 premittitur
827 1506 1048 1537 exhibuerint
1061 1506 1284 1545 sufficienter,
1292 1506 1343 1536 eis
1353 1505 1503 1537 inhiberi
1514 1506 1685 1544 volumus,

300 1550 390 1581 sicut
407 1553 442 1581 et
459 1553 580 1582 tenore
597 1551 822 1582 Presencium
845 1550 1054 1589 inhibemus,
1078 1560 1122 1581 ne
1145 1550 1228 1591 qnid
1251 1550 1379 1590 populo
1402 1550 1503 1581 nobis
1527 1550 1686 1591 subjecto

299 1595 490 1634 predicare,
514 1598 576 1626 aut
603 1595 698 1626 aliud
722 1605 894 1635 exponere
917 1597 1123 1634 presumant
1147 1605 1252 1635 quam
1276 1594 1477 1626 continetur
1499 1594 1535 1624 in
1559 1595 1686 1626 Literis

301 1639 522 1679 supradictis.
569 1639 624 1677 Et,
642 1639 670 1670 si
687 1639 903 1670 contrarium
919 1639 1079 1677 fecerint,
1105 1639 1242 1669 Literas
1264 1642 1404 1670 nostras
1428 1638 1478 1670 eis
1501 1649 1694 1672 concessas,

300 1683 336 1713 in
353 1683 419 1714 hac
434 1686 545 1723 parte,
561 1684 616 1714 vel
633 1684 669 1714 in
685 1686 865 1723 posterum
889 1683 1140 1722 concedendas,
1163 1683 1238 1723 ipso
1261 1683 1357 1714 facto
1381 1693 1500 1714 carere
1523 1684 1685 1714 volumus

299 1728 395 1758 omui
411 1728 534 1758 robore
551 1727 740 1766 firmitatis,
757 1730 823 1759 etc.
871 1727 917 1758 Et
933 1727 1015 1767 quid
1031 1727 1198 1766 feceritis,
1209 1730 1286 1767 etc.‚
1303 1727 1505 1758 certificetis
1521 1738 1595 1766 nos,
1606 1731 1683 1767 etc.‚

298 1771 388 1803 citra
404 1772 623 1811 Quindenam
641 1772 784 1810 Pasche,
801 1774 868 1803 etc.
888 1770 1054 1812 (without
1070 1769 1182 1812 date).

298 1934 380 1969 tem,
397 1932 601 1971 etc—Quia
617 1942 680 1962 nos
698 1932 923 1972 Sequestrum
941 1931 1027 1962 alias
1043 1931 1080 1961 in
1104 1931 1204 1961 bonis
1227 1941 1294 1971 que
1318 1931 1489 1962 Dominus
1509 1932 1684 1962 Walterus

298 1975 541 2015 Wollecombe,
568 1976 695 2007 Rector
718 1976 802 2006 dum
826 1975 913 2006 vixit
938 1975 1091 2006 Ecclesie
1117 1975 1330 2006 Parochialis
1353 1975 1396 2006 de
1421 1976 1567 2007 Miltone
1591 1976 1682 2006 Dau-

297 2020 417 2058 max-le,
441 2020 653 2051 auctoritate
677 2022 799 2051 nostra
821 2020 1079 2060 interpositum,
1105 2022 1179 2050 tam
1202 2019 1343 2059 propria
1365 2030 1470 2060 quam
1503 2020 1684 2051 Prioratus

299 2064 535 2095 Tottonieusis
551 2065 713 2104 optinuit,
730 2064 836 2095 certis
852 2075 894 2095 ex
910 2064 1024 2095 causis
1040 2063 1203 2094 duximus
1226 2064 1465 2102 relaxandum,
1483 2064 1574 2095 sicut
1597 2065 1685 2095 illud

297 2112 418 2140 tenore
436 2109 660 2140 Presencium
684 2109 892 2146 relaxamus,
909 2108 1007 2139 vobis
1023 2108 1277 2139 committimus
1293 2111 1328 2139 et
1345 2109 1555 2140 mandamus
1571 2109 1683 2149 quati-

297 2163 363 2183 nus
379 2153 537 2194 ejusdem
550 2153 727 2193 Sequestri
739 2153 995 2185 relaxacionem
1008 2162 1071 2192 pro
1083 2153 1247 2192 congruis
1259 2152 1334 2183 loco
1347 2155 1383 2183 et
1395 2155 1552 2193 tempore
1567 2153 1684 2184 debite

297 2197 492 2237 publicetis,
509 2200 576 2229 etc.
596 2196 761 2238 (without
777 2195 889 2237 date).

147 2251 219 2277 Fan
253 2251 426 2289 Letters-
413 2252 720 2302 -Dimissory,—

144 2293 238 2311 {QUAR-

145 2327 202 2345 ius.

142 2353 189 2378 fol.

144 2386 221 2413 104b.

251 2306 403 2338 'lhomas
418 2307 606 2347 Wyndont,
622 2306 753 2345 clerk‚‘
757 2306 821 2337 ‘ad
836 2316 958 2337 omues
975 2308 1048 2337 tam
1066 2306 1218 2337 Minores
1234 2316 1340 2347 quam
1358 2306 1482 2337 Sacros
1505 2306 1654 2338 Ordines
1665 2306 1683 2319 ''

302 2350 404 2391 (East
423 2351 582 2392 Horsley,
602 2352 642 2381 13
661 2349 772 2391 Feb).

254 2410 354 2448 Case
373 2410 415 2448 of
432 2410 585 2448 assault
601 2423 611 2457 ;
633 2410 785 2448 Contra
804 2409 1010 2447 inicient&
1029 2422 1175 2446 manus
1194 2409 1384 2446 violentas
1399 2409 1445 2446 in
1459 2409 1685 2447 Johannem

309 2464 512 2510 Calesteke,
529 2464 801 2513 presbiterum,
810 2487 855 2492 —

1157 2518 1385 2525 ·····

255 2520 417 2558 Thomas,
445 2522 523 2557 etc.‚
551 2519 697 2551 Officiali
723 2522 841 2550 nostre
867 2518 1058 2550 Peculiaris
1087 2519 1108 2549 J
1112 2519 1351 2550 urlsdiccloms
1375 2529 1412 2549 in
1439 2519 1615 2551 Cornubia
1642 2531 1684 2551 ac

301 2564 474 2604 Perpetuo
490 2544 630 2595 V'icario
646 2564 800 2595 Ecclesie
823 2563 1036 2594 Parochialis
1061 2563 1181 2594 Sancti
1207 2563 1376 2602 Gluviaci,
1393 2564 1554 2602 salutem,
1572 2566 1637 2595 etc.
1641 2582 1684 2585 —

301 2608 545 2639 Insinuacione
575 2600 760 2647 fidedigna
782 2608 936 2639 clamosa
965 2607 1125 2638 dolenter
1149 2607 1372 2647 concepimus
1401 2607 1495 2648 quod
1525 2608 1683 2638 nonnulli

301 2652 411 2683 nostri
435 2652 577 2691 subditi,
593 2662 742 2692 quornm
765 2652 908 2682 nomina
931 2655 968 2682 et
991 2661 1158 2691 personas
1181 2651 1322 2691 penitus
1345 2652 1559 2691 ignoramus,
1577 2663 1682 2692 quen—

300 2696 382 2727 dam
397 2696 417 2727 J
420 2696 594 2727 ohannem
613 2696 806 2734 Calesteke,
822 2695 1067 2736 presbiterum,
1085 2697 1121 2726 et
1137 2695 1173 2725 in
1189 2695 1407 2735 possessione
1424 2696 1683 2727 Presbiteratus

301 2740 436 2771 notorie
467 2740 687 2778 existentem,
719 2740 947 2780 habitumque
978 2742 1015 2770 et
1046 2742 1228 2770 tonsuram
1259 2740 1506 2779 presbiterales
1544 2740 1700 2780 publice>

300 2787 492 2824 gerentem,
509 2785 602 2824 apud
626 2783 753 2815 Villam
778 2784 820 2815 de
847 2784 997 2824 Penryn,
1024 2783 1061 2813 in
1084 2793 1167 2814 casu
1191 2783 1241 2814 eis
1265 2794 1286 2814 a
1307 2783 1385 2824 jure
1409 2794 1479 2814 non
1502 2784 1682 2824 permisso,

301 2831 479 2868 ceperunt,
496 2831 532 2859 et
548 2839 639 2866 eum,
656 2839 727 2859 non
751 2828 880 2869 absque
904 2837 1073 2858 manuum
1097 2827 1331 2858 violentarum
1356 2827 1558 2868 injeccione,
1577 2828 1682 2859 duxe-

300 2875 393 2910 runt,
409 2882 472 2912 per
487 2872 616 2903 Villam
632 2873 838 2913 predictam,
855 2872 899 2903 ad
915 2871 1091 2912 quandam
1109 2871 1256 2902 Crucem
1273 2871 1309 2901 in
1326 2871 1382 2902 via
1397 2872 1537 2911 publica
1552 2872 1682 2904 ibidem

299 2919 464 2955 erectam,
481 2927 522 2948 ac
537 2917 652 2956 ipsum
676 2917 721 2947 ad
743 2917 891 2948 eandem
915 2915 1155 2952 inhumaniter
1176 2918 1213 2946 et
1237 2915 1450 2947 horribiliter
1472 2916 1681 2956 ligaverunt,

299 2961 336 2991 in
361 2961 559 2992 animarum
583 2971 726 2992 suarum
750 2970 857 3001 grave
884 2960 1078 3001 periculum
1103 2959 1256 3000 dictique
1280 2960 1465 3000 presbiteri
1489 2960 1682 3001 dampnum
