<?xml version="1.0" encoding="UTF-8"?>
<!DOCTYPE html PUBLIC "-//W3C//DTD XHTML 1.0 Transitional//EN"
    "http://www.w3.org/TR/xhtml1/DTD/xhtml1-transitional.dtd">
<html xmlns="http://www.w3.org/1999/xhtml" xml:lang="en" lang="en">
 <head>
  <title>
</title>
<meta http-equiv="Content-Type" content="text/html;charset=utf-8" />
  <meta name='ocr-system' content='tesseract 3.04.00' />
  <meta name='ocr-capabilities' content='ocr_page ocr_carea ocr_par ocr_line ocrx_word'/>
</head>
<body>
  <div class='ocr_page' id='page_1' title='image "./registerofthomas01hinguoft/registerofthomas01hinguoft_0300.png"; bbox 0 0 1988 3256; ppageno 0'>
   <div class='ocr_carea' id='block_1_1' title="bbox 292 363 1629 408">
    <p class='ocr_par' dir='ltr' id='par_1_1' title="bbox 292 363 1629 408">
     <span class='ocr_line' id='line_1_1' title="bbox 292 363 1629 408; baseline 0 -1"><span class='ocrx_word' id='word_1_1' title='bbox 292 363 388 408; x_wconf 85' lang='lat'><strong>282</strong></span> <span class='ocrx_word' id='word_1_2' title='bbox 492 374 593 408; x_wconf 80' lang='lat' dir='ltr'><strong>THE</strong></span> <span class='ocrx_word' id='word_1_3' title='bbox 627 372 874 408; x_wconf 78' lang='lat' dir='ltr'>REGISTER</span> <span class='ocrx_word' id='word_1_4' title='bbox 908 374 971 406; x_wconf 76' lang='lat' dir='ltr'><strong>oF</strong></span> <span class='ocrx_word' id='word_1_5' title='bbox 1005 373 1185 407; x_wconf 84' lang='lat' dir='ltr'>BISHOP</span> <span class='ocrx_word' id='word_1_6' title='bbox 1219 363 1629 408; x_wconf 64' lang='lat' dir='ltr'>B&#39;RANTYNGHAM.</span> 
     </span>
    </p>
   </div>
   <div class='ocr_carea' id='block_1_2' title="bbox 289 471 1834 574">
    <p class='ocr_par' dir='ltr' id='par_1_2' title="bbox 289 471 1834 574">
     <span class='ocr_line' id='line_1_2' title="bbox 289 471 1833 521; baseline 0.001 -10"><span class='ocrx_word' id='word_1_7' title='bbox 289 477 366 505; x_wconf 64' lang='grc' dir='ltr'><strong>ΑΛ)-</strong></span> <span class='ocrx_word' id='word_1_8' title='bbox 448 479 549 519; x_wconf 91' lang='lat' dir='ltr'><strong>modi,</strong></span> <span class='ocrx_word' id='word_1_9' title='bbox 579 481 679 521; x_wconf 84' lang='lat' dir='ltr'><strong>prout</strong></span> <span class='ocrx_word' id='word_1_10' title='bbox 705 480 865 521; x_wconf 80' lang='lat' dir='ltr'><strong>premissa</strong></span> <span class='ocrx_word' id='word_1_11' title='bbox 894 479 983 520; x_wconf 89' lang='lat' dir='ltr'><strong>ipsos</strong></span> <span class='ocrx_word' id='word_1_12' title='bbox 1006 481 1222 519; x_wconf 72' lang='lat' dir='ltr'>concernunt,</span> <span class='ocrx_word' id='word_1_13' title='bbox 1245 479 1469 512; x_wconf 88' lang='lat' dir='ltr'><strong>communiter</strong></span> <span class='ocrx_word' id='word_1_14' title='bbox 1490 478 1542 511; x_wconf 85' lang='lat' dir='ltr'><strong>vel</strong></span> <span class='ocrx_word' id='word_1_15' title='bbox 1565 479 1710 520; x_wconf 75' lang='lat' dir='ltr'>divisim,</span> <span class='ocrx_word' id='word_1_16' title='bbox 1735 471 1833 512; x_wconf 83' lang='lat' dir='ltr'><strong>nobis</strong></span> 
     </span>
     <span class='ocr_line' id='line_1_3' title="bbox 289 512 1834 574; baseline 0.001 -20"><span class='ocrx_word' id='word_1_17' title='bbox 289 512 391 574; x_wconf 39' lang='grc' dir='ltr'><strong>ξῗῶῗὶ</strong></span> <span class='ocrx_word' id='word_1_18' title='bbox 447 523 594 563; x_wconf 79' lang='lat' dir='ltr'>plenarie</span> <span class='ocrx_word' id='word_1_19' title='bbox 609 523 823 563; x_wconf 71' lang='lat' dir='ltr'><strong>satisfacturi,</strong></span> <span class='ocrx_word' id='word_1_20' title='bbox 840 523 892 554; x_wconf 84' lang='lat' dir='ltr'><strong>vel</strong></span> <span class='ocrx_word' id='word_1_21' title='bbox 915 533 1031 554; x_wconf 81' lang='lat' dir='ltr'>causas</span> <span class='ocrx_word' id='word_1_22' title='bbox 1053 523 1278 561; x_wconf 82' lang='lat' dir='ltr'><strong>racionabiles,</strong></span> <span class='ocrx_word' id='word_1_23' title='bbox 1295 523 1323 555; x_wconf 90' lang='lat' dir='ltr'><strong>si</strong></span> <span class='ocrx_word' id='word_1_24' title='bbox 1345 533 1430 565; x_wconf 78' lang='lat' dir='ltr'><strong>quas</strong></span> <span class='ocrx_word' id='word_1_25' title='bbox 1451 523 1610 563; x_wconf 78' lang='lat' dir='ltr'><strong>habeant,</strong></span> <span class='ocrx_word' id='word_1_26' title='bbox 1627 523 1834 566; x_wconf 77' lang='lat' dir='ltr'><strong>proposituri</strong></span> 
     </span>
    </p>
   </div>
   <div class='ocr_carea' id='block_1_3' title="bbox 386 566 1988 2355">
    <p class='ocr_par' dir='ltr' id='par_1_3' title="bbox 436 566 1832 1167">
     <span class='ocr_line' id='line_1_4' title="bbox 445 566 1831 609; baseline 0.001 -11"><span class='ocrx_word' id='word_1_27' title='bbox 445 567 479 598; x_wconf 91' lang='lat' dir='ltr'><strong>in</strong></span> <span class='ocrx_word' id='word_1_28' title='bbox 510 567 620 599; x_wconf 86' lang='lat' dir='ltr'><strong>forma</strong></span> <span class='ocrx_word' id='word_1_29' title='bbox 652 567 739 609; x_wconf 85' lang='lat' dir='ltr'><strong>J‘uris</strong></span> <span class='ocrx_word' id='word_1_30' title='bbox 769 578 874 608; x_wconf 83' lang='lat' dir='ltr'><strong>quare</strong></span> <span class='ocrx_word' id='word_1_31' title='bbox 903 567 945 598; x_wconf 84' lang='lat' dir='ltr'><strong>ad</strong></span> <span class='ocrx_word' id='word_1_32' title='bbox 976 567 1240 599; x_wconf 76' lang='lat' dir='ltr'><strong>satisfaccionem</strong></span> <span class='ocrx_word' id='word_1_33' title='bbox 1270 566 1469 608; x_wconf 84' lang='lat' dir='ltr'><strong>hujusmodi</strong></span> <span class='ocrx_word' id='word_1_34' title='bbox 1498 567 1611 599; x_wconf 87' lang='lat' dir='ltr'><strong>debite</strong></span> <span class='ocrx_word' id='word_1_35' title='bbox 1642 567 1831 600; x_wconf 76' lang='lat' dir='ltr'><strong>faciendam</strong></span> 
     </span>
     <span class='ocr_line' id='line_1_5' title="bbox 442 610 1831 653; baseline 0.001 -11"><span class='ocrx_word' id='word_1_36' title='bbox 442 610 584 642; x_wconf 89' lang='lat' dir='ltr'><strong>minime</strong></span> <span class='ocrx_word' id='word_1_37' title='bbox 600 614 791 651; x_wconf 88' lang='lat' dir='ltr'><strong>teneantur,</strong></span> <span class='ocrx_word' id='word_1_38' title='bbox 808 611 872 642; x_wconf 88' lang='lat' dir='ltr'><strong>sub</strong></span> <span class='ocrx_word' id='word_1_39' title='bbox 889 621 974 652; x_wconf 86' lang='lat' dir='ltr'><strong>pena</strong></span> <span class='ocrx_word' id='word_1_40' title='bbox 997 610 1364 642; x_wconf 82' lang='lat' dir='ltr'><strong>Excommunicacionis</strong></span> <span class='ocrx_word' id='word_1_41' title='bbox 1388 610 1536 652; x_wconf 73' lang='lat' dir='ltr'><strong>Maioris,</strong></span> <span class='ocrx_word' id='word_1_42' title='bbox 1560 621 1662 653; x_wconf 78' lang='lat' dir='ltr'><strong>quam</strong></span> <span class='ocrx_word' id='word_1_43' title='bbox 1685 611 1721 643; x_wconf 92' lang='lat' dir='ltr'><strong>in</strong></span> <span class='ocrx_word' id='word_1_44' title='bbox 1744 611 1831 653; x_wconf 87' lang='lat' dir='ltr'><strong>ipso-</strong></span> 
     </span>
     <span class='ocr_line' id='line_1_6' title="bbox 440 654 1832 697; baseline 0.001 -11"><span class='ocrx_word' id='word_1_45' title='bbox 440 665 518 686; x_wconf 84' lang='lat' dir='ltr'><strong>rum</strong></span> <span class='ocrx_word' id='word_1_46' title='bbox 530 654 715 695; x_wconf 76' lang='lat' dir='ltr'><strong>singulares</strong></span> <span class='ocrx_word' id='word_1_47' title='bbox 732 665 898 695; x_wconf 80' lang='lat' dir='ltr'><strong>personas,</strong></span> <span class='ocrx_word' id='word_1_48' title='bbox 913 654 1009 696; x_wconf 78' lang='lat' dir='ltr'><strong>culpa</strong></span> <span class='ocrx_word' id='word_1_49' title='bbox 1023 665 1081 686; x_wconf 88' lang='lat' dir='ltr'><strong>seu</strong></span> <span class='ocrx_word' id='word_1_50' title='bbox 1099 664 1192 686; x_wconf 86' lang='lat' dir='ltr'><strong>mora</strong></span> <span class='ocrx_word' id='word_1_51' title='bbox 1208 665 1322 686; x_wconf 87' lang='lat' dir='ltr'><strong>eorum</strong></span> <span class='ocrx_word' id='word_1_52' title='bbox 1340 654 1595 696; x_wconf 73' lang='lat' dir='ltr'><strong>precedentibus</strong></span> <span class='ocrx_word' id='word_1_53' title='bbox 1607 655 1642 686; x_wconf 92' lang='lat' dir='ltr'><strong>in</strong></span> <span class='ocrx_word' id='word_1_54' title='bbox 1654 654 1716 687; x_wconf 78' lang='lat' dir='ltr'><strong>hac</strong></span> <span class='ocrx_word' id='word_1_55' title='bbox 1726 659 1832 697; x_wconf 78' lang='lat' dir='ltr'><strong>parte,</strong></span> 
     </span>
     <span class='ocr_line' id='line_1_7' title="bbox 440 698 1830 740; baseline 0.001 -10"><span class='ocrx_word' id='word_1_56' title='bbox 440 698 600 740; x_wconf 79' lang='lat' dir='ltr'><strong>dictaque</strong></span> <span class='ocrx_word' id='word_1_57' title='bbox 629 699 796 730; x_wconf 86' lang='lat' dir='ltr'><strong>Canonica</strong></span> <span class='ocrx_word' id='word_1_58' title='bbox 822 702 857 730; x_wconf 92' lang='lat' dir='ltr'><strong>et</strong></span> <span class='ocrx_word' id='word_1_59' title='bbox 887 699 978 729; x_wconf 88' lang='lat' dir='ltr'><strong>trina</strong></span> <span class='ocrx_word' id='word_1_60' title='bbox 1008 698 1195 730; x_wconf 83' lang='lat' dir='ltr'><strong>Monicione</strong></span> <span class='ocrx_word' id='word_1_61' title='bbox 1219 698 1390 739; x_wconf 82' lang='lat' dir='ltr'><strong>premissa,</strong></span> <span class='ocrx_word' id='word_1_62' title='bbox 1414 709 1547 730; x_wconf 84' lang='lat' dir='ltr'><strong>exnunc</strong></span> <span class='ocrx_word' id='word_1_63' title='bbox 1574 702 1677 740; x_wconf 91' lang='lat' dir='ltr'><strong>prout</strong></span> <span class='ocrx_word' id='word_1_64' title='bbox 1702 701 1830 731; x_wconf 83' lang='lat' dir='ltr'><strong>extunc</strong></span> 
     </span>
     <span class='ocr_line' id='line_1_8' title="bbox 440 741 1828 783; baseline 0.001 -10"><span class='ocrx_word' id='word_1_65' title='bbox 440 741 581 773; x_wconf 75' lang='lat' dir='ltr'><strong>ferimus</strong></span> <span class='ocrx_word' id='word_1_66' title='bbox 608 742 642 773; x_wconf 91' lang='lat' dir='ltr'><strong>in</strong></span> <span class='ocrx_word' id='word_1_67' title='bbox 674 742 739 773; x_wconf 87' lang='lat' dir='ltr'><strong>hiis</strong></span> <span class='ocrx_word' id='word_1_68' title='bbox 771 742 911 783; x_wconf 81' lang='lat' dir='ltr'><strong>Scriptis</strong></span> <span class='ocrx_word' id='word_1_69' title='bbox 929 752 937 781; x_wconf 83' lang='lat'>3</span> <span class='ocrx_word' id='word_1_70' title='bbox 975 742 1184 783; x_wconf 83' lang='lat' dir='ltr'><strong>ulteriusque</strong></span> <span class='ocrx_word' id='word_1_71' title='bbox 1214 742 1348 781; x_wconf 82' lang='lat' dir='ltr'><strong>facturi,</strong></span> <span class='ocrx_word' id='word_1_72' title='bbox 1380 745 1442 775; x_wconf 81' lang='lat' dir='ltr'><strong>etc.</strong></span> <span class='ocrx_word' id='word_1_73' title='bbox 1500 743 1551 774; x_wconf 89' lang='lat' dir='ltr'><strong>De</strong></span> <span class='ocrx_word' id='word_1_74' title='bbox 1579 742 1709 783; x_wconf 87' lang='lat' dir='ltr'><strong>diebus,</strong></span> <span class='ocrx_word' id='word_1_75' title='bbox 1740 753 1828 782; x_wconf 89' lang='lat' dir='ltr'><strong>vero,</strong></span> 
     </span>
     <span class='ocr_line' id='line_1_9' title="bbox 439 786 1828 827; baseline 0.001 -11"><span class='ocrx_word' id='word_1_76' title='bbox 439 786 642 827; x_wconf 88' lang='lat' dir='ltr'><strong>recepcionis</strong></span> <span class='ocrx_word' id='word_1_77' title='bbox 660 786 885 825; x_wconf 84' lang='lat' dir='ltr'><strong>Presencium,</strong></span> <span class='ocrx_word' id='word_1_78' title='bbox 902 796 939 817; x_wconf 90' lang='lat' dir='ltr'><strong>ac</strong></span> <span class='ocrx_word' id='word_1_79' title='bbox 957 787 989 816; x_wconf 85' lang='lat' dir='ltr'>M</span> <span class='ocrx_word' id='word_1_80' title='bbox 992 786 1151 817; x_wconf 90' lang='lat' dir='ltr'><strong>onicionis</strong></span> <span class='ocrx_word' id='word_1_81' title='bbox 1167 788 1201 817; x_wconf 88' lang='lat' dir='ltr'><strong>et</strong></span> <span class='ocrx_word' id='word_1_82' title='bbox 1225 786 1442 817; x_wconf 87' lang='lat' dir='ltr'><strong>Execucionis</strong></span> <span class='ocrx_word' id='word_1_83' title='bbox 1456 788 1567 817; x_wconf 82' lang='lat' dir='ltr'><strong>vestre</strong></span> <span class='ocrx_word' id='word_1_84' title='bbox 1590 786 1624 817; x_wconf 92' lang='lat' dir='ltr'><strong>in</strong></span> <span class='ocrx_word' id='word_1_85' title='bbox 1647 786 1710 818; x_wconf 85' lang='lat' dir='ltr'><strong>hac</strong></span> <span class='ocrx_word' id='word_1_86' title='bbox 1733 789 1828 827; x_wconf 79' lang='lat' dir='ltr'><strong>parte</strong></span> 
     </span>
     <span class='ocr_line' id='line_1_10' title="bbox 438 829 1830 871; baseline 0.001 -11"><span class='ocrx_word' id='word_1_87' title='bbox 438 830 539 861; x_wconf 83' lang='lat' dir='ltr'><strong>modo</strong></span> <span class='ocrx_word' id='word_1_88' title='bbox 564 837 599 861; x_wconf 80' lang='lat' dir='ltr'><strong>et</strong></span> <span class='ocrx_word' id='word_1_89' title='bbox 623 829 732 861; x_wconf 81' lang='lat' dir='ltr'><strong>forma</strong></span> <span class='ocrx_word' id='word_1_90' title='bbox 758 829 922 871; x_wconf 85' lang='lat' dir='ltr'><strong>ejusdem,</strong></span> <span class='ocrx_word' id='word_1_91' title='bbox 948 832 984 861; x_wconf 90' lang='lat' dir='ltr'><strong>et</strong></span> <span class='ocrx_word' id='word_1_92' title='bbox 1009 830 1037 861; x_wconf 90' lang='lat' dir='ltr'><strong>si</strong></span> <span class='ocrx_word' id='word_1_93' title='bbox 1067 829 1190 870; x_wconf 77' lang='lat' dir='ltr'><strong>prefati</strong></span> <span class='ocrx_word' id='word_1_94' title='bbox 1221 840 1423 870; x_wconf 83' lang='lat' dir='ltr'><strong>possessores</strong></span> <span class='ocrx_word' id='word_1_95' title='bbox 1452 840 1512 861; x_wconf 91' lang='lat' dir='ltr'><strong>seu</strong></span> <span class='ocrx_word' id='word_1_96' title='bbox 1539 833 1770 870; x_wconf 73' lang='lat' dir='ltr'><strong>procuratores</strong></span> <span class='ocrx_word' id='word_1_97' title='bbox 1792 833 1830 862; x_wconf 90' lang='lat' dir='ltr'><strong>et</strong></span> 
     </span>
     <span class='ocr_line' id='line_1_11' title="bbox 439 872 1829 915; baseline 0.001 -11"><span class='ocrx_word' id='word_1_98' title='bbox 439 873 632 905; x_wconf 82' lang='lat' dir='ltr'><strong>detentores</strong></span> <span class='ocrx_word' id='word_1_99' title='bbox 649 874 868 915; x_wconf 54' lang='lat' dir='ltr'><strong>personaliter</strong></span> <span class='ocrx_word' id='word_1_100' title='bbox 883 872 1080 915; x_wconf 86' lang='lat' dir='ltr'><strong>apprehensi</strong></span> <span class='ocrx_word' id='word_1_101' title='bbox 1096 873 1234 912; x_wconf 81' lang='lat' dir='ltr'><strong>fuerint,</strong></span> <span class='ocrx_word' id='word_1_102' title='bbox 1248 873 1507 915; x_wconf 81' lang='lat' dir='ltr'><strong>nominibusque</strong></span> <span class='ocrx_word' id='word_1_103' title='bbox 1522 876 1559 906; x_wconf 79' lang='lat' dir='ltr'><strong>et</strong></span> <span class='ocrx_word' id='word_1_104' title='bbox 1573 873 1829 915; x_wconf 84' lang='lat' dir='ltr'><strong>cognominibus</strong></span> 
     </span>
     <span class='ocr_line' id='line_1_12' title="bbox 438 917 1828 958; baseline 0.001 -10"><span class='ocrx_word' id='word_1_105' title='bbox 438 917 631 957; x_wconf 89' lang='lat' dir='ltr'><strong>eorundem,</strong></span> <span class='ocrx_word' id='word_1_106' title='bbox 648 928 719 956; x_wconf 91' lang='lat' dir='ltr'><strong>nos,</strong></span> <span class='ocrx_word' id='word_1_107' title='bbox 735 917 833 949; x_wconf 86' lang='lat' dir='ltr'><strong>dictis</strong></span> <span class='ocrx_word' id='word_1_108' title='bbox 849 917 903 949; x_wconf 83' lang='lat' dir='ltr'><strong>die</strong></span> <span class='ocrx_word' id='word_1_109' title='bbox 919 921 954 948; x_wconf 92' lang='lat' dir='ltr'><strong>et</strong></span> <span class='ocrx_word' id='word_1_110' title='bbox 969 917 1049 956; x_wconf 91' lang='lat' dir='ltr'><strong>loco,</strong></span> <span class='ocrx_word' id='word_1_111' title='bbox 1066 917 1226 949; x_wconf 88' lang='lat' dir='ltr'><strong>distincte</strong></span> <span class='ocrx_word' id='word_1_112' title='bbox 1241 920 1276 948; x_wconf 93' lang='lat' dir='ltr'><strong>et</strong></span> <span class='ocrx_word' id='word_1_113' title='bbox 1290 920 1405 958; x_wconf 82' lang='lat' dir='ltr'><strong>aperte</strong></span> <span class='ocrx_word' id='word_1_114' title='bbox 1420 917 1611 949; x_wconf 85' lang='lat' dir='ltr'><strong>certificetis</strong></span> <span class='ocrx_word' id='word_1_115' title='bbox 1626 928 1685 958; x_wconf 90' lang='lat' dir='ltr'><strong>per</strong></span> <span class='ocrx_word' id='word_1_116' title='bbox 1698 917 1828 949; x_wconf 85' lang='lat' dir='ltr'><strong>Literas</strong></span> 
     </span>
     <span class='ocr_line' id='line_1_13' title="bbox 438 960 1826 1002; baseline 0.001 -11"><span class='ocrx_word' id='word_1_117' title='bbox 438 964 566 992; x_wconf 86' lang='lat' dir='ltr'><strong>vestras</strong></span> <span class='ocrx_word' id='word_1_118' title='bbox 583 964 746 1002; x_wconf 85' lang='lat' dir='ltr'><strong>patentes,</strong></span> <span class='ocrx_word' id='word_1_119' title='bbox 763 961 884 993; x_wconf 51' lang='lat' dir='ltr'><strong>harum</strong></span> <span class='ocrx_word' id='word_1_120' title='bbox 908 961 1036 1001; x_wconf 65' lang='lat' dir='ltr'><strong>seriem,</strong></span> <span class='ocrx_word' id='word_1_121' title='bbox 1054 964 1090 992; x_wconf 88' lang='lat' dir='ltr'><strong>et</strong></span> <span class='ocrx_word' id='word_1_122' title='bbox 1112 960 1320 992; x_wconf 87' lang='lat' dir='ltr'><strong>execucionis</strong></span> <span class='ocrx_word' id='word_1_123' title='bbox 1343 964 1454 992; x_wconf 82' lang='lat' dir='ltr'><strong>vestre</strong></span> <span class='ocrx_word' id='word_1_124' title='bbox 1475 961 1509 992; x_wconf 90' lang='lat' dir='ltr'><strong>in</strong></span> <span class='ocrx_word' id='word_1_125' title='bbox 1534 960 1596 992; x_wconf 83' lang='lat' dir='ltr'><strong>hac</strong></span> <span class='ocrx_word' id='word_1_126' title='bbox 1619 964 1714 1002; x_wconf 80' lang='lat' dir='ltr'><strong>parte</strong></span> <span class='ocrx_word' id='word_1_127' title='bbox 1736 960 1826 993; x_wconf 81' lang='lat' dir='ltr'><strong>facte</strong></span> 
     </span>
     <span class='ocr_line' id='line_1_14' title="bbox 436 1004 1827 1046; baseline 0.001 -11"><span class='ocrx_word' id='word_1_128' title='bbox 436 1005 575 1036; x_wconf 86' lang='lat' dir='ltr'><strong>modum</strong></span> <span class='ocrx_word' id='word_1_129' title='bbox 602 1008 638 1036; x_wconf 88' lang='lat' dir='ltr'><strong>et</strong></span> <span class='ocrx_word' id='word_1_130' title='bbox 663 1005 818 1044; x_wconf 83' lang='lat' dir='ltr'><strong>formam,</strong></span> <span class='ocrx_word' id='word_1_131' title='bbox 842 1005 973 1045; x_wconf 85' lang='lat' dir='ltr'><strong>plenius</strong></span> <span class='ocrx_word' id='word_1_132' title='bbox 997 1004 1391 1036; x_wconf 64' lang='lat' dir='ltr'><strong>continentes—Datum</strong></span> <span class='ocrx_word' id='word_1_133' title='bbox 1416 1004 1607 1044; x_wconf 87' lang='lat' dir='ltr'><strong>Londoniis,</strong></span> <span class='ocrx_word' id='word_1_134' title='bbox 1631 1005 1695 1036; x_wconf 89' lang='lat' dir='ltr'><strong>sub</strong></span> <span class='ocrx_word' id='word_1_135' title='bbox 1717 1004 1827 1046; x_wconf 83' lang='lat' dir='ltr'><strong>sigillo</strong></span> 
     </span>
     <span class='ocr_line' id='line_1_15' title="bbox 437 1045 1827 1090; baseline 0.001 -11"><span class='ocrx_word' id='word_1_136' title='bbox 437 1051 553 1080; x_wconf 86' lang='lat' dir='ltr'><strong>nostro</strong></span> <span class='ocrx_word' id='word_1_137' title='bbox 577 1049 721 1090; x_wconf 84' lang='lat' dir='ltr'><strong>proprio,</strong></span> <span class='ocrx_word' id='word_1_138' title='bbox 741 1053 803 1080; x_wconf 79' lang='lat' dir='ltr'><strong>xx⁰</strong></span> <span class='ocrx_word' id='word_1_139' title='bbox 825 1049 879 1080; x_wconf 89' lang='lat' dir='ltr'><strong>die</strong></span> <span class='ocrx_word' id='word_1_140' title='bbox 902 1048 1026 1080; x_wconf 88' lang='lat' dir='ltr'><strong>mensis</strong></span> <span class='ocrx_word' id='word_1_141' title='bbox 1049 1048 1145 1087; x_wconf 86' lang='lat' dir='ltr'><strong>Julii,</strong></span> <span class='ocrx_word' id='word_1_142' title='bbox 1171 1048 1256 1080; x_wconf 89' lang='lat' dir='ltr'><strong>A.D.</strong></span> <span class='ocrx_word' id='word_1_143' title='bbox 1284 1048 1344 1079; x_wconf 77' lang='grc' dir='ltr'><strong>ΜΟ.</strong></span> <span class='ocrx_word' id='word_1_144' title='bbox 1364 1048 1496 1081; x_wconf 84' lang='lat' dir='ltr'>CCC¹¹¹⁰</span> <span class='ocrx_word' id='word_1_145' title='bbox 1518 1045 1650 1090; x_wconf 65' lang='lat' dir='ltr'>1115de</span> <span class='ocrx_word' id='word_1_146' title='bbox 1696 1048 1827 1080; x_wconf 77' lang='lat' dir='ltr'><strong>certifi-</strong></span> 
     </span>
     <span class='ocr_line' id='line_1_16' title="bbox 436 1091 1828 1134; baseline 0.001 -11"><span class='ocrx_word' id='word_1_147' title='bbox 436 1095 550 1123; x_wconf 82' lang='lat' dir='ltr'><strong>cantes</strong></span> <span class='ocrx_word' id='word_1_148' title='bbox 563 1103 633 1131; x_wconf 90' lang='lat' dir='ltr'><strong>nos,</strong></span> <span class='ocrx_word' id='word_1_149' title='bbox 651 1092 678 1124; x_wconf 91' lang='lat' dir='ltr'><strong>si</strong></span> <span class='ocrx_word' id='word_1_150' title='bbox 695 1093 814 1133; x_wconf 72' lang='lat' dir='ltr'><strong>placet,</strong></span> <span class='ocrx_word' id='word_1_151' title='bbox 830 1093 872 1124; x_wconf 93' lang='lat' dir='ltr'><strong>de</strong></span> <span class='ocrx_word' id='word_1_152' title='bbox 889 1092 1079 1133; x_wconf 84' lang='lat' dir='ltr'><strong>recepcione</strong></span> <span class='ocrx_word' id='word_1_153' title='bbox 1091 1091 1288 1133; x_wconf 85' lang='lat' dir='ltr'><strong>hujusmodi</strong></span> <span class='ocrx_word' id='word_1_154' title='bbox 1304 1092 1457 1123; x_wconf 84' lang='lat' dir='ltr'><strong>Mandati</strong></span> <span class='ocrx_word' id='word_1_155' title='bbox 1469 1102 1527 1133; x_wconf 86' lang='lat' dir='ltr'><strong>per</strong></span> <span class='ocrx_word' id='word_1_156' title='bbox 1539 1092 1738 1134; x_wconf 81' lang='lat' dir='ltr'><strong>portitorem</strong></span> <span class='ocrx_word' id='word_1_157' title='bbox 1751 1092 1828 1124; x_wconf 90' lang='lat' dir='ltr'><strong>Pre-</strong></span> 
     </span>
     <span class='ocr_line' id='line_1_17' title="bbox 437 1146 712 1167; baseline 0.004 -1"><span class='ocrx_word' id='word_1_158' title='bbox 437 1146 598 1167; x_wconf 69' lang='lat' dir='ltr'><strong>senonim.</strong></span> <span class='ocrx_word' id='word_1_159' title='bbox 710 1156 712 1158; x_wconf 97' lang='lat'>·</span> 
     </span>
    </p>

    <p class='ocr_par' dir='ltr' id='par_1_4' title="bbox 390 1178 1822 1263">
     <span class='ocr_line' id='line_1_18' title="bbox 390 1178 1822 1221; baseline 0.001 -11"><span class='ocrx_word' id='word_1_160' title='bbox 390 1179 583 1210; x_wconf 80' lang='lat' dir='ltr'><strong>—Nomina</strong></span> <span class='ocrx_word' id='word_1_161' title='bbox 597 1179 827 1219; x_wconf 54' lang='lat' dir='ltr'><strong>Beneficiorum</strong></span> <span class='ocrx_word' id='word_1_162' title='bbox 849 1180 888 1211; x_wconf 85' lang='lat' dir='ltr'><strong>de</strong></span> <span class='ocrx_word' id='word_1_163' title='bbox 904 1179 1019 1221; x_wconf 60' lang='lat' dir='ltr'><strong>quihus</strong></span> <span class='ocrx_word' id='word_1_164' title='bbox 1033 1189 1135 1220; x_wconf 72' lang='lat' dir='ltr'><strong>supra</strong></span> <span class='ocrx_word' id='word_1_165' title='bbox 1142 1180 1188 1219; x_wconf 75' lang='lat' dir='ltr'><strong>fit</strong></span> <span class='ocrx_word' id='word_1_166' title='bbox 1204 1180 1334 1218; x_wconf 78' lang='lat' dir='ltr'><strong>mencio,</strong></span> <span class='ocrx_word' id='word_1_167' title='bbox 1351 1183 1380 1210; x_wconf 77' lang='lat' dir='ltr'><strong>et</strong></span> <span class='ocrx_word' id='word_1_168' title='bbox 1395 1189 1516 1211; x_wconf 77' lang='lat' dir='ltr'><strong>summe</strong></span> <span class='ocrx_word' id='word_1_169' title='bbox 1532 1178 1572 1210; x_wconf 88' lang='lat' dir='ltr'><strong>de</strong></span> <span class='ocrx_word' id='word_1_170' title='bbox 1583 1179 1697 1210; x_wconf 67' lang='lat' dir='ltr'><strong>eisdem</strong></span> <span class='ocrx_word' id='word_1_171' title='bbox 1713 1178 1822 1218; x_wconf 76' lang='lat' dir='ltr'><strong>debite,</strong></span> 
     </span>
     <span class='ocr_line' id='line_1_19' title="bbox 437 1222 873 1263; baseline 0.002 -10"><span class='ocrx_word' id='word_1_172' title='bbox 437 1222 580 1263; x_wconf 74' lang='lat' dir='ltr'><strong>inferius</strong></span> <span class='ocrx_word' id='word_1_173' title='bbox 594 1223 873 1262; x_wconf 75' lang='lat' dir='ltr'><strong>describuntur,—</strong></span> 
     </span>
    </p>

    <p class='ocr_par' dir='ltr' id='par_1_5' title="bbox 393 1266 1826 1386">
     <span class='ocr_line' id='line_1_20' title="bbox 393 1266 1821 1308; baseline 0.001 -11"><span class='ocrx_word' id='word_1_174' title='bbox 393 1266 515 1305; x_wconf 81' lang='lat' dir='ltr'><strong>Primo,</strong></span> <span class='ocrx_word' id='word_1_175' title='bbox 532 1267 574 1298; x_wconf 89' lang='lat' dir='ltr'><strong>de</strong></span> <span class='ocrx_word' id='word_1_176' title='bbox 591 1267 765 1298; x_wconf 86' lang='lat' dir='ltr'><strong>Prehenda</strong></span> <span class='ocrx_word' id='word_1_177' title='bbox 776 1267 921 1299; x_wconf 86' lang='lat' dir='ltr'><strong>Ecclesie</strong></span> <span class='ocrx_word' id='word_1_178' title='bbox 939 1267 1120 1307; x_wconf 84' lang='lat' dir='ltr'><strong>Collegiate</strong></span> <span class='ocrx_word' id='word_1_179' title='bbox 1136 1266 1178 1297; x_wconf 86' lang='lat' dir='ltr'><strong>de</strong></span> <span class='ocrx_word' id='word_1_180' title='bbox 1195 1266 1369 1307; x_wconf 78' lang='lat' dir='ltr'><strong>Glasneye,</strong></span> <span class='ocrx_word' id='word_1_181' title='bbox 1387 1276 1488 1307; x_wconf 85' lang='lat' dir='ltr'><strong>quam</strong></span> <span class='ocrx_word' id='word_1_182' title='bbox 1515 1266 1666 1307; x_wconf 85' lang='lat' dir='ltr'><strong>optinuit</strong></span> <span class='ocrx_word' id='word_1_183' title='bbox 1682 1266 1821 1308; x_wconf 82' lang='lat' dir='ltr'><strong>Stepha-</strong></span> 
     </span>
     <span class='ocr_line' id='line_1_21' title="bbox 434 1309 1826 1351; baseline 0 -10"><span class='ocrx_word' id='word_1_184' title='bbox 434 1320 498 1341; x_wconf 88' lang='lat' dir='ltr'><strong>nus</strong></span> <span class='ocrx_word' id='word_1_185' title='bbox 523 1311 659 1351; x_wconf 90' lang='lat' dir='ltr'><strong>Pempel</strong></span> <span class='ocrx_word' id='word_1_186' title='bbox 683 1311 715 1341; x_wconf 90' lang='lat' dir='ltr'><strong>in</strong></span> <span class='ocrx_word' id='word_1_187' title='bbox 741 1311 869 1350; x_wconf 90' lang='lat' dir='ltr'><strong>eadem,</strong></span> <span class='ocrx_word' id='word_1_188' title='bbox 888 1311 1019 1342; x_wconf 85' lang='lat' dir='ltr'><strong>racione</strong></span> <span class='ocrx_word' id='word_1_189' title='bbox 1044 1310 1245 1341; x_wconf 87' lang='lat' dir='ltr'><strong>Provisionis</strong></span> <span class='ocrx_word' id='word_1_190' title='bbox 1267 1309 1356 1341; x_wconf 85' lang='lat' dir='ltr'><strong>facte</strong></span> <span class='ocrx_word' id='word_1_191' title='bbox 1378 1310 1507 1342; x_wconf 87' lang='lat' dir='ltr'><strong>Thome</strong></span> <span class='ocrx_word' id='word_1_192' title='bbox 1529 1311 1571 1341; x_wconf 86' lang='lat' dir='ltr'><strong>de</strong></span> <span class='ocrx_word' id='word_1_193' title='bbox 1596 1310 1826 1342; x_wconf 88' lang='lat' dir='ltr'><strong>Woderone—</strong></span> 
     </span>
     <span class='ocr_line' id='line_1_22' title="bbox 432 1353 573 1386; baseline 0.007 -1"><span class='ocrx_word' id='word_1_194' title='bbox 432 1353 573 1386; x_wconf 83' lang='lat' dir='ltr'><strong>fructus.</strong></span> 
     </span>
    </p>

    <p class='ocr_par' dir='ltr' id='par_1_6' title="bbox 391 1397 1825 1516">
     <span class='ocr_line' id='line_1_23' title="bbox 391 1397 1825 1439; baseline 0.001 -10"><span class='ocrx_word' id='word_1_195' title='bbox 391 1397 441 1428; x_wconf 91' lang='lat' dir='ltr'><strong>De</strong></span> <span class='ocrx_word' id='word_1_196' title='bbox 466 1398 639 1429; x_wconf 82' lang='lat' dir='ltr'><strong>Prebenda</strong></span> <span class='ocrx_word' id='word_1_197' title='bbox 661 1397 696 1429; x_wconf 90' lang='lat' dir='ltr'><strong>in</strong></span> <span class='ocrx_word' id='word_1_198' title='bbox 721 1397 867 1429; x_wconf 74' lang='lat' dir='ltr'><strong>Ecclesia</strong></span> <span class='ocrx_word' id='word_1_199' title='bbox 891 1398 987 1430; x_wconf 80' lang='lat' dir='ltr'><strong>Beati</strong></span> <span class='ocrx_word' id='word_1_200' title='bbox 1009 1397 1147 1437; x_wconf 81' lang='lat' dir='ltr'><strong>Thome,</strong></span> <span class='ocrx_word' id='word_1_201' title='bbox 1171 1397 1328 1437; x_wconf 76' lang='lat' dir='ltr'><strong>Martii-is,</strong></span> <span class='ocrx_word' id='word_1_202' title='bbox 1351 1397 1525 1439; x_wconf 83' lang='lat' dir='ltr'><strong>Glasneye,</strong></span> <span class='ocrx_word' id='word_1_203' title='bbox 1548 1407 1650 1439; x_wconf 82' lang='lat' dir='ltr'><strong>quam</strong></span> <span class='ocrx_word' id='word_1_204' title='bbox 1673 1397 1825 1438; x_wconf 82' lang='lat' dir='ltr'><strong>optinuit</strong></span> 
     </span>
     <span class='ocr_line' id='line_1_24' title="bbox 433 1439 1823 1483; baseline 0.001 -11"><span class='ocrx_word' id='word_1_205' title='bbox 433 1442 545 1472; x_wconf 87' lang='lat' dir='ltr'><strong>dictus</strong></span> <span class='ocrx_word' id='word_1_206' title='bbox 569 1441 762 1481; x_wconf 81' lang='lat' dir='ltr'><strong>Stephanus</strong></span> <span class='ocrx_word' id='word_1_207' title='bbox 784 1442 818 1472; x_wconf 89' lang='lat' dir='ltr'><strong>iu</strong></span> <span class='ocrx_word' id='word_1_208' title='bbox 842 1442 969 1480; x_wconf 83' lang='lat' dir='ltr'><strong>eadem,</strong></span> <span class='ocrx_word' id='word_1_209' title='bbox 992 1441 1124 1473; x_wconf 81' lang='lat' dir='ltr'><strong>racione</strong></span> <span class='ocrx_word' id='word_1_210' title='bbox 1149 1439 1368 1483; x_wconf 87' lang='lat' dir='ltr'><strong>[Provisionis</strong></span> <span class='ocrx_word' id='word_1_211' title='bbox 1391 1441 1494 1481; x_wconf 81' lang='lat' dir='ltr'><strong>facte]</strong></span> <span class='ocrx_word' id='word_1_212' title='bbox 1516 1441 1559 1472; x_wconf 89' lang='lat' dir='ltr'><strong>de</strong></span> <span class='ocrx_word' id='word_1_213' title='bbox 1581 1441 1696 1472; x_wconf 85' lang='lat' dir='ltr'><strong>eadem</strong></span> <span class='ocrx_word' id='word_1_214' title='bbox 1722 1441 1823 1473; x_wconf 86' lang='lat' dir='ltr'><strong>Petro</strong></span> 
     </span>
     <span class='ocr_line' id='line_1_25' title="bbox 435 1485 764 1516; baseline 0.003 -1"><span class='ocrx_word' id='word_1_215' title='bbox 435 1485 499 1516; x_wconf 84' lang='lat' dir='ltr'><strong>Cru</strong></span> <span class='ocrx_word' id='word_1_216' title='bbox 526 1496 576 1516; x_wconf 91' lang='lat' dir='ltr'><strong>ow</strong></span> <span class='ocrx_word' id='word_1_217' title='bbox 590 1485 764 1516; x_wconf 80' lang='lat' dir='ltr'><strong>—fructus.</strong></span> 
     </span>
    </p>

    <p class='ocr_par' dir='ltr' id='par_1_7' title="bbox 390 1496 1821 1604">
     <span class='ocr_line' id='line_1_26' title="bbox 390 1496 1821 1570; baseline 0.001 -11"><span class='ocrx_word' id='word_1_218' title='bbox 390 1528 441 1560; x_wconf 94' lang='lat' dir='ltr'><strong>De</strong></span> <span class='ocrx_word' id='word_1_219' title='bbox 453 1496 628 1560; x_wconf 78' lang='lat' dir='ltr'><strong>Pregbenda</strong></span> <span class='ocrx_word' id='word_1_220' title='bbox 641 1529 787 1560; x_wconf 88' lang='lat' dir='ltr'><strong>Ecclesie</strong></span> <span class='ocrx_word' id='word_1_221' title='bbox 801 1529 917 1561; x_wconf 85' lang='lat' dir='ltr'><strong>Sancti</strong></span> <span class='ocrx_word' id='word_1_222' title='bbox 933 1528 1125 1568; x_wconf 74' lang='lat' dir='ltr'><strong>Karentoei,</strong></span> <span class='ocrx_word' id='word_1_223' title='bbox 1138 1528 1181 1559; x_wconf 85' lang='lat' dir='ltr'><strong>de</strong></span> <span class='ocrx_word' id='word_1_224' title='bbox 1196 1538 1263 1570; x_wconf 86' lang='lat' dir='ltr'><strong>qua</strong></span> <span class='ocrx_word' id='word_1_225' title='bbox 1280 1528 1345 1559; x_wconf 86' lang='lat' dir='ltr'><strong>fuit</strong></span> <span class='ocrx_word' id='word_1_226' title='bbox 1363 1528 1537 1570; x_wconf 86' lang='lat' dir='ltr'><strong>provisum</strong></span> <span class='ocrx_word' id='word_1_227' title='bbox 1547 1528 1727 1569; x_wconf 81' lang='lat' dir='ltr'><strong>willelmo,</strong></span> <span class='ocrx_word' id='word_1_228' title='bbox 1740 1528 1821 1561; x_wconf 75' lang='lat' dir='ltr'><strong>alias</strong></span> 
     </span>
     <span class='ocr_line' id='line_1_27' title="bbox 433 1572 748 1605; baseline 0 -2"><span class='ocrx_word' id='word_1_229' title='bbox 433 1572 637 1604; x_wconf 77' lang='lat' dir='ltr'><strong>&#39;rhome-fr</strong></span> <span class='ocrx_word' id='word_1_230' title='bbox 640 1575 748 1605; x_wconf 86' lang='lat' dir='ltr'><strong>nctus.</strong></span> 
     </span>
    </p>

    <p class='ocr_par' dir='ltr' id='par_1_8' title="bbox 390 1614 1821 1692">
     <span class='ocr_line' id='line_1_28' title="bbox 390 1614 1821 1674; baseline 0.001 -27"><span class='ocrx_word' id='word_1_231' title='bbox 390 1616 440 1647; x_wconf 93' lang='lat' dir='ltr'><strong>De</strong></span> <span class='ocrx_word' id='word_1_232' title='bbox 456 1616 686 1655; x_wconf 81' lang='lat' dir='ltr'><strong>Thesauraria,</strong></span> <span class='ocrx_word' id='word_1_233' title='bbox 704 1615 921 1655; x_wconf 81' lang='lat' dir='ltr'><strong>Canonicatu,</strong></span> <span class='ocrx_word' id='word_1_234' title='bbox 939 1619 975 1647; x_wconf 84' lang='lat' dir='ltr'><strong>et</strong></span> <span class='ocrx_word' id='word_1_235' title='bbox 999 1615 1126 1648; x_wconf 87' lang='lat' dir='ltr'><strong>Preben</strong></span> <span class='ocrx_word' id='word_1_236' title='bbox 1130 1616 1182 1655; x_wconf 84' lang='lat' dir='ltr'><strong>da,</strong></span> <span class='ocrx_word' id='word_1_237' title='bbox 1201 1615 1346 1647; x_wconf 79' lang='lat' dir='ltr'><strong>Ecclesia</strong></span> <span class='ocrx_word' id='word_1_238' title='bbox 1369 1615 1577 1674; x_wconf 83' lang='lat' dir='ltr'><strong>Exoniensis‚</strong></span> <span class='ocrx_word' id='word_1_239' title='bbox 1593 1614 1725 1647; x_wconf 84' lang='lat' dir='ltr'><strong>racione</strong></span> <span class='ocrx_word' id='word_1_240' title='bbox 1741 1616 1821 1648; x_wconf 86' lang='lat' dir='ltr'><strong>Pro-</strong></span> 
     </span>
     <span class='ocr_line' id='line_1_29' title="bbox 432 1660 1153 1692; baseline 0.001 -2"><span class='ocrx_word' id='word_1_241' title='bbox 432 1660 569 1692; x_wconf 87' lang='lat' dir='ltr'><strong>visionis</strong></span> <span class='ocrx_word' id='word_1_242' title='bbox 586 1661 674 1692; x_wconf 81' lang='lat' dir='ltr'><strong>facte</strong></span> <span class='ocrx_word' id='word_1_243' title='bbox 692 1660 832 1691; x_wconf 84' lang='lat' dir='ltr'><strong>Ricardo</strong></span> <span class='ocrx_word' id='word_1_244' title='bbox 848 1660 1153 1691; x_wconf 78' lang='lat' dir='ltr'><strong>Tischo-—fructus</strong></span> 
     </span>
    </p>

    <p class='ocr_par' dir='ltr' id='par_1_9' title="bbox 391 1702 1822 1788">
     <span class='ocr_line' id='line_1_30' title="bbox 391 1702 1822 1744; baseline 0.001 -10"><span class='ocrx_word' id='word_1_245' title='bbox 391 1703 442 1734; x_wconf 90' lang='lat' dir='ltr'><strong>De</strong></span> <span class='ocrx_word' id='word_1_246' title='bbox 468 1704 672 1735; x_wconf 79' lang='lat' dir='ltr'><strong>Canonicatu</strong></span> <span class='ocrx_word' id='word_1_247' title='bbox 698 1707 733 1734; x_wconf 89' lang='lat' dir='ltr'><strong>et</strong></span> <span class='ocrx_word' id='word_1_248' title='bbox 757 1703 931 1735; x_wconf 76' lang='lat' dir='ltr'><strong>Prebenda</strong></span> <span class='ocrx_word' id='word_1_249' title='bbox 957 1704 991 1735; x_wconf 92' lang='lat' dir='ltr'><strong>in</strong></span> <span class='ocrx_word' id='word_1_250' title='bbox 1019 1703 1160 1734; x_wconf 83' lang='lat' dir='ltr'><strong>Ecclesia</strong></span> <span class='ocrx_word' id='word_1_251' title='bbox 1186 1702 1300 1735; x_wconf 82' lang='lat' dir='ltr'><strong>Sancti</strong></span> <span class='ocrx_word' id='word_1_252' title='bbox 1325 1702 1516 1742; x_wconf 85' lang='lat' dir='ltr'><strong>Karentoci,</strong></span> <span class='ocrx_word' id='word_1_253' title='bbox 1539 1703 1581 1734; x_wconf 93' lang='lat' dir='ltr'><strong>de</strong></span> <span class='ocrx_word' id='word_1_254' title='bbox 1604 1703 1729 1744; x_wconf 84' lang='lat' dir='ltr'><strong>quibus</strong></span> <span class='ocrx_word' id='word_1_255' title='bbox 1751 1703 1822 1735; x_wconf 82' lang='lat' dir='ltr'><strong>fuit</strong></span> 
     </span>
     <span class='ocr_line' id='line_1_31' title="bbox 432 1747 1126 1788; baseline 0.001 -11"><span class='ocrx_word' id='word_1_256' title='bbox 432 1748 604 1787; x_wconf 82' lang='lat' dir='ltr'><strong>provisum</strong></span> <span class='ocrx_word' id='word_1_257' title='bbox 622 1747 777 1788; x_wconf 86' lang='lat' dir='ltr'><strong>Philippo</strong></span> <span class='ocrx_word' id='word_1_258' title='bbox 795 1747 1126 1778; x_wconf 84' lang='lat' dir='ltr'><strong>Homeie—fructus.</strong></span> 
     </span>
    </p>

    <p class='ocr_par' dir='ltr' id='par_1_10' title="bbox 388 1789 1822 1866">
     <span class='ocr_line' id='line_1_32' title="bbox 388 1789 1822 1846; baseline 0.001 -24"><span class='ocrx_word' id='word_1_259' title='bbox 388 1791 439 1822; x_wconf 89' lang='lat' dir='ltr'><strong>De</strong></span> <span class='ocrx_word' id='word_1_260' title='bbox 452 1791 599 1822; x_wconf 82' lang='lat' dir='ltr'><strong>Ecclesia</strong></span> <span class='ocrx_word' id='word_1_261' title='bbox 614 1792 656 1822; x_wconf 91' lang='lat' dir='ltr'><strong>de</strong></span> <span class='ocrx_word' id='word_1_262' title='bbox 674 1791 901 1832; x_wconf 70' lang='lat' dir='ltr'><strong>Blaktyntone</strong></span> <span class='ocrx_word' id='word_1_263' title='bbox 914 1791 996 1831; x_wconf 75' lang='lat' dir='ltr'><strong>(sic),</strong></span> <span class='ocrx_word' id='word_1_264' title='bbox 1013 1791 1143 1822; x_wconf 81' lang='lat' dir='ltr'><strong>racione</strong></span> <span class='ocrx_word' id='word_1_265' title='bbox 1161 1789 1361 1822; x_wconf 86' lang='lat' dir='ltr'><strong>Provisionis</strong></span> <span class='ocrx_word' id='word_1_266' title='bbox 1374 1790 1461 1822; x_wconf 83' lang='lat' dir='ltr'><strong>facte</strong></span> <span class='ocrx_word' id='word_1_267' title='bbox 1477 1790 1518 1821; x_wconf 90' lang='lat' dir='ltr'><strong>de</strong></span> <span class='ocrx_word' id='word_1_268' title='bbox 1531 1789 1645 1821; x_wconf 86' lang='lat' dir='ltr'><strong>eadem</strong></span> <span class='ocrx_word' id='word_1_269' title='bbox 1660 1790 1822 1846; x_wconf 75' lang='lat' dir='ltr'><strong>Nicbolao</strong></span> 
     </span>
     <span class='ocr_line' id='line_1_33' title="bbox 432 1835 752 1866; baseline 0 0"><span class='ocrx_word' id='word_1_270' title='bbox 432 1835 503 1866; x_wconf 87' lang='lat' dir='ltr'><strong>&#39;lho</strong></span> <span class='ocrx_word' id='word_1_271' title='bbox 505 1835 752 1866; x_wconf 75' lang='lat' dir='ltr'><strong>bie—fructus.</strong></span> 
     </span>
    </p>

    <p class='ocr_par' dir='ltr' id='par_1_11' title="bbox 389 1877 1820 1960">
     <span class='ocr_line' id='line_1_34' title="bbox 389 1877 1820 1919; baseline 0.001 -10"><span class='ocrx_word' id='word_1_272' title='bbox 389 1878 440 1909; x_wconf 90' lang='lat' dir='ltr'><strong>De</strong></span> <span class='ocrx_word' id='word_1_273' title='bbox 457 1879 672 1919; x_wconf 83' lang='lat' dir='ltr'><strong>Prepositura</strong></span> <span class='ocrx_word' id='word_1_274' title='bbox 688 1878 835 1910; x_wconf 81' lang='lat' dir='ltr'><strong>Ecclesie</strong></span> <span class='ocrx_word' id='word_1_275' title='bbox 851 1878 966 1910; x_wconf 82' lang='lat' dir='ltr'><strong>Sancti</strong></span> <span class='ocrx_word' id='word_1_276' title='bbox 982 1878 1110 1909; x_wconf 84' lang='lat' dir='ltr'><strong>&#39;rhome</strong></span> <span class='ocrx_word' id='word_1_277' title='bbox 1127 1878 1169 1909; x_wconf 87' lang='lat' dir='ltr'><strong>de</strong></span> <span class='ocrx_word' id='word_1_278' title='bbox 1186 1878 1342 1919; x_wconf 80' lang='lat' dir='ltr'><strong>Glasney,</strong></span> <span class='ocrx_word' id='word_1_279' title='bbox 1366 1877 1497 1909; x_wconf 87' lang='lat' dir='ltr'><strong>racione</strong></span> <span class='ocrx_word' id='word_1_280' title='bbox 1513 1877 1716 1910; x_wconf 76' lang='lat' dir='ltr'><strong>Provisionis</strong></span> <span class='ocrx_word' id='word_1_281' title='bbox 1731 1878 1820 1910; x_wconf 82' lang='lat' dir='ltr'><strong>facte</strong></span> 
     </span>
     <span class='ocr_line' id='line_1_35' title="bbox 433 1921 1275 1960; baseline 0.001 -8"><span class='ocrx_word' id='word_1_282' title='bbox 433 1922 474 1952; x_wconf 92' lang='lat' dir='ltr'><strong>de</strong></span> <span class='ocrx_word' id='word_1_283' title='bbox 491 1923 605 1953; x_wconf 79' lang='lat' dir='ltr'><strong>eadem</strong></span> <span class='ocrx_word' id='word_1_284' title='bbox 625 1922 772 1953; x_wconf 84' lang='lat' dir='ltr'><strong>Roberto</strong></span> <span class='ocrx_word' id='word_1_285' title='bbox 789 1923 831 1953; x_wconf 90' lang='lat' dir='ltr'><strong>de</strong></span> <span class='ocrx_word' id='word_1_286' title='bbox 848 1922 933 1960; x_wconf 81' lang='lat' dir='ltr'><strong>Boo,</strong></span> <span class='ocrx_word' id='word_1_287' title='bbox 949 1921 1117 1953; x_wconf 88' lang='lat' dir='ltr'><strong>debentur</strong></span> <span class='ocrx_word' id='word_1_288' title='bbox 1131 1921 1275 1953; x_wconf 80' lang='lat' dir='ltr'><strong>fructus.</strong></span> 
     </span>
    </p>

    <p class='ocr_par' dir='ltr' id='par_1_12' title="bbox 388 1964 1988 2040">
     <span class='ocr_line' id='line_1_36' title="bbox 388 1964 1820 2007; baseline 0 -10"><span class='ocrx_word' id='word_1_289' title='bbox 388 1965 439 1997; x_wconf 91' lang='lat' dir='ltr'><strong>De</strong></span> <span class='ocrx_word' id='word_1_290' title='bbox 466 1966 637 1997; x_wconf 72' lang='lat' dir='ltr'><strong>Prehenda</strong></span> <span class='ocrx_word' id='word_1_291' title='bbox 653 1965 798 1997; x_wconf 85' lang='lat' dir='ltr'><strong>Ecclesie</strong></span> <span class='ocrx_word' id='word_1_292' title='bbox 814 1965 1021 2005; x_wconf 79' lang='lat' dir='ltr'><strong>Exoniensis,</strong></span> <span class='ocrx_word' id='word_1_293' title='bbox 1038 1966 1079 1996; x_wconf 87' lang='lat' dir='ltr'><strong>de</strong></span> <span class='ocrx_word' id='word_1_294' title='bbox 1102 1975 1170 2006; x_wconf 88' lang='lat' dir='ltr'><strong>qua.</strong></span> <span class='ocrx_word' id='word_1_295' title='bbox 1191 1965 1260 1996; x_wconf 79' lang='lat' dir='ltr'><strong>fuit</strong></span> <span class='ocrx_word' id='word_1_296' title='bbox 1282 1964 1451 2005; x_wconf 89' lang='lat' dir='ltr'><strong>provisum</strong></span> <span class='ocrx_word' id='word_1_297' title='bbox 1476 1964 1623 1997; x_wconf 78' lang='lat' dir='ltr'><strong>Johanni</strong></span> <span class='ocrx_word' id='word_1_298' title='bbox 1639 1964 1820 2007; x_wconf 83' lang='lat' dir='ltr'><strong>Cheyne—</strong></span> 
     </span>
     <span class='ocr_line' id='line_1_37' title="bbox 430 2006 1988 2041; baseline 0.001 -2"><span class='ocrx_word' id='word_1_299' title='bbox 430 2009 572 2041; x_wconf 87' lang='lat' dir='ltr'><strong>fructus.</strong></span> <span class='ocrx_word' id='word_1_300' title='bbox 1985 2006 1988 2017; x_wconf 78' lang='lat'><strong>¹</strong></span> 
     </span>
    </p>

    <p class='ocr_par' dir='ltr' id='par_1_13' title="bbox 388 2024 1988 2263">
     <span class='ocr_line' id='line_1_38' title="bbox 388 2024 1988 2094; baseline 0.001 -10"><span class='ocrx_word' id='word_1_301' title='bbox 388 2053 438 2084; x_wconf 88' lang='lat' dir='ltr'><strong>De</strong></span> <span class='ocrx_word' id='word_1_302' title='bbox 455 2053 599 2084; x_wconf 85' lang='lat' dir='ltr'><strong>Ecclesia</strong></span> <span class='ocrx_word' id='word_1_303' title='bbox 613 2063 679 2094; x_wconf 89' lang='lat' dir='ltr'><strong>que</strong></span> <span class='ocrx_word' id='word_1_304' title='bbox 695 2053 820 2085; x_wconf 89' lang='lat' dir='ltr'><strong>dicitur</strong></span> <span class='ocrx_word' id='word_1_305' title='bbox 836 2052 963 2083; x_wconf 84' lang='lat' dir='ltr'><strong>Basche</strong></span> <span class='ocrx_word' id='word_1_306' title='bbox 980 2051 1062 2091; x_wconf 77' lang='lat' dir='ltr'><strong>(sic),</strong></span> <span class='ocrx_word' id='word_1_307' title='bbox 1080 2052 1132 2083; x_wconf 89' lang='lat' dir='ltr'><strong>vel</strong></span> <span class='ocrx_word' id='word_1_308' title='bbox 1148 2051 1246 2082; x_wconf 84' lang='lat' dir='ltr'><strong>aliter</strong></span> <span class='ocrx_word' id='word_1_309' title='bbox 1261 2054 1468 2092; x_wconf 84' lang='lat' dir='ltr'><strong>nuncupata,</strong></span> <span class='ocrx_word' id='word_1_310' title='bbox 1481 2062 1583 2092; x_wconf 85' lang='lat' dir='ltr'><strong>quam</strong></span> <span class='ocrx_word' id='word_1_311' title='bbox 1596 2051 1709 2083; x_wconf 80' lang='lat' dir='ltr'><strong>tenuit</strong></span> <span class='ocrx_word' id='word_1_312' title='bbox 1727 2053 1815 2085; x_wconf 83' lang='lat' dir='ltr'><strong>Hen-</strong></span> <span class='ocrx_word' id='word_1_313' title='bbox 1982 2024 1988 2092; x_wconf 61' lang='grc' dir='ltr'>Ξ</span> 
     </span>
     <span class='ocr_line' id='line_1_39' title="bbox 431 2093 1988 2137; baseline 0 -10"><span class='ocrx_word' id='word_1_314' title='bbox 431 2096 519 2127; x_wconf 76' lang='lat' dir='ltr'><strong>licus</strong></span> <span class='ocrx_word' id='word_1_315' title='bbox 535 2097 577 2128; x_wconf 91' lang='lat' dir='ltr'><strong>de</strong></span> <span class='ocrx_word' id='word_1_316' title='bbox 595 2097 711 2128; x_wconf 87' lang='lat' dir='ltr'><strong>Monte</strong></span> <span class='ocrx_word' id='word_1_317' title='bbox 726 2095 793 2137; x_wconf 72' lang='lat' dir='ltr'><strong>vjm</strong></span> <span class='ocrx_word' id='word_1_318' title='bbox 808 2096 976 2128; x_wconf 79' lang='lat' dir='ltr'><strong>Kalendas</strong></span> <span class='ocrx_word' id='word_1_319' title='bbox 992 2096 1086 2134; x_wconf 83' lang='lat' dir='ltr'><strong>Julii,</strong></span> <span class='ocrx_word' id='word_1_320' title='bbox 1103 2095 1202 2127; x_wconf 90' lang='lat' dir='ltr'><strong>Anno</strong></span> <span class='ocrx_word' id='word_1_321' title='bbox 1225 2105 1312 2126; x_wconf 89' lang='lat' dir='ltr'><strong>nono</strong></span> <span class='ocrx_word' id='word_1_322' title='bbox 1330 2094 1519 2126; x_wconf 82' lang='lat' dir='ltr'><strong>Innoceneii</strong></span> <span class='ocrx_word' id='word_1_323' title='bbox 1546 2095 1570 2126; x_wconf 81' lang='lat'><strong>1‘</strong></span> <span class='ocrx_word' id='word_1_324' title='bbox 1572 2106 1634 2136; x_wconf 85' lang='lat' dir='ltr'><strong>ape</strong></span> <span class='ocrx_word' id='word_1_325' title='bbox 1649 2093 1703 2126; x_wconf 82' lang='lat' dir='ltr'><strong>vti</strong></span> <span class='ocrx_word' id='word_1_326' title='bbox 1719 2096 1818 2136; x_wconf 75' lang='grc' dir='ltr'><strong>(εἰσ);</strong></span> <span class='ocrx_word' id='word_1_327' title='bbox 1982 2094 1988 2123; x_wconf 75' lang='lat' dir='ltr'><strong>l</strong></span> 
     </span>
     <span class='ocr_line' id='line_1_40' title="bbox 429 2139 1818 2190; baseline 0.001 -19"><span class='ocrx_word' id='word_1_328' title='bbox 429 2150 496 2180; x_wconf 83' lang='lat' dir='ltr'><strong>qua</strong></span> <span class='ocrx_word' id='word_1_329' title='bbox 513 2141 566 2171; x_wconf 83' lang='lat' dir='ltr'><strong>die</strong></span> <span class='ocrx_word' id='word_1_330' title='bbox 583 2141 649 2171; x_wconf 83' lang='lat' dir='ltr'><strong>fuit</strong></span> <span class='ocrx_word' id='word_1_331' title='bbox 667 2141 845 2190; x_wconf 46' lang='lat' dir='ltr'><strong>provisum·</strong></span> <span class='ocrx_word' id='word_1_332' title='bbox 853 2139 895 2170; x_wconf 89' lang='lat' dir='ltr'><strong>de</strong></span> <span class='ocrx_word' id='word_1_333' title='bbox 912 2139 1040 2178; x_wconf 83' lang='lat' dir='ltr'><strong>eadem,</strong></span> <span class='ocrx_word' id='word_1_334' title='bbox 1057 2149 1116 2180; x_wconf 87' lang='lat' dir='ltr'><strong>per</strong></span> <span class='ocrx_word' id='word_1_335' title='bbox 1132 2139 1276 2170; x_wconf 83' lang='lat' dir='ltr'><strong>eundem</strong></span> <span class='ocrx_word' id='word_1_336' title='bbox 1298 2139 1546 2178; x_wconf 76' lang='lat' dir='ltr'><strong>innocencium,</strong></span> <span class='ocrx_word' id='word_1_337' title='bbox 1564 2139 1760 2172; x_wconf 76' lang='lat' dir='ltr'><strong>Crenezerio</strong></span> <span class='ocrx_word' id='word_1_338' title='bbox 1774 2140 1818 2172; x_wconf 82' lang='lat' dir='ltr'><strong>de</strong></span> 
     </span>
     <span class='ocr_line' id='line_1_41' title="bbox 436 2182 1818 2225; baseline 0.001 -11"><span class='ocrx_word' id='word_1_339' title='bbox 436 2184 564 2220; x_wconf 76' lang='lat' dir='ltr'><strong>Laufe;</strong></span> <span class='ocrx_word' id='word_1_340' title='bbox 598 2187 737 2215; x_wconf 84' lang='lat' dir='ltr'><strong>vacante</strong></span> <span class='ocrx_word' id='word_1_341' title='bbox 759 2184 801 2214; x_wconf 89' lang='lat' dir='ltr'><strong>de</strong></span> <span class='ocrx_word' id='word_1_342' title='bbox 833 2183 922 2224; x_wconf 81' lang='lat' dir='ltr'><strong>J&#39;uie,</strong></span> <span class='ocrx_word' id='word_1_343' title='bbox 947 2194 985 2214; x_wconf 91' lang='lat' dir='ltr'><strong>eo</strong></span> <span class='ocrx_word' id='word_1_344' title='bbox 1019 2183 1109 2223; x_wconf 90' lang='lat' dir='ltr'><strong>quod</strong></span> <span class='ocrx_word' id='word_1_345' title='bbox 1141 2182 1252 2213; x_wconf 76' lang='lat' dir='ltr'><strong>dIctus</strong></span> <span class='ocrx_word' id='word_1_346' title='bbox 1276 2182 1443 2213; x_wconf 79' lang='lat' dir='ltr'><strong>Heni-icus</strong></span> <span class='ocrx_word' id='word_1_347' title='bbox 1468 2182 1556 2213; x_wconf 79' lang='lat' dir='ltr'><strong>infra</strong></span> <span class='ocrx_word' id='word_1_348' title='bbox 1574 2185 1709 2224; x_wconf 88' lang='lat' dir='ltr'><strong>tempus</strong></span> <span class='ocrx_word' id='word_1_349' title='bbox 1730 2183 1818 2225; x_wconf 83' lang='lat' dir='ltr'><strong>J‘uris</strong></span> 
     </span>
     <span class='ocr_line' id='line_1_42' title="bbox 429 2226 1303 2263; baseline -0.002 -5"><span class='ocrx_word' id='word_1_350' title='bbox 429 2237 496 2258; x_wconf 91' lang='lat' dir='ltr'><strong>non</strong></span> <span class='ocrx_word' id='word_1_351' title='bbox 514 2227 580 2258; x_wconf 84' lang='lat' dir='ltr'><strong>fuit</strong></span> <span class='ocrx_word' id='word_1_352' title='bbox 596 2228 636 2258; x_wconf 82' lang='lat' dir='ltr'><strong>ad</strong></span> <span class='ocrx_word' id='word_1_353' title='bbox 655 2228 770 2258; x_wconf 86' lang='lat' dir='ltr'><strong>Sacros</strong></span> <span class='ocrx_word' id='word_1_354' title='bbox 787 2227 929 2258; x_wconf 87' lang='lat' dir='ltr'><strong>Ordines</strong></span> <span class='ocrx_word' id='word_1_355' title='bbox 945 2226 1303 2263; x_wconf 80' lang='lat' dir='ltr'><strong>promotus—fructus.</strong></span> 
     </span>
    </p>

    <p class='ocr_par' dir='ltr' id='par_1_14' title="bbox 386 2268 1814 2355">
     <span class='ocr_line' id='line_1_43' title="bbox 386 2268 1814 2312; baseline 0 -10"><span class='ocrx_word' id='word_1_356' title='bbox 386 2270 438 2302; x_wconf 90' lang='lat' dir='ltr'><strong>De</strong></span> <span class='ocrx_word' id='word_1_357' title='bbox 455 2271 628 2302; x_wconf 85' lang='lat' dir='ltr'><strong>Prebenda</strong></span> <span class='ocrx_word' id='word_1_358' title='bbox 644 2281 745 2311; x_wconf 87' lang='lat' dir='ltr'><strong>quam</strong></span> <span class='ocrx_word' id='word_1_359' title='bbox 762 2270 910 2312; x_wconf 74' lang='lat' dir='ltr'><strong>possedit</strong></span> <span class='ocrx_word' id='word_1_360' title='bbox 927 2269 1036 2301; x_wconf 80' lang='lat' dir='ltr'><strong>David</strong></span> <span class='ocrx_word' id='word_1_361' title='bbox 1061 2269 1224 2311; x_wconf 79' lang='lat' dir='ltr'><strong>Maynaid</strong></span> <span class='ocrx_word' id='word_1_362' title='bbox 1247 2269 1350 2301; x_wconf 88' lang='lat' dir='ltr'><strong>tercio</strong></span> <span class='ocrx_word' id='word_1_363' title='bbox 1366 2268 1480 2300; x_wconf 87' lang='lat' dir='ltr'><strong>Nonas</strong></span> <span class='ocrx_word' id='word_1_364' title='bbox 1495 2269 1620 2310; x_wconf 81' lang='lat' dir='ltr'><strong>Marcii,</strong></span> <span class='ocrx_word' id='word_1_365' title='bbox 1638 2269 1814 2302; x_wconf 79' lang='lat' dir='ltr'><strong>Pontifica-</strong></span> 
     </span>
     <span class='ocr_line' id='line_1_44' title="bbox 431 2311 1815 2355; baseline 0.001 -10"><span class='ocrx_word' id='word_1_366' title='bbox 431 2318 488 2345; x_wconf 87' lang='lat' dir='ltr'><strong>tus</strong></span> <span class='ocrx_word' id='word_1_367' title='bbox 505 2314 642 2346; x_wconf 90' lang='lat' dir='ltr'><strong>Domini</strong></span> <span class='ocrx_word' id='word_1_368' title='bbox 659 2314 847 2346; x_wconf 89' lang='lat' dir='ltr'><strong>Innocencii</strong></span> <span class='ocrx_word' id='word_1_369' title='bbox 872 2314 961 2355; x_wconf 78' lang='lat' dir='ltr'><strong>Pape</strong></span> <span class='ocrx_word' id='word_1_370' title='bbox 976 2313 1007 2345; x_wconf 88' lang='lat' dir='ltr'>V</span> <span class='ocrx_word' id='word_1_371' title='bbox 1024 2313 1110 2352; x_wconf 78' lang='lat' dir='ltr'><strong>(sic)</strong></span> <span class='ocrx_word' id='word_1_372' title='bbox 1118 2314 1216 2344; x_wconf 91' lang='lat' dir='ltr'><strong>Anno</strong></span> <span class='ocrx_word' id='word_1_373' title='bbox 1232 2311 1304 2354; x_wconf 88' lang='lat' dir='ltr'><strong>vij⁰‚</strong></span> <span class='ocrx_word' id='word_1_374' title='bbox 1330 2312 1364 2344; x_wconf 90' lang='lat' dir='ltr'><strong>iu</strong></span> <span class='ocrx_word' id='word_1_375' title='bbox 1388 2312 1533 2344; x_wconf 83' lang='lat' dir='ltr'><strong>Ecclesia</strong></span> <span class='ocrx_word' id='word_1_376' title='bbox 1556 2313 1672 2345; x_wconf 82' lang='lat' dir='ltr'><strong>Sancti</strong></span> <span class='ocrx_word' id='word_1_377' title='bbox 1688 2314 1815 2346; x_wconf 65' lang='lat' dir='ltr'><strong>Karen-</strong></span> 
     </span>
    </p>
   </div>
   <div class='ocr_carea' id='block_1_4' title="bbox 387 2358 1813 2442">
    <p class='ocr_par' dir='ltr' id='par_1_15' title="bbox 387 2358 1813 2442">
     <span class='ocr_line' id='line_1_45' title="bbox 430 2358 683 2390; baseline 0 -1"><span class='ocrx_word' id='word_1_378' title='bbox 430 2358 573 2390; x_wconf 82' lang='lat' dir='ltr'><strong>toci—fr</strong></span> <span class='ocrx_word' id='word_1_379' title='bbox 576 2361 683 2390; x_wconf 89' lang='lat' dir='ltr'><strong>uetus.</strong></span> 
     </span>
     <span class='ocr_line' id='line_1_46' title="bbox 387 2399 1813 2442; baseline 0 -9"><span class='ocrx_word' id='word_1_380' title='bbox 387 2403 438 2434; x_wconf 90' lang='lat' dir='ltr'><strong>De</strong></span> <span class='ocrx_word' id='word_1_381' title='bbox 456 2402 735 2433; x_wconf 82' lang='lat' dir='ltr'><strong>Archidiaconatu</strong></span> <span class='ocrx_word' id='word_1_382' title='bbox 753 2402 855 2433; x_wconf 65' lang='lat' dir='ltr'><strong>&#39;rom</strong></span> <span class='ocrx_word' id='word_1_383' title='bbox 849 2401 965 2432; x_wconf 89' lang='lat' dir='ltr'><strong>niensi</strong></span> <span class='ocrx_word' id='word_1_384' title='bbox 988 2400 1021 2432; x_wconf 89' lang='lat' dir='ltr'><strong>in</strong></span> <span class='ocrx_word' id='word_1_385' title='bbox 1044 2400 1187 2431; x_wconf 78' lang='lat' dir='ltr'><strong>Ecclesia</strong></span> <span class='ocrx_word' id='word_1_386' title='bbox 1207 2399 1399 2438; x_wconf 86' lang='lat' dir='ltr'><strong>Exoniensi‚</strong></span> <span class='ocrx_word' id='word_1_387' title='bbox 1419 2399 1461 2430; x_wconf 92' lang='lat' dir='ltr'><strong>de</strong></span> <span class='ocrx_word' id='word_1_388' title='bbox 1476 2409 1544 2441; x_wconf 86' lang='lat' dir='ltr'><strong>quo</strong></span> <span class='ocrx_word' id='word_1_389' title='bbox 1560 2399 1627 2431; x_wconf 82' lang='lat' dir='ltr'><strong>fuit</strong></span> <span class='ocrx_word' id='word_1_390' title='bbox 1642 2401 1813 2442; x_wconf 85' lang='lat' dir='ltr'><strong>provisum</strong></span> 
     </span>
    </p>
   </div>
   <div class='ocr_carea' id='block_1_5' title="bbox 379 2445 1812 3009">
    <p class='ocr_par' dir='ltr' id='par_1_16' title="bbox 432 2445 999 2477">
     <span class='ocr_line' id='line_1_47' title="bbox 432 2445 999 2477; baseline -0.004 -1"><span class='ocrx_word' id='word_1_391' title='bbox 432 2445 572 2476; x_wconf 81' lang='lat' dir='ltr'><strong>Ricardo</strong></span> <span class='ocrx_word' id='word_1_392' title='bbox 590 2445 999 2477; x_wconf 84' lang='lat' dir='ltr'><strong>Desbuntone—fructus.</strong></span> 
     </span>
    </p>

    <p class='ocr_par' dir='ltr' id='par_1_17' title="bbox 386 2486 1812 2616">
     <span class='ocr_line' id='line_1_48' title="bbox 386 2486 1812 2528; baseline -0.001 -7"><span class='ocrx_word' id='word_1_393' title='bbox 386 2490 437 2521; x_wconf 93' lang='lat' dir='ltr'><strong>De</strong></span> <span class='ocrx_word' id='word_1_394' title='bbox 465 2489 624 2521; x_wconf 83' lang='lat' dir='ltr'><strong>Cantaria</strong></span> <span class='ocrx_word' id='word_1_395' title='bbox 652 2491 773 2520; x_wconf 85' lang='lat' dir='ltr'><strong>Sancte</strong></span> <span class='ocrx_word' id='word_1_396' title='bbox 791 2489 897 2526; x_wconf 83' lang='lat' dir='ltr'><strong>Anne,</strong></span> <span class='ocrx_word' id='word_1_397' title='bbox 921 2488 986 2519; x_wconf 79' lang='lat' dir='ltr'><strong>sita</strong></span> <span class='ocrx_word' id='word_1_398' title='bbox 1012 2487 1046 2518; x_wconf 90' lang='lat' dir='ltr'><strong>in</strong></span> <span class='ocrx_word' id='word_1_399' title='bbox 1075 2487 1221 2518; x_wconf 81' lang='lat' dir='ltr'><strong>Ecclesia</strong></span> <span class='ocrx_word' id='word_1_400' title='bbox 1245 2486 1405 2518; x_wconf 87' lang='lat' dir='ltr'><strong>Omnium</strong></span> <span class='ocrx_word' id='word_1_401' title='bbox 1435 2487 1646 2526; x_wconf 80' lang='lat' dir='ltr'><strong>Sanctorum,</strong></span> <span class='ocrx_word' id='word_1_402' title='bbox 1674 2487 1812 2528; x_wconf 86' lang='lat' dir='ltr'><strong>Exonie,</strong></span> 
     </span>
     <span class='ocr_line' id='line_1_49' title="bbox 431 2530 1812 2573; baseline 0.001 -10"><span class='ocrx_word' id='word_1_403' title='bbox 431 2543 532 2573; x_wconf 87' lang='lat' dir='ltr'><strong>quam</strong></span> <span class='ocrx_word' id='word_1_404' title='bbox 552 2533 743 2564; x_wconf 85' lang='lat' dir='ltr'><strong>Alexander</strong></span> <span class='ocrx_word' id='word_1_405' title='bbox 767 2533 960 2573; x_wconf 84' lang='lat' dir='ltr'><strong>Sporeman,</strong></span> <span class='ocrx_word' id='word_1_406' title='bbox 984 2542 1026 2563; x_wconf 87' lang='lat' dir='ltr'><strong>ex</strong></span> <span class='ocrx_word' id='word_1_407' title='bbox 1049 2530 1237 2563; x_wconf 81' lang='lat' dir='ltr'><strong>Collacione</strong></span> <span class='ocrx_word' id='word_1_408' title='bbox 1263 2530 1399 2561; x_wconf 88' lang='lat' dir='ltr'><strong>Domini</strong></span> <span class='ocrx_word' id='word_1_409' title='bbox 1415 2530 1603 2562; x_wconf 79' lang='lat' dir='ltr'><strong>Cardinalis</strong></span> <span class='ocrx_word' id='word_1_410' title='bbox 1626 2531 1812 2573; x_wconf 66' lang='lat' dir='ltr'><strong>Petregori-</strong></span> 
     </span>
     <span class='ocr_line' id='line_1_50' title="bbox 432 2573 1492 2616; baseline -0.002 -9"><span class='ocrx_word' id='word_1_411' title='bbox 432 2576 548 2616; x_wconf 85' lang='lat' dir='ltr'><strong>censis,</strong></span> <span class='ocrx_word' id='word_1_412' title='bbox 565 2576 708 2616; x_wconf 78' lang='lat' dir='ltr'><strong>obtinet,</strong></span> <span class='ocrx_word' id='word_1_413' title='bbox 725 2576 827 2607; x_wconf 80' lang='lat' dir='ltr'><strong>eciam</strong></span> <span class='ocrx_word' id='word_1_414' title='bbox 845 2575 873 2607; x_wconf 93' lang='lat' dir='ltr'><strong>si</strong></span> <span class='ocrx_word' id='word_1_415' title='bbox 889 2575 953 2606; x_wconf 86' lang='lat' dir='ltr'><strong>alio</strong></span> <span class='ocrx_word' id='word_1_416' title='bbox 975 2574 1075 2606; x_wconf 91' lang='lat' dir='ltr'><strong>modo</strong></span> <span class='ocrx_word' id='word_1_417' title='bbox 1090 2573 1492 2615; x_wconf 73' lang='lat' dir='ltr'><strong>nuncupetur—fructus.</strong></span> 
     </span>
    </p>

    <p class='ocr_par' dir='ltr' id='par_1_18' title="bbox 382 2617 1812 2703">
     <span class='ocr_line' id='line_1_51' title="bbox 382 2617 1812 2662; baseline 0 -11"><span class='ocrx_word' id='word_1_418' title='bbox 382 2619 574 2651; x_wconf 81' lang='lat' dir='ltr'><strong>-Nomina</strong></span> <span class='ocrx_word' id='word_1_419' title='bbox 592 2620 758 2659; x_wconf 66' lang='grc' dir='ltr'><strong>Ηεῑίθὶοεοτ</strong></span> <span class='ocrx_word' id='word_1_420' title='bbox 760 2630 821 2651; x_wconf 64' lang='lat' dir='ltr'><strong>*um</strong></span> <span class='ocrx_word' id='word_1_421' title='bbox 838 2623 868 2650; x_wconf 77' lang='lat' dir='ltr'><strong>et</strong></span> <span class='ocrx_word' id='word_1_422' title='bbox 883 2620 1022 2650; x_wconf 71' lang='lat' dir='ltr'><strong>aliorum</strong></span> <span class='ocrx_word' id='word_1_423' title='bbox 1038 2619 1096 2659; x_wconf 77' lang='lat' dir='ltr'><strong>qui</strong></span> <span class='ocrx_word' id='word_1_424' title='bbox 1117 2617 1228 2649; x_wconf 81' lang='lat' dir='ltr'><strong>debent</strong></span> <span class='ocrx_word' id='word_1_425' title='bbox 1240 2627 1362 2658; x_wconf 74' lang='lat' dir='ltr'><strong>poocw</strong></span> <span class='ocrx_word' id='word_1_426' title='bbox 1363 2618 1496 2655; x_wconf 75' lang='lat' dir='ltr'><strong>aciones</strong></span> <span class='ocrx_word' id='word_1_427' title='bbox 1518 2617 1558 2649; x_wconf 83' lang='lat' dir='ltr'><strong>de</strong></span> <span class='ocrx_word' id='word_1_428' title='bbox 1579 2617 1696 2659; x_wconf 72' lang='lat' dir='ltr'><strong>quibua</strong></span> <span class='ocrx_word' id='word_1_429' title='bbox 1710 2629 1812 2662; x_wconf 73' lang='lat' dir='ltr'><strong>supra</strong></span> 
     </span>
     <span class='ocr_line' id='line_1_52' title="bbox 417 2663 820 2703; baseline 0 -9"><span class='ocrx_word' id='word_1_430' title='bbox 417 2664 463 2703; x_wconf 82' lang='lat' dir='ltr'><strong>fit</strong></span> <span class='ocrx_word' id='word_1_431' title='bbox 478 2665 607 2702; x_wconf 81' lang='lat' dir='ltr'><strong>mencio,</strong></span> <span class='ocrx_word' id='word_1_432' title='bbox 623 2667 699 2695; x_wconf 72' lang='lat' dir='ltr'><strong>sunt</strong></span> <span class='ocrx_word' id='word_1_433' title='bbox 714 2663 778 2702; x_wconf 79' lang='lat' dir='ltr'><strong>hec,</strong></span> <span class='ocrx_word' id='word_1_434' title='bbox 785 2680 820 2685; x_wconf 92' lang='lat'><strong>—</strong></span> 
     </span>
    </p>

    <p class='ocr_par' dir='ltr' id='par_1_19' title="bbox 383 2703 1808 2755">
     <span class='ocr_line' id='line_1_53' title="bbox 383 2703 1808 2755; baseline 0.001 -19"><span class='ocrx_word' id='word_1_435' title='bbox 383 2706 569 2748; x_wconf 76' lang='lat' dir='ltr'><strong>Collegium</strong></span> <span class='ocrx_word' id='word_1_436' title='bbox 584 2707 679 2738; x_wconf 87' lang='lat' dir='ltr'><strong>Beati</strong></span> <span class='ocrx_word' id='word_1_437' title='bbox 689 2707 816 2738; x_wconf 88' lang='lat' dir='ltr'><strong>Thome</strong></span> <span class='ocrx_word' id='word_1_438' title='bbox 828 2706 870 2737; x_wconf 89' lang='lat' dir='ltr'><strong>de</strong></span> <span class='ocrx_word' id='word_1_439' title='bbox 882 2705 1059 2746; x_wconf 85' lang='lat' dir='ltr'><strong>Glasneye</strong></span> <span class='ocrx_word' id='word_1_440' title='bbox 1065 2714 1127 2755; x_wconf 84' lang='lat' dir='ltr'><strong>pro</strong></span> <span class='ocrx_word' id='word_1_441' title='bbox 1137 2714 1224 2735; x_wconf 84' lang='lat' dir='ltr'><strong>anno</strong></span> <span class='ocrx_word' id='word_1_442' title='bbox 1235 2704 1343 2745; x_wconf 90' lang='lat' dir='ltr'><strong>primo</strong></span> <span class='ocrx_word' id='word_1_443' title='bbox 1355 2703 1591 2736; x_wconf 76' lang='lat' dir='ltr'><strong>Nunciacionis</strong></span> <span class='ocrx_word' id='word_1_444' title='bbox 1602 2708 1716 2736; x_wconf 89' lang='lat' dir='ltr'><strong>nostre</strong></span> <span class='ocrx_word' id='word_1_445' title='bbox 1718 2705 1808 2748; x_wconf 72' lang='lat' dir='ltr'><strong>,vijs-</strong></span> 
     </span>
    </p>

    <p class='ocr_par' dir='ltr' id='par_1_20' title="bbox 384 2747 1098 2797">
     <span class='ocr_line' id='line_1_54' title="bbox 384 2747 1098 2797; baseline -0.003 -16"><span class='ocrx_word' id='word_1_446' title='bbox 384 2750 478 2782; x_wconf 85' lang='lat' dir='ltr'><strong>Prior</strong></span> <span class='ocrx_word' id='word_1_447' title='bbox 493 2751 535 2780; x_wconf 89' lang='lat' dir='ltr'><strong>de</strong></span> <span class='ocrx_word' id='word_1_448' title='bbox 554 2750 688 2791; x_wconf 86' lang='lat' dir='ltr'><strong>Cowyk,</strong></span> <span class='ocrx_word' id='word_1_449' title='bbox 706 2761 764 2791; x_wconf 90' lang='lat' dir='ltr'><strong>pro</strong></span> <span class='ocrx_word' id='word_1_450' title='bbox 780 2750 896 2781; x_wconf 92' lang='lat' dir='ltr'><strong>eodem</strong></span> <span class='ocrx_word' id='word_1_451' title='bbox 912 2759 1015 2788; x_wconf 61' lang='lat' dir='ltr'><strong>anno,</strong></span> <span class='ocrx_word' id='word_1_452' title='bbox 1025 2747 1098 2797; x_wconf 60' lang='lat' dir='ltr'><strong>vij-35</strong></span> 
     </span>
    </p>

    <p class='ocr_par' dir='ltr' id='par_1_21' title="bbox 382 2790 1134 2834">
     <span class='ocr_line' id='line_1_55' title="bbox 382 2790 1134 2834; baseline -0.005 -8"><span class='ocrx_word' id='word_1_453' title='bbox 382 2794 476 2826; x_wconf 84' lang='lat' dir='ltr'><strong>Prior</strong></span> <span class='ocrx_word' id='word_1_454' title='bbox 491 2794 532 2824; x_wconf 87' lang='lat' dir='ltr'><strong>de</strong></span> <span class='ocrx_word' id='word_1_455' title='bbox 547 2794 715 2833; x_wconf 62' lang='lat' dir='ltr'><strong>Timonis,</strong></span> <span class='ocrx_word' id='word_1_456' title='bbox 733 2804 793 2834; x_wconf 87' lang='lat' dir='ltr'><strong>pro</strong></span> <span class='ocrx_word' id='word_1_457' title='bbox 808 2793 924 2824; x_wconf 83' lang='lat' dir='ltr'><strong>eodem</strong></span> <span class='ocrx_word' id='word_1_458' title='bbox 941 2802 1038 2824; x_wconf 81' lang='lat' dir='ltr'><strong>anno</strong></span> <span class='ocrx_word' id='word_1_459' title='bbox 1062 2790 1134 2832; x_wconf 70' lang='lat' dir='ltr'><strong>vijs.</strong></span> 
     </span>
    </p>

    <p class='ocr_par' dir='ltr' id='par_1_22' title="bbox 379 2834 1428 2878">
     <span class='ocr_line' id='line_1_56' title="bbox 379 2834 1428 2878; baseline -0.004 -9"><span class='ocrx_word' id='word_1_460' title='bbox 379 2836 692 2872; x_wconf 70' lang='lat' dir='ltr'><strong>—Certiflcatorium</strong></span> <span class='ocrx_word' id='word_1_461' title='bbox 707 2836 855 2878; x_wconf 73' lang='lat' dir='ltr'><strong>ejusdem.</strong></span> <span class='ocrx_word' id='word_1_462' title='bbox 869 2840 967 2876; x_wconf 79' lang='lat' dir='ltr'><strong>prout</strong></span> <span class='ocrx_word' id='word_1_463' title='bbox 982 2834 1123 2876; x_wconf 71' lang='lat' dir='ltr'><strong>inferius</strong></span> <span class='ocrx_word' id='word_1_464' title='bbox 1137 2838 1181 2866; x_wconf 77' lang='lat' dir='ltr'><strong>est</strong></span> <span class='ocrx_word' id='word_1_465' title='bbox 1195 2838 1383 2873; x_wconf 71' lang='lat' dir='ltr'><strong>contentum,</strong></span> <span class='ocrx_word' id='word_1_466' title='bbox 1394 2852 1428 2857; x_wconf 89' lang='lat'>—</span> 
     </span>
    </p>

    <p class='ocr_par' dir='ltr' id='par_1_23' title="bbox 381 2877 1804 3009">
     <span class='ocr_line' id='line_1_57' title="bbox 381 2877 1804 2920; baseline 0 -9"><span class='ocrx_word' id='word_1_467' title='bbox 381 2881 531 2920; x_wconf 85' lang='lat' dir='ltr'><strong>Quarum</strong></span> <span class='ocrx_word' id='word_1_468' title='bbox 549 2880 738 2912; x_wconf 80' lang='lat' dir='ltr'><strong>Literarum</strong></span> <span class='ocrx_word' id='word_1_469' title='bbox 756 2880 965 2918; x_wconf 83' lang='lat' dir='ltr'><strong>auctoritate,</strong></span> <span class='ocrx_word' id='word_1_470' title='bbox 982 2889 1097 2910; x_wconf 87' lang='lat' dir='ltr'><strong>omnes</strong></span> <span class='ocrx_word' id='word_1_471' title='bbox 1120 2882 1155 2909; x_wconf 85' lang='lat' dir='ltr'><strong>et</strong></span> <span class='ocrx_word' id='word_1_472' title='bbox 1170 2877 1319 2918; x_wconf 84' lang='lat' dir='ltr'><strong>singulos</strong></span> <span class='ocrx_word' id='word_1_473' title='bbox 1334 2878 1467 2909; x_wconf 83' lang='lat' dir='ltr'><strong>fructus</strong></span> <span class='ocrx_word' id='word_1_474' title='bbox 1482 2881 1518 2909; x_wconf 88' lang='lat' dir='ltr'><strong>et</strong></span> <span class='ocrx_word' id='word_1_475' title='bbox 1540 2881 1722 2919; x_wconf 83' lang='lat' dir='ltr'><strong>proventus</strong></span> <span class='ocrx_word' id='word_1_476' title='bbox 1737 2878 1804 2911; x_wconf 80' lang='lat' dir='ltr'><strong>dio-</strong></span> 
     </span>
     <span class='ocr_line' id='line_1_58' title="bbox 423 2920 1804 2963; baseline -0.001 -8"><span class='ocrx_word' id='word_1_477' title='bbox 423 2927 537 2955; x_wconf 89' lang='lat' dir='ltr'><strong>torum</strong></span> <span class='ocrx_word' id='word_1_478' title='bbox 566 2923 817 2963; x_wconf 87' lang='lat' dir='ltr'><strong>Beneficiorum,</strong></span> <span class='ocrx_word' id='word_1_479' title='bbox 840 2923 927 2954; x_wconf 77' lang='lat' dir='ltr'><strong>iufra</strong></span> <span class='ocrx_word' id='word_1_480' title='bbox 954 2926 1085 2954; x_wconf 83' lang='lat' dir='ltr'><strong>nostras</strong></span> <span class='ocrx_word' id='word_1_481' title='bbox 1107 2921 1287 2954; x_wconf 84' lang='lat' dir='ltr'><strong>Civitatem</strong></span> <span class='ocrx_word' id='word_1_482' title='bbox 1304 2924 1340 2952; x_wconf 89' lang='lat' dir='ltr'><strong>et</strong></span> <span class='ocrx_word' id='word_1_483' title='bbox 1363 2921 1528 2953; x_wconf 89' lang='lat' dir='ltr'><strong>Diocesim</strong></span> <span class='ocrx_word' id='word_1_484' title='bbox 1553 2920 1681 2953; x_wconf 76' lang='lat' dir='ltr'><strong>Exonie</strong></span> <span class='ocrx_word' id='word_1_485' title='bbox 1703 2922 1804 2954; x_wconf 87' lang='lat' dir='ltr'><strong>exist·</strong></span> 
     </span>
     <span class='ocr_line' id='line_1_59' title="bbox 424 2964 1804 3009; baseline -0.001 -10"><span class='ocrx_word' id='word_1_486' title='bbox 424 2967 570 3007; x_wconf 89' lang='lat' dir='ltr'><strong>encium,</strong></span> <span class='ocrx_word' id='word_1_487' title='bbox 602 2967 645 2999; x_wconf 88' lang='lat' dir='ltr'><strong>de</strong></span> <span class='ocrx_word' id='word_1_488' title='bbox 674 2967 799 3009; x_wconf 85' lang='lat' dir='ltr'><strong>quibus</strong></span> <span class='ocrx_word' id='word_1_489' title='bbox 828 2966 970 2999; x_wconf 78' lang='lat' dir='ltr'><strong>inferius</strong></span> <span class='ocrx_word' id='word_1_490' title='bbox 1000 2964 1133 3007; x_wconf 87' lang='lat' dir='ltr'><strong>plenius</strong></span> <span class='ocrx_word' id='word_1_491' title='bbox 1162 2964 1373 3006; x_wconf 86' lang='lat' dir='ltr'><strong>exprimitur,</strong></span> <span class='ocrx_word' id='word_1_492' title='bbox 1403 2967 1574 3008; x_wconf 82' lang='lat' dir='ltr'><strong>presentes</strong></span> <span class='ocrx_word' id='word_1_493' title='bbox 1603 2967 1640 2997; x_wconf 71' lang='lat' dir='ltr'><strong>et</strong></span> <span class='ocrx_word' id='word_1_494' title='bbox 1667 2965 1804 2998; x_wconf 72' lang='lat' dir='ltr'><strong>futuros</strong></span> 
     </span>
    </p>
   </div>
   <div class='ocr_carea' id='block_1_6' title="bbox 1955 2204 1988 3256">
    <p class='ocr_par' dir='ltr' id='par_1_24' title="bbox 1955 2204 1988 3256">
     <span class='ocr_line' id='line_1_60' title="bbox 1955 2204 1988 3256; baseline 0 0"><span class='ocrx_word' id='word_1_495' title='bbox 1955 2204 1988 3256; x_wconf 95' lang='lat' dir='ltr'><strong> </strong></span> 
     </span>
    </p>
   </div>
  </div>
 </body>
</html>
